1835 3126
358 175 554 220 BREVIS
585 173 979 228 ELOQUENTIAE
1012 177 1148 223 ROM.
1176 178 1319 222 HIST.
1452 181 1533 226 45

150 290 261 330 unius
297 295 424 330 tamen
463 289 627 330 actionis
659 295 794 330 contra
822 290 950 342 legem
982 291 1026 333 G.
1057 293 1222 333 Gracchi
1246 292 1537 334 frumentariam

148 358 337 397 memoria
372 356 512 397 relicta
550 361 607 396 est
630 355 712 408 (⁷²¹).
779 357 930 398 Deinde
968 360 1006 397 G.
1048 363 1216 398 Fannius
1247 362 1286 398 G.
1315 365 1357 400 F.
1385 362 1537 410 Strabo,

149 423 192 464 C.
230 424 394 463 Gracchi
433 423 525 463 olim
567 424 731 471 amicus,
767 436 851 464 cum
887 437 962 478 ope
999 426 1080 466 eius
1118 426 1268 467 deiecto
1306 428 1351 467 L.
1383 427 1536 480 Opimio

149 490 390 530 consulatum
427 490 634 530 invasisset
665 490 718 539 (a.
750 492 870 543 632),
911 505 935 532 a
971 493 1219 545 popularium
1256 494 1432 546 partibus
1470 494 1536 534 de-

147 557 252 597 fecit.
291 558 335 597 In
368 557 439 597 illo
471 558 703 608 magistratu
734 559 948 598 orationem
977 560 1113 599 habuit
1135 561 1178 598 dc
1199 564 1311 599 sociis
1337 567 1370 599 ct
1390 563 1538 599 nomine

147 626 307 670 Latino,
339 636 453 676 quam
484 637 577 664 sane
599 625 740 665 bonam
769 631 806 665 et
830 626 998 666 nobilem
1022 627 1226 679 appellans
1250 627 1387 667 Cicero
1411 627 1537 680 pluri-

146 690 217 729 bus
247 692 484 741 argumentis
521 704 588 732 eos
618 692 783 740 refutat,
819 693 885 744 qui
919 705 942 732 a
969 693 1011 733 C.
1036 694 1173 733 Persio
1203 694 1359 734 literato
1384 695 1538 734 homine

148 758 331 810 scriptam
362 764 427 798 aut
453 770 476 797 a
505 759 701 798 nobilibus
734 758 826 809 quid
856 759 1020 809 quisque
1052 760 1244 810 potuisset
1269 761 1308 798 in
1339 771 1424 798 eam
1454 761 1536 800 col-

145 824 267 863 latum
296 825 567 863 existimabant
587 821 669 872 (⁷³).
729 823 808 862 Sed
838 824 897 862 his
926 824 1046 874 longe
1076 824 1268 872 nobilior,
1300 826 1372 864 etsi
1403 831 1538 865 orator

145 889 314 929 fortasse
347 889 452 929 haud
484 889 629 937 maior,
664 892 723 926 M.
756 890 940 927 Aemilius
972 892 1140 928 Scaurus
1163 896 1232 930 est.
1290 891 1327 930 Is
1358 892 1537 944 aequalis

146 954 188 996 G.
209 955 374 996 Gracchi
402 955 595 1007 putandus
628 960 685 994 est
714 967 785 995 nec
818 961 922 996 certe
954 962 1043 996 ante
1073 969 1108 997 a.
1131 958 1213 998 595
1239 964 1351 998 natus
1372 959 1537 1009 videtur,

145 1022 211 1075 qui
230 1028 478 1074 quaesturam
499 1024 667 1074 gesserit
687 1036 722 1062 a.
740 1024 833 1063 627.
872 1024 1072 1064 Maiorum
1089 1024 1187 1063 euim
1205 1025 1332 1077 culpa,
1353 1031 1393 1065 ut
1409 1027 1537 1066 multis

142 1090 309 1142 patricio
333 1101 477 1141 genere
507 1091 607 1130 natis
629 1090 789 1139 accidit,
820 1090 876 1129 ita
901 1090 1078 1131 iacuerat
1102 1092 1183 1131 eius
1206 1093 1332 1142 gentis
1353 1094 1476 1134 honos
1502 1099 1539 1134 et

142 1156 350 1205 nobilitas,
379 1163 419 1196 ut
446 1169 572 1210 neque
601 1163 714 1210 pater
745 1169 870 1209 neque
901 1170 995 1198 avus
1020 1158 1070 1197 ad
1093 1158 1305 1209 gerendum
1328 1162 1538 1212 magistra-

144 1228 222 1263 tum
248 1224 477 1264 accederent
507 1230 543 1264 et
566 1224 635 1264 ille
660 1225 896 1264 carbonaria
918 1230 1139 1265 mercatura
1160 1231 1312 1277 partam
1335 1227 1539 1279 pecuniam

144 1302 238 1330 sane
267 1292 452 1342 exiguam
480 1291 561 1331 filio
586 1291 826 1344 relinqueret
841 1289 923 1344 (74).
974 1292 1011 1332 Is
1043 1304 1128 1332 cum
1155 1293 1321 1345 primum
1351 1299 1538 1345 argenta-

144 1358 243 1397 riam
277 1359 454 1408 fecisset,
489 1371 579 1399 mox
615 1359 755 1399 ardens
790 1359 949 1409 ingenio
979 1364 1016 1399 et
1043 1360 1196 1401 virtutis
1226 1361 1358 1412 specie
1390 1372 1538 1400 morum

144 1425 240 1464 vitia
267 1431 402 1476 tegens
433 1438 502 1478 spe
532 1432 692 1478 repente
721 1431 908 1478 concepta
937 1425 987 1465 ad
1015 1439 1162 1465 summa
1188 1426 1360 1467 tetendit.
1406 1426 1537 1476 Quae-

145 1496 254 1530 stura
281 1493 380 1530 enim
409 1498 523 1543 gesta
551 1493 786 1532 aedilitatem
819 1505 853 1531 a.
879 1493 959 1532 631
992 1492 1154 1545 adeptus
1179 1498 1256 1541 est;
1282 1494 1322 1532 in
1347 1505 1425 1545 qua
1454 1504 1538 1532 cum

146 1559 333 1598 tenuitate
357 1559 414 1598 rei
443 1572 467 1598 a
484 1565 636 1611 sumptu
659 1558 839 1599 ludorum
861 1559 1042 1599 faciendo
1067 1560 1361 1611 prohiberetur,
1393 1560 1538 1599 acriter

145 1625 281 1664 habita
316 1626 424 1665 urbis
467 1638 561 1665 cura
599 1631 636 1665 et
665 1626 820 1665 assidue
850 1625 1012 1668 dicendo
1047 1626 1134 1665 iure
1164 1637 1242 1665 non
1271 1627 1394 1665 minus
1428 1627 1468 1665 in
1496 1638 1538 1666 se

145 1692 332 1744 populum
383 1692 567 1740 advertit,
620 1705 734 1744 quam
785 1692 1073 1742 magnificentia
1114 1692 1294 1731 ludorum
1335 1692 1538 1744 potuisset.

144 1759 310 1799 Praetor
338 1759 459 1809 igitur
482 1771 518 1798 a.
543 1760 645 1807 634,
684 1758 820 1798 consul
850 1771 887 1798 a.
911 1760 994 1799 639
1014 1759 1109 1807 fuit,
1146 1771 1216 1799 suo
1242 1770 1342 1799 anno
1368 1758 1538 1798 deiectus

145 1838 170 1864 a
208 1825 254 1874 Q.
288 1826 464 1865 Maximo
512 1830 548 1864 et
585 1824 627 1866 C.
664 1826 817 1865 Licinio
835 1822 919 1876 (75).
986 1826 1067 1866 Iam
1103 1831 1182 1865 tum
1222 1827 1418 1877 ingentem
1454 1827 1538 1865 eius

144 1892 288 1931 famam
304 1892 435 1931 :fuisse
459 1898 618 1932 necesse
641 1898 717 1940 est,
743 1904 827 1932 cum
850 1893 889 1932 in
912 1893 998 1945 ipso
1017 1893 1238 1941 consulatu,
1263 1892 1366 1945 quod
1380 1899 1539 1945 praeter

144 1960 244 1999 hunc
268 1959 410 1998 nemini
433 1960 616 2010 contigit,
649 1965 804 1999 senatus
825 1961 1007 2012 princeps
1037 1960 1162 1999 lectus
1188 1960 1237 1999 sit
1258 1972 1282 1999 a
1311 1960 1537 2000 censoribus

143 2027 190 2067 L.
227 2026 393 2066 Metello
435 2032 471 2066 et
510 2027 578 2067 Cn.
617 2027 787 2067 Domitio
812 2024 896 2078 (⁷⁶).
954 2027 1016 2068 Ex
1055 2026 1259 2066 consulatu
1297 2027 1539 2079 provinciam

146 2093 314 2134 Galliam
352 2095 452 2133 rexit
478 2092 559 2146 (⁷⁷).
619 2095 831 2135 Censuram
869 2106 953 2134 cum
990 2095 1048 2134 M.
1087 2094 1201 2134 Livio
1237 2093 1368 2133 Druso
1404 2094 1538 2133 utilem

145 2160 336 2199 struendis
363 2162 546 2212 operibus
570 2161 737 2213 publicis
759 2162 883 2211 gessit
907 2173 942 2200 a.
963 2160 1067 2207 6453
1105 2160 1173 2199 sed
1200 2164 1351 2198 mortuo
1377 2159 1537 2210 collega

144 2227 218 2278 Ap.
248 2226 366 2267 Caeci
396 2228 611 2280 exemplum
639 2228 809 2266 imitatus
839 2232 972 2279 spreta
1000 2226 1091 2277 lege
1111 2225 1280 2267 Aemilia
1305 2226 1537 2278 magistratu

237 2426 297 2470 72)
323 2426 398 2460 Cic.
420 2425 524 2459 Tusc.
546 2424 604 2461 111.
622 2425 679 2469 20,
698 2425 749 2459 48.
868 2425 926 2468 73)
951 2424 1023 2460 Cic.
1042 2424 1145 2460 Brut.
1165 2423 1223 2466 26,
1243 2423 1297 2460 99.
1332 2423 1535 2459 Particulas

146 2484 221 2517 eius
247 2482 420 2517 orationis
445 2494 478 2517 v.
502 2483 597 2528 apud
615 2483 689 2518 Cic.
715 2483 760 2516 de
780 2480 844 2518 Or.
869 2481 930 2516 Ill.
952 2482 1007 2523 47,
1035 2481 1109 2518 183.
1144 2481 1260 2517 Prisc.
1278 2480 1375 2517 V111.
1398 2481 1430 2515 4.
1461 2486 1486 2517 t.
1507 2480 1534 2514 1.

146 2550 180 2585 p.
206 2537 274 2573 368
293 2538 339 2573 Κ.
376 2538 514 2574 Charis.
543 2551 578 2584 p.
602 2539 676 2574 116.
715 2538 780 2573 lul.
801 2539 894 2573 vict.
924 2550 958 2584 p.
981 2538 1034 2574 51.
1153 2539 1211 2582 74)
1238 2538 1367 2572 Ascon.
1394 2537 1440 2571 ad
1459 2537 1533 2572 Cic.

146 2607 179 2640 p.
200 2595 340 2629 Scauro
361 2607 395 2640 p.
412 2595 490 2630 246.
517 2595 686 2630 Schuetz.
710 2595 807 2631 Plut.
830 2595 875 2629 de
896 2595 977 2630 fort.
1000 2606 1085 2640 pop.
1104 2595 1148 2630 R.
1175 2607 1207 2641 p.
1221 2595 1299 2629 318.
1329 2593 1408 2627 Val.
1428 2592 1532 2628 Max.

145 2650 206 2687 lV.
227 2652 259 2694 4,
282 2651 334 2688 11.
454 2652 512 2697 75)
539 2652 612 2687 Cic.
631 2652 729 2687 Mur.
749 2652 802 2696 17,
823 2651 878 2686 36.
996 2652 1055 2696 76)
1081 2651 1206 2689 Aurel.
1230 2650 1324 2686 Vict.
1350 2649 1404 2686 72.
1439 2649 1534 2684 Plin.

144 2707 191 2744 H.
207 2707 254 2744 N.
279 2707 321 2744 11.
340 2708 392 2743 55.
512 2709 571 2754 77)
597 2709 793 2746 Frontinus
818 2708 879 2746 lv,
906 2708 949 2753 3,
977 2707 1030 2744 13.
