1835 3126
298 212 426 257 422
729 208 1260 253 EXPLICATIONES

411 322 504 361 287.
566 321 829 371 Tlazcydtdem]
853 322 892 361 in
915 320 1075 361 eandem
1097 324 1323 363 sententiam
1345 322 1535 363 relabitur
1552 321 1690 362 Cicero

305 391 372 429 Or.
395 390 439 435 9,
466 389 532 427 30.
563 392 600 427 et
620 400 755 427 rursus
786 388 833 428 de
857 394 935 441 opt.
960 400 998 439 g.
1026 400 1083 428 or.
1108 387 1154 436 Ξ),
1182 388 1245 428 15.
1304 390 1405 439 Quid
1433 391 1473 429 in
1503 389 1692 429 orationi-

303 456 375 494 bus
397 454 613 494 inserendis
644 455 753 507 operi
779 467 848 496 suo
880 456 1113 508 spectaverit
1142 455 1227 507 ipse
1249 454 1492 506 Thucydides
1516 461 1694 495 testatum

305 522 465 574 reliquit
493 521 522 560 Ι.
555 524 620 560 22.

427 588 627 638 Opimium]
665 593 759 628 nota
788 588 994 640 Opimiana
1031 587 1080 627 ad
1108 587 1228 628 Plinii
1262 598 1386 640 usque
1414 591 1590 640 tempora
1626 589 1696 628 du—

307 655 427 694 ravit:
458 668 492 695 v.
515 655 562 694 H.
584 654 631 694 N.
656 654 757 694 XIV.
782 657 841 704 4„
873 668 957 695 cum
979 656 1152 707 Opimius
1184 654 1319 694 consul
1349 659 1498 693 centum
1529 659 1565 693 et
1591 660 1698 695 octo-

307 722 419 772 ginta
441 721 551 761 annis
577 726 665 761 ante
684 722 841 770 fuisset3
873 722 941 762 sed
957 723 1192 769 Anicianae,
1225 711 1308 761 cuni
1326 721 1453 761 Anicii
1476 720 1699 760 consulatus

309 788 574 840 quadraginta
603 790 713 828 annis
740 790 851 842 prior
880 790 1035 838 fuisset,
1067 789 1254 828 memoria
1282 789 1496 828 interierat.
1554 787 1613 827 De
1641 788 1700 828 vi-

309 867 446 894 norum
478 856 671 895 aetatibus
707 861 742 896 et
772 856 931 896 bibendi
968 857 1190 895 maturitate
1220 855 1379 894 consule
1407 854 1626 894 Dissenium
1662 855 1702 893 in

311 922 459 962 Tibull.
488 935 526 974 p.
554 923 649 963 215.
682 928 718 963 et
747 923 819 963 Th.
852 923 1086 964 Schmidium
1116 923 1156 962 in
1184 922 1279 962 Hor.
1308 922 1408 974 Epp.
1438 922 1468 961 I.
1498 922 1543 969 5,
1570 922 1610 961 4.

425 990 468 1026 de
497 990 581 1027 lacn
609 990 796 1036 fervidam
825 990 1045 1039 orationem]
1087 990 1161 1030 hoc
1202 1001 1226 1028 a
1261 989 1349 1029 vino
1388 999 1524 1028 recens
1564 986 1703 1027 diffuso

313 1061 502 1107 sumptum
527 1057 857 1108 praepositionem
883 1056 1023 1095 dictam
1044 1057 1162 1095 babet
1190 1061 1232 1095 ut
1260 1055 1301 1095 fit
1330 1057 1369 1095 in
1391 1068 1514 1093 recens
1539 1068 1563 1092 a
1586 1054 1650 1094 vel
1672 1068 1702 1100 e,

313 1122 421 1160 cuius
444 1123 551 1161 vocis
574 1123 811 1172 significatus
843 1123 883 1162 in
906 1124 1051 1170 fervido
1080 1123 1191 1162 inest.
1234 1122 1294 1161 Ad
1319 1122 1545 1162 sententiam
1570 1121 1705 1160 confer

314 1187 546 1236 Quintiliani
575 1188 675 1226 illud
708 1189 757 1227 II.
786 1191 832 1235 4,
863 1190 907 1228 S:
946 1202 1021 1237 qua
1057 1201 1097 1225 re
1128 1189 1219 1225 matht
1247 1202 1292 1225 ac
1327 1191 1527 1225 maturitas
1559 1188 1704 1237 quidem

313 1256 400 1302 ipsa
433 1254 582 1300 festinet
622 1266 687 1290 nec
719 1260 844 1291 vulsta
882 1252 1039 1291 in'lacu
1075 1256 1204 1290 statim
1235 1259 1387 1290 austera
1415 1257 1502 1290 sint.
1558 1254 1706 1293 Eadem

316 1319 364 1358 de
390 1320 478 1359 vino
503 1319 651 1359 recenti
672 1319 931 1359 translatione
953 1331 1046 1358 usus
1072 1319 1153 1359 Cic.
1177 1318 1216 1357 in
1239 1319 1306 1357 Or.
1332 1320 1404 1367 30,
1430 1320 1528 1358 107:
1559 1324 1707 1368 quantis

316 1387 385 1424 illa
409 1386 634 1424 clamoribus
663 1386 926 1423 adolescentuli
950 1386 1115 1423 diximus
1140 1385 1183 1422 de
1203 1385 1385 1434 supplicio
1406 1384 1709 1434 parricidarum?

318 1465 414 1502 qaae
442 1465 679 1502 nequaquam
707 1455 803 1490 satis
833 1452 1057 1500 deferbuisse
1086 1457 1170 1501 post
1203 1452 1396 1500 aliquanto
1424 1452 1584 1489 vidimus
1616 1452 1642 1490 i.
1674 1464 1707 1492 e.

318 1518 438 1557 multo
464 1524 553 1570 post
576 1518 724 1558 demum
739 1519 903 1559 vidimus
927 1518 1093 1558 nondum
1110 1530 1218 1557 suam
1232 1518 1416 1556 babuisse
1437 1518 1707 1557 maturitatem.

433 1584 644 1624 LXXXIV.
704 1586 798 1626 289.
857 1586 907 1623 ad
942 1591 1104 1623 stantem
1141 1585 1297 1626 iudicem
1327 1584 1466 1633 dicant]
1507 1595 1591 1623 cum
1621 1596 1709 1624 cor·

319 1656 473 1703 ruptum
502 1652 628 1691 locum
658 1657 834 1704 putarem
864 1664 948 1692 cum
972 1652 1078 1700 aliis,
1109 1651 1292 1703 placebat
1322 1651 1372 1689 ad
1396 1664 1511 1688 annm
1539 1651 1707 1697 iudicem,

322 1718 425 1770 quod
463 1718 509 1758 de
540 1719 668 1758 causis
703 1719 890 1768 minimis,
932 1731 1030 1771 quas
1070 1718 1205 1758 deceat
1240 1717 1391 1757 dicendi
1426 1728 1548 1768 genus
1583 1722 1710 1767 tenue,

321 1784 464 1823 dictum
496 1785 668 1825 viderem
704 1787 770 1826 Or.
802 1788 873 1835 21,
902 1788 969 1825 72.
1027 1785 1137 1825 Nunc
1174 1785 1214 1823 in
1246 1783 1458 1825 Gebhardti
1486 1785 1712 1824 sententiam

322 1850 479 1889 discedo
524 1857 686 1888 stantem
726 1852 884 1889 iudicem
929 1852 1005 1890 dici
1054 1852 1223 1904 putantis
1268 1863 1452 1891 coronam
1495 1851 1714 1890 auditorum

323 1917 607 1956 circumfusam.
667 1917 746 1957 Sed
771 1922 877 1956 errat
898 1918 1105 1968 Meyerus,
1136 1929 1219 1956 cum
1249 1918 1296 1956 de
1322 1917 1564 1957 orationihus
1594 1929 1714 1967 gene-

321 1984 378 2022 ris
418 1983 665 2022 deliberativi
702 1985 776 2022 hoc
815 1983 954 2023 tiletum
985 1995 1070 2022 esse
1099 1984 1197 2031 vult,
1243 1984 1387 2035 quippe
1425 1996 1497 2021 sua
1532 1984 1714 2034 opinione

325 2049 507 2101 deceptus
538 2049 831 2089 deliberativum
867 2061 990 2100 genus
1028 2050 1178 2088 tenuius
1211 2061 1314 2097 esse,
1348 2049 1532 2088 iudICiale
1562 2051 1714 2100 magni-

324 2115 518 2155 ficentius:
549 2127 663 2167 quam
691 2115 838 2155 refellit
866 2128 963 2155 unus
988 2115 1097 2155 locus
1128 2115 1176 2154 de
1200 2116 1268 2155 Or.
1293 2115 1339 2154 II.
1366 2117 1440 2162 82,
1466 2117 1559 2154 337.
1620 2116 1715 2156 Gol-

323 2183 511 2233 ligandae
533 2187 620 2221 sunt
643 2183 855 2222 sententiae
877 2183 939 2220 sed
954 2204 1008 2209 -—
1025 2183 1151 2220 «licant
1173 2187 1209 2221 et
1230 2182 1406 2219 subsellia
1423 2204 1473 2210 —-
1492 2182 1714 2229 desiderant,

326 2261 403 2288 non
442 2249 687 2289 distinctione
726 2250 896 2288 maxima
933 2248 1202 2301 separandae:
1242 2248 1369 2288 firmat
1407 2249 1506 2288 enim
1544 2249 1716 2301 priorem

324 2317 534 2369 posterior.
592 2316 676 2356 Hoc
699 2316 791 2356 dicit
815 2316 975 2357 Cicero:
1005 2316 1085 2354 illis
1117 2327 1191 2366 ego
1220 2315 1376 2355 laudem
1397 2316 1523 2355 Attice
1553 2315 1718 2365 dicendi,

328 2384 511 2434 quoniam
541 2384 616 2422 sibi
644 2384 684 2422 in
715 2395 763 2423 ea
790 2383 966 2436 placent,
1003 2383 1170 2422 libenter
1199 2383 1399 2434 relinquo:
1437 2382 1504 2422 sed
1532 2382 1647 2423 velim
1675 2384 1717 2422 in

328 2450 523 2489 comitium
543 2451 710 2499 veniant,
732 2450 872 2490 multos
895 2450 1112 2497 auditores,
1132 2450 1327 2501 ingentem
1350 2461 1534 2489 coronam
1553 2449 1718 2489 circum-

327 2515 455 2556 fusam
483 2517 672 2566 habeant3
701 2523 780 2557 tum
805 2529 939 2558 eorum
967 2515 1133 2556 infantia
1162 2517 1439 2570 perspicietur:
1467 2515 1718 2567 grandiorem

329 2584 429 2623 enim
463 2596 598 2624 vocem
633 2584 780 2624 iudicia
816 2584 1057 2633 desiderant,
1097 2584 1235 2635 quibus
1270 2584 1332 2623 illi
1371 2583 1600 2623 satisfacere
1640 2594 1717 2623 non

329 2651 491 2702 possint.
549 2651 592 2691 In
620 2652 706 2704 ipso
738 2652 837 2692 enim
871 2651 1025 2692 comitio
1056 2651 1270 2690 tribunalia
1305 2651 1472 2690 iudicum
1511 2650 1717 2690 constituta

332 2723 461 2766 erant;
493 2730 577 2758 cum
606 2718 787 2759 dicebant
815 2724 1014 2768 oratoreS,
1044 2717 1246 2759 multitudo
1276 2718 1403 2758 forum
1433 2717 1661 2769 complebat.
