1892 3116
340 219 412 249 xv1
840 202 1220 247 PRAEFATIO.

338 318 458 360 libris
488 317 681 371 scriptum
712 327 851 357 errore
881 315 1144 371 pervulgato,
1184 322 1224 358 et
1254 322 1395 363 verto,
1426 327 1598 363 vorsus,
1640 318 1722 358 nisi

339 409 429 437 cum
460 396 501 436 in
529 399 741 449 poetarum
766 394 1039 448 antiquiorum
1062 393 1250 449 reliquiis
1276 400 1454 443 exstant,
1484 399 1526 435 ut
1551 394 1617 444 19,
1642 394 1722 443 76„

337 472 552 529 probanda
594 478 760 528 propter
800 472 969 513 nimiam
1007 473 1222 514 vetustatis
1268 473 1449 528 speciem
1498 485 1581 514 non
1625 479 1720 528 puto

335 551 604 607 pauculisque
636 563 688 592 ea
717 549 824 592 locis
854 551 896 590 in
924 549 1044 591 libris
1076 551 1274 600 emicant,
1310 550 1421 592 velut
1448 548 1521 600 40,
1554 550 1648 592 150.
1680 551 1721 591 in

334 627 410 683 Lg.
436 628 474 670 S.
507 635 546 671 et
574 628 663 678 53„
694 626 768 677 46,
800 627 893 670 172.
925 630 967 669 in
989 626 1280 670 Ottoboniano.

447 706 628 749 Rariora
666 708 708 749 in
746 706 865 748 libris
906 712 998 748 sunt
1044 719 1121 748 nec
1161 704 1394 761 spernenda
1427 711 1585 754 tamen,
1631 717 1720 746 cum

333 785 467 828 bonos
499 793 690 829 auctores
714 785 886 835 habent,
918 787 1081 832 reicere,
1109 785 1279 831 abicere,
1308 789 1350 824 ut
1372 781 1412 832 8,
1431 781 1498 823 31.
1529 782 1597 833 51,
1618 782 1718 824 192:

331 864 425 905 vide
459 863 612 906 Comm.
648 863 713 906 Cr.
745 866 786 906 in
821 864 870 905 de
903 861 972 905 Or.
1000 865 1029 905 Ι.
1059 861 1134 912 42,
1166 861 1282 911 180,
1320 862 1491 908 seclum,
1523 862 1718 909 vinclum,

333 949 374 984 ut
404 943 477 991 19,
508 942 584 984 75:
628 953 662 983 v.
694 942 721 984 l.
749 955 784 984 c.
814 941 843 983 I.
871 943 946 992 43,
973 939 1090 991 194.;
1134 941 1318 992 reppuli,
1347 941 1532 991 repperi,
1563 941 1717 986 rettuli,

332 1028 544 1074 quattuor,
576 1020 687 1062 velut
708 1020 784 1069 23,
808 1019 875 1061 89.
904 1019 971 1068 37,
996 1018 1089 1059 136.
1121 1016 1194 1066 58,
1217 1016 1313 1057 212.
1345 1014 1418 1066 64,
1441 1015 1544 1057 229;
1573 1029 1612 1059 v.
1633 1015 1660 1057 l.
1683 1030 1718 1058 c.

329 1097 378 1138 ΙΙ.
408 1097 485 1148 24,
516 1098 609 1139 100.
670 1096 757 1139 Sed
794 1110 845 1139 ne
890 1098 932 1138 in
967 1095 1032 1138 his
1070 1094 1234 1151 quidem
1279 1094 1531 1137 consuetudo
1573 1095 1719 1137 eadem

329 1183 392 1219 est
423 1183 462 1219 et
490 1176 770 1218 immutabilis.

444 1255 526 1303 Set,
559 1256 667 1303 illut,
701 1261 805 1308 aput
832 1253 1016 1296 scribere
1045 1254 1221 1309 ineptum
1252 1252 1402 1294 iudico.
1464 1250 1566 1293 Cum
1590 1251 1719 1303 Quin-

328 1335 497 1377 tilianus
529 1333 627 1376 dicit
659 1335 686 1375 d
718 1340 753 1382 t,
791 1334 813 1374 b
838 1346 869 1386 p
908 1334 952 1374 in
981 1331 1059 1374 fine
1089 1330 1386 1374 vocabulorum
1415 1331 1716 1387 pronuntiando

327 1427 410 1455 non
450 1413 638 1466 dignosci
682 1414 819 1467 itaque
859 1411 936 1453 illa
973 1411 1207 1465 promiscue
1247 1408 1396 1459 scribi,
1448 1422 1596 1452 cavere
1639 1422 1717 1452 nos

326 1491 449 1547 plane
488 1489 617 1539 iubet,
657 1503 708 1531 ne
749 1502 774 1531 a
803 1495 970 1545 recepta
1000 1490 1203 1544 scriptura
1238 1487 1533 1529 desciscamus.
1591 1487 1719 1530 Addit

327 1571 451 1612 etiam
487 1570 541 1611 ad
571 1574 610 1610 et
639 1575 683 1610 ac
721 1580 747 1609 a
784 1566 993 1624 plerisque
1031 1579 1115 1609 non
1152 1566 1287 1620 magis
1329 1566 1551 1621 scriptione
1594 1580 1717 1622 quam

326 1648 656 1703 pronuntiatione
688 1645 907 1699 distingui3
946 1658 1052 1700 quae
1084 1651 1223 1686 tamen
1257 1650 1399 1686 nostro
1429 1650 1610 1700 tempore
1640 1658 1717 1687 no-

325 1731 510 1768 vatorem
541 1730 710 1780 experta
747 1737 829 1766 non
860 1729 963 1765 sunt.
1022 1721 1165 1778 Neque
1194 1722 1316 1764 video
1348 1722 1509 1778 quidni,
1552 1724 1590 1765 si
1622 1726 1717 1769 illut

326 1803 568 1859 probemus,
600 1803 723 1844 etiam
755 1804 844 1856 quit
870 1801 1109 1844 sumendum
1142 1802 1194 1843 sit
1224 1808 1264 1843 et
1295 1802 1327 1842 it
1354 1814 1428 1856 pro
1459 1804 1559 1856 quid
1589 1809 1627 1845 et
1657 1806 1713 1853 id,

327 1894 416 1924 cum
448 1881 524 1923 illa
561 1882 726 1924 minime
762 1880 1089 1936 infrequentiora
1127 1880 1171 1921 in
1199 1878 1320 1921 libris
1358 1880 1460 1931 sint,
1502 1894 1624 1936 quam
1657 1891 1717 1927 set

326 1966 365 2002 et
395 1967 510 2013 aput.

437 2037 552 2080 Ilaec
590 2037 687 2079 mihi
725 2037 821 2079 huic
857 2049 976 2079 meae
1007 2050 1158 2093 operae
1196 2037 1428 2094 praefanda
1455 2038 1713 2081 videbantur.

326 2116 544 2172 Superest,
574 2122 615 2157 ut
644 2117 798 2171 peritos
823 2115 967 2158 harum
988 2115 1201 2158 literarum
1231 2117 1533 2159 existimatores
1557 2130 1713 2171 rogem,

324 2201 365 2236 ut
394 2193 501 2236 hunc
531 2207 692 2249 quoque
731 2194 955 2236 studiorum
986 2207 1168 2236 meorum
1196 2194 1370 2235 fructum
1400 2196 1636 2249 cognitione
1675 2202 1715 2237 et

327 2273 478 2315 iudicio
509 2271 713 2314 benevolo
747 2271 959 2326 indignum
990 2284 1042 2313 ne
1074 2271 1266 2314 iudicent.

439 2372 683 2415 Scribebam
717 2371 898 2416 Islebiae
934 2374 977 2415 in
1015 2374 1235 2427 gymnasio
1276 2375 1393 2428 regio
1426 2372 1516 2416 Cal.
1546 2372 1712 2415 Martiis

327 2464 364 2493 a.
394 2450 731 2493 MDCCCXLIV.
