1835 3126
371 154 569 198 BREVIS
598 152 992 206 ELOQUENTIAE
1021 153 1155 197 ROM.
1187 154 1329 198 HIST.
1463 159 1546 203 93

158 275 214 310 est
243 267 457 308 mirandum
477 267 562 320 (⁶⁴¹).
609 267 689 309 Sed
717 269 814 307 haec
839 268 1074 310 consuetudo
1106 275 1264 309 catenus
1293 269 1469 319 valebat,
1498 282 1547 310 ne

155 336 247 388 quid
277 337 316 375 in
340 347 517 376 sermone
541 348 618 376 non
641 336 856 376 Romanum
886 337 1047 384 inesset3
1078 337 1145 376 sed
1170 349 1271 377 nova
1297 342 1334 376 et
1356 337 1545 387 obsoleta,

153 404 300 442 rustica
331 408 367 442 et
395 404 565 451 urbana,
608 403 807 454 elegantia
846 408 882 443 et
919 403 1074 455 plebeio
1108 416 1284 444 sermone
1316 405 1409 443 trita
1437 404 1545 444 nullo

154 469 374 509 discrimine
417 470 671 510 habebantur.
740 471 877 510 Talem
922 472 1037 510 etiam
1080 471 1137 511 M.
1175 472 1333 511 Antonii
1376 472 1545 510 oratoris

153 536 284 576 indole
325 549 489 586 summa,
529 538 596 577 sed
636 538 743 578 nullo
784 539 924 577 artium
963 538 1088 577 studio
1127 538 1295 590 praediti
1332 550 1546 577 sermonem

152 604 274 643 fuisse
300 610 472 656 oportet,
505 617 616 656 quem
641 605 796 653 Cicero,
830 606 902 644 etsi
931 618 1007 644 non
1032 606 1142 644 nimis
1173 606 1372 658 inquinate
1393 605 1545 644 locutus

154 671 220 719 sit,
252 676 379 710 tamen
404 672 611 722 diligenter
633 671 818 724 loquendi
847 672 963 711 laude
991 673 1164 711 caruisse
1193 673 1308 712 dicat.
1350 671 1431 711 Iam
1451 684 1544 712 vero

155 750 269 777 aures
296 739 532 779 Graecorum
554 739 677 777 literis
707 744 743 777 et
767 738 964 777 auditione
994 739 1122 777 cultae
1142 740 1339 778 honestius
1363 739 1545 790 quiddam

153 811 190 844 et
229 806 456 856 exquisitius
502 803 788 842 desiderabant.
847 804 984 855 Itaque
1027 816 1127 843 nunc
1169 806 1332 856 primum
1370 805 1544 844 animad-

151 882 304 910 versum
334 875 391 909 est
432 870 638 909 discrimen
676 870 863 909 sermonis
903 869 1094 909 emendati
1132 876 1168 910 et
1197 871 1347 918 vitiosi,
1387 872 1477 922 puri
1509 876 1546 910 et

153 950 202 978 ex
230 938 342 978 varia
373 936 594 978 colluvione
632 938 760 986 mixti,
802 937 944 976 urbani
981 942 1018 976 et
1052 937 1200 978 rustici.
1258 938 1446 978 Obsoleta
1480 950 1544 978 re-

151 1005 316 1053 moveri,
359 1005 483 1044 minus
527 1006 691 1044 honesta
729 1004 957 1044 lectioribus
998 1004 1157 1052 mutari,
1203 1006 1415 1057 peregrina
1457 1005 1545 1045 tolli

152 1077 381 1124 coeperant,
420 1083 490 1111 nec
529 1072 606 1111 iam
642 1072 681 1111 in
713 1072 862 1111 honore
896 1077 981 1111 erat
1017 1072 1201 1124 quicquid
1239 1073 1401 1112 latinum
1432 1078 1544 1122 esset,

152 1139 220 1179 sed
251 1139 353 1191 quod
391 1139 440 1178 in*
463 1139 594 1178 latinis
634 1139 864 1190 optimorum
900 1151 973 1178 usu
1012 1145 1049 1179 et
1084 1140 1360 1179 consuetudine
1395 1141 1543 1192 proba-

150 1211 269 1246 retur.
315 1207 412 1246 Hinc
438 1207 554 1246 etiam
583 1218 727 1257 magna
755 1206 828 1245 illa
853 1207 1040 1245 sermonis
1062 1207 1204 1245 urbani
1234 1212 1270 1246 et
1291 1219 1366 1246 non
1391 1207 1544 1257 urbani,

150 1274 230 1314 sive
253 1274 502 1326 peregrinum
526 1274 606 1314 sive
628 1274 813 1313 rusticum
837 1274 918 1313 sive
939 1273 1116 1313 Italicum
1140 1273 1298 1321 dixeris,
1325 1273 1545 1314 differentia

149 1342 330 1381 manavit.
390 1341 450 1381 Ea
485 1353 562 1380 non
599 1346 678 1380 tam
716 1341 756 1380 in
784 1341 914 1382 verbis
946 1340 1175 1393 quibusdam
1215 1346 1251 1380 et
1280 1341 1543 1381 locutionibus

151 1409 401 1456 cernebatur,
443 1420 543 1459 quae
581 1413 691 1447 extra
727 1409 861 1447 urbem
891 1408 1139 1447 audirentur:
1183 1419 1230 1447 ea
1266 1409 1365 1447 enim
1403 1409 1544 1448 mutari

151 1474 374 1526 dediscique
405 1479 587 1526 poterant
606 1471 693 1523 (⁶⁵⁸3
725 1474 793 1513 sed
822 1475 862 1512 in
893 1486 962 1513 ore
990 1474 1165 1514 Romano
1196 1475 1323 1514 inerat
1353 1475 1543 1527 quaedam

151 1542 292 1581 cultior
323 1546 358 1580 et
387 1541 573 1593 loquendi
609 1546 645 1580 et
673 1541 950 1593 pronuntiandi
977 1541 1116 1581 forma.
1174 1542 1273 1582 Nam
1310 1554 1387 1582 non
1418 1543 1542 1583 solum

151 1609 238 1648 soni
263 1608 524 1648 efferebantur
556 1609 755 1656 subtilius,
793 1614 835 1647 ut
869 1620 940 1648 nec
976 1608 1111 1660 putida
1141 1609 1309 1656 quadam
1338 1609 1544 1660 diligentia

150 1687 220 1714 nec
257 1676 404 1715 rustica
443 1676 672 1716 dilatatione
711 1675 887 1727 corrupti
914 1674 1159 1723 viderentur3
1199 1680 1236 1714 et
1265 1680 1349 1714 erat
1387 1676 1542 1727 quidam

149 1743 357 1783 verborum
387 1743 578 1790 delectus,
620 1747 661 1781 ut
699 1754 748 1781 ex
776 1741 943 1792 receptis
978 1747 1016 1781 et
1046 1743 1307 1782 communibus
1339 1754 1386 1782 ea
1415 1755 1541 1783 sume-

149 1816 302 1857 rentur,
349 1821 449 1861 quae
487 1821 558 1849 nec
591 1807 777 1860 vulgaria
818 1813 944 1848 essent
988 1813 1025 1848 et
1060 1809 1258 1848 sententiis
1299 1810 1541 1850 enuntiandis

149 1875 549 1916 accommodatissima
576 1873 660 1928 (⁶⁶).
719 1876 770 1916 Et
805 1877 879 1915 hac
921 1875 1142 1915 urbanitate
1183 1876 1380 1916 Romanos
1426 1878 1541 1917 etiam

147 1944 270 1983 minus
287 1943 466 1984 literatos
491 1945 664 1996 quamvis
688 1942 920 1983 doctissimis
945 1943 1243 1995 provincialium
1266 1950 1302 1984 et
1316 1944 1541 1984 Italicorum

145 2012 389 2064 praestitisse
417 2023 494 2051 non
517 2012 754 2051 mirabimur.
801 2011 958 2051 Omnem
989 2012 1178 2050 sermonis
1200 2011 1313 2050 latini
1335 2011 1540 2052 dictionem

148 2077 198 2117 ad
239 2078 455 2130 exemplum
491 2079 729 2120 Graecorum
767 2078 913 2129 primus
952 2082 1036 2116 arte
1074 2079 1258 2118 tractavit
1295 2077 1338 2118 G.
1372 2078 1541 2126 Caesar3

147 2145 216 2184 sed
244 2145 364 2196 longe
394 2145 510 2197 plura
538 2146 579 2184 in
607 2146 681 2184 hoc
714 2155 860 2194 genere
892 2144 1079 2182 debentur
1102 2145 1160 2184 M.
1186 2144 1319 2183 Tullio
1343 2145 1538 2185 Ciceroni.

147 2210 184 2250 Is
225 2216 348 2250 artem
383 2212 676 2261 grammaticam
710 2210 823 2248 libris
863 2208 1016 2260 quidem
1052 2222 1129 2248 non
1166 2211 1366 2260 tractavit,
1404 2211 1471 2251 sed
1503 2217 1541 2252 et

146 2278 276 2319 verbis
308 2278 468 2317 Graecis
504 2277 625 2317 latine
660 2276 857 2317 conversis
896 2281 933 2315 et
962 2276 1235 2328 componendis
1264 2277 1539 2331 flectendisque

147 2358 172 2384 a
194 2350 326 2386 vetere
356 2345 477 2396 stirpe
505 2345 635 2393 novis,
668 2355 888 2396 quanquam
913 2354 1074 2391 summa,
1106 2355 1154 2383 ne
1182 2343 1412 2395 offenderet,
1444 2358 1539 2386 cura

145 2412 281 2452 habita
318 2423 532 2451 sermonem
570 2411 734 2451 latinum
770 2410 976 2461 insigniter
1014 2410 1149 2451 ditavit
1186 2416 1224 2450 et
1263 2413 1417 2466 scriptis
1457 2414 1538 2453 suis

149 2479 301 2531 copiam
345 2484 382 2518 et
424 2479 639 2519 ubertatem
680 2478 842 2530 linguae
886 2477 1052 2517 ostendit
1095 2483 1133 2518 et
1174 2480 1454 2533 compositione
1500 2484 1538 2520 et

243 2631 302 2676 64)
327 2632 399 2669 cic.
414 2631 520 2669 Brut.
536 2633 591 2676 74,
605 2633 683 2668 258.
786 2633 844 2676 65)
872 2633 946 2669 Cio.
960 2630 1066 2668 Brut.
1080 2631 1136 2676 46,
1148 2632 1225 2668 171.
1329 2631 1389 2677 66)
1411 2631 1534 2668 Latius

148 2688 325 2724 Cicerone
349 2689 399 2725 ita
423 2688 550 2726 definit
573 2689 817 2730 Quintilianus
841 2688 904 2727 Vl.
931 2688 971 2733 3,
998 2688 1048 2724 17.
