1835 3126
485 134 741 178 BRUTUS
781 134 899 177 (lAP.
931 136 996 178 SS.
1024 136 1090 178 89.
1353 139 1483 185 305

96 252 308 307 copiosus3
354 259 486 302 eaque
529 253 618 289 erat
662 258 752 287 cum
797 259 955 289 summo
994 249 1162 302 iugenio
1200 255 1280 290 tum
1320 251 1481 293 exerci-

94 325 313 370 tationibus
344 326 547 367 maxumis
579 331 836 367 consecutus.
887 323 989 367 Rem
1021 325 1368 382 complectebatur
1396 341 1483 370 me-

94 405 260 447 moriter
302 402 512 446 dividebat
559 410 676 445 acutc
721 416 798 445 nec
840 403 1188 459 praetermittebat
1231 403 1318 446 sere
1369 407 1483 460 quic-

95 494 237 537 quam,
278 482 386 537 quod
421 488 534 523 esset
565 483 607 523 in
639 494 768 524 causa
799 488 867 522 aut
897 480 950 522 ad
981 481 1300 524 confirmandum
1332 489 1400 524 aut
1431 483 1483 524 ad

90 559 374 601 refellendum.
424 559 514 602 Vox
539 573 695 602 canora
720 566 759 602 et
781 561 940 602 suavis:
971 567 1103 602 motus
1129 567 1169 602 et
1192 568 1335 615 gestus
1359 563 1483 602 etiam

90 637 182 693 plus
225 640 325 680 artis
355 637 556 688 habebat,
595 651 717 694 quam
749 645 838 680 erat
869 639 1024 680 oratori
1056 640 1172 680 satis.
1231 637 1320 680 Hoc
1358 640 1483 693 igitur

91 715 335 759 florescente
362 715 541 759 Crassus
567 723 629 759 est
658 723 839 759 mortuus
866 715 986 758 Cotta
1007 716 1149 772 pulsus
1176 716 1332 758 iudicia
1357 717 1483 759 inter-

90 795 222 836 missa
250 794 384 845 bello;
414 809 491 837 nos
522 796 564 836 in
596 794 727 836 sorum
758 797 958 836 venimus.

203 871 443 914 LXXXIX.
474 871 569 913 304.
602 870 700 912 Erat
727 870 971 912 Hortensius
1003 871 1044 911 in
1074 869 1186 911 bello
1215 871 1346 924 primo
1374 882 1482 912 anno

90 949 230 1000 miles,
270 949 401 991 altero
438 948 622 990 tribunus
661 947 851 998 militum3
888 945 1098 1003 Sulpicius
1126 946 1292 1001 legatus
1324 946 1482 997 aberat,

89 1028 212 1068 etiam
257 1026 490 1077 Antonius3
532 1024 804 1067 exercebatur
846 1038 929 1067 una
973 1024 1069 1080 lege
1114 1024 1310 1067 iudicium
1356 1023 1483 1067 Varia

89 1105 238 1147 ceteris
274 1111 439 1161 propter
478 1103 632 1146 bellum
667 1104 936 1146 intermissis:
977 1105 1042 1146 cui
1075 1103 1268 1158 frequens
1299 1102 1481 1153 aderam,

88 1195 321 1237 quanquam
351 1196 425 1237 pro
457 1196 502 1223 se
544 1183 625 1236 ipsi
656 1182 849 1225 dicebant
884 1188 1072 1225 oratores
1103 1195 1186 1223 non
1221 1180 1285 1222 illi
1318 1181 1483 1236 quidem

87 1261 294 1316 principes
317 1257 366 1300 L.
383 1258 603 1301 Memmius
630 1264 669 1300 et
695 1256 743 1308 Q.
759 1256 1000 1314 Pompeius,
1032 1257 1106 1300 sed
1132 1263 1322 1299 oratores
1343 1264 1481 1300 tamen

86 1345 191 1380 teste
231 1337 384 1380 diserto
421 1344 590 1392 uterque
622 1332 834 1392 Philippo,
875 1338 992 1379 cuius
1034 1337 1076 1378 in
1113 1336 1349 1378 testimonio
1382 1348 1481 1378 con-

86 1417 214 1459 tentio
245 1423 283 1458 et
314 1417 396 1458 vim
427 1416 684 1458 accusatoris
712 1414 895 1456 hahebat
924 1420 963 1456 et
996 1416 1170 1470 copiam.
1229 1413 1326 1454 305.
1365 1411 1481 1455 Reli-

89 1496 179 1549 qui,
224 1495 293 1549 qui
335 1500 417 1536 tum
456 1494 664 1549 principes
704 1492 1045 1541 numerabantur,
1088 1494 1129 1534 in
1167 1491 1481 1546 magistratibus

173 1627 232 1653 304.
270 1627 320 1653 cui
340 1627 479 1662 frequens
500 1626 635 1661 aderam]
655 1628 705 1661 qui
724 1626 896 1661 frequentes
916 1627 1048 1653 aderaut.

179 1739 256 1775 303.
306 1750 396 1775 eum
421 1739 589 1782 summo]
615 1742 697 1772 tum
721 1750 750 1772 s.
778 1737 844 1783 Lg.
870 1737 924 1772 39.
952 1756 996 1761 —
1035 1736 1254 1779 maxumis]
1281 1735 1332 1770 sic
1352 1734 1420 1782 Lg.
1445 1735 1478 1769 8.

86 1796 141 1830 35.
166 1796 220 1831 51.
247 1795 300 1830 58.
335 1793 410 1830 Ott.
435 1815 480 1819 ——
517 1798 607 1828 erat
631 1794 800 1836 oratori]
831 1798 917 1827 erat
943 1804 1012 1827 0111.
1040 1792 1096 1826 ed.
1122 1802 1175 1837 pr.

177 1861 379 1897 LXXXIX.
428 1862 507 1897 304.
555 1861 764 1904 Antonius]
789 1859 846 1894 M.
872 1857 1077 1905 praefixum
1098 1858 1221 1893 omisi:
1246 1870 1281 1894 v.
1302 1858 1411 1904 Expl.
1434 1858 1479 1893 de

86 1918 153 1956 Or.
178 1919 235 1954 ΙΙΙ.
266 1919 303 1961 l,
328 1919 360 1953 4.
388 1938 433 1943 —
475 1920 540 1952 cui
563 1917 749 1963 frequens
784 1916 966 1960 aderam]
1002 1915 1094 1950 haec
1128 1915 1185 1950 ed.
1211 1926 1265 1960 pr.
1300 1916 1481 1960 scriptura

83 1981 183 2011 recte
209 1975 388 2020 explicata
418 1975 463 2009 ab
486 1972 627 2009 Orellio
661 1974 911 2019 suppeditatur
941 1974 1049 2006 etiam
1079 1971 1237 2017 plurimis
1261 1971 1373 2006 libris.
1422 1970 1480 2005 Ab

85 2033 178 2067 Aldo
205 2032 288 2066 inde
313 2031 478 2066 traditum
504 2037 583 2065 erat
609 2032 676 2075 qui
697 2029 920 2074 frequentes
943 2028 1133 2068 aderant,
1159 2027 1340 2061 sententia
1363 2026 1480 2068 nulla3

85 2088 283 2123 Lambinus
308 2093 504 2132 praeterea
531 2091 684 2120 tantum
714 2085 814 2119 dedit
841 2097 908 2130 pro
935 2095 1170 2129 quanquam.
1219 2082 1295 2117 Sed
1322 2085 1385 2118 cuz·
1411 2094 1479 2127 pro

86 2148 157 2189 qui
180 2144 246 2189 Lg.
273 2144 327 2178 53.
354 2143 409 2177 68.
434 2143 489 2177 70.
527 2140 603 2177 Ott.
652 2141 838 2186 frequens
873 2139 941 2185 Lg.
975 2151 1101 2174 omnes
1134 2145 1283 2184 praeter
1309 2138 1360 2181 8.‚
1395 2139 1480 2173 item

85 2201 178 2234 Ven.
198 2201 228 2233 l.
254 2199 323 2234 Gu.
345 2199 374 2233 l.
391 2199 424 2233 2.
451 2196 527 2233 Ott.
577 2197 742 2231 aderam
764 2195 830 2242 Lg.
853 2207 977 2230 omnes
999 2202 1144 2241 praeter
1163 2195 1216 2229 20.
1235 2195 1281 2240 (is
1305 2195 1479 2238 aderat),

85 2257 169 2291 item
192 2256 287 2290 Ven.
312 2255 341 2289 l.
372 2254 440 2290 Gu.
465 2254 494 2290 l.
525 2252 599 2288 Ott.
648 2253 893 2287 Schneiderus
917 2252 1146 2297 frequenter
1169 2251 1368 2296 scripturus
1388 2257 1480 2295 erat,

86 2314 230 2359 ignarus
254 2311 451 2352 sermonis;
484 2310 697 2344 Schuetzius
716 2314 838 2344 cetera
863 2314 900 2343 ut
924 2308 1030 2342 codd.
1057 2307 1127 2349 illi,
1157 2307 1224 2341 sed
1250 2317 1480 2352 quanquam

85 2370 120 2403 in
150 2380 237 2403 cum
261 2368 430 2409 mutavit,
458 2365 697 2401 Buttmannus
724 2365 879 2400 coniecit
907 2369 1003 2399 teste
1029 2363 1177 2400 diserto
1202 2367 1353 2398 utentes
1376 2368 1480 2398 uter-

85 2437 160 2470 que
191 2423 400 2471 Philippo,
438 2422 535 2468 quod
568 2422 673 2457 etiam
707 2423 744 2457 in
778 2426 906 2456 nostra
936 2421 1117 2466 scriptura
1147 2420 1250 2455 inest.
1310 2418 1478 2454 Ceterum

83 2486 245 2526 uterque
279 2485 377 2515 teste
411 2480 484 2515 dis.
509 2479 612 2516 Phil.
647 2478 714 2525 Lg.
739 2478 792 2513 51.
837 2482 1001 2523 utroque
1024 2477 1079 2513 20.
1113 2496 1158 2504 —
1202 2477 1312 2511 cuius
1346 2476 1402 2519 in]
1437 2477 1479 2510 in

85 2549 155 2572 om.
180 2536 270 2572 Ven.
295 2537 328 2570 2.
364 2537 421 2571 ed.
448 2548 501 2582 pr.

176 2604 254 2639 305.
305 2604 405 2648 tum]
422 2608 514 2639 tunc
527 2603 581 2639 ed.
597 2615 649 2650 pr.
663 2623 708 2628 —
731 2600 1059 2643 numerabantur]
1072 2597 1270 2634 nominab.
1283 2596 1351 2643 Lg.
1365 2597 1422 2632 39.
1432 2616 1477 2622 —

85 2664 127 2697 in
145 2659 461 2707 maqistratibus]
487 2662 528 2697 in
548 2671 617 2697 om.
639 2659 707 2696 Gu.
729 2660 758 2695 l.
779 2678 824 2687 ·—
859 2656 1092 2702 cotidieque]
1114 2655 1182 2703 Lg.
1201 2653 1256 2691 53.
1283 2651 1359 2691 Ott.
1383 2652 1478 2688 idem

1140 2722 1196 2765 20
