1835 3126
361 209 558 254 BREVIS
588 208 984 263 ELOQUENTIAE
1016 209 1152 258 ROM.
1180 210 1324 255 HIST.
1434 214 1539 260 131

149 324 252 380 quod
288 335 399 365 nemo
436 325 540 365 vitae
580 325 663 364 eius
701 325 945 365 sanctitatem
979 325 1019 364 in
1057 324 1212 366 dubium
1240 337 1386 367 vocare
1423 339 1541 366 ausus

148 398 222 441 est,
255 392 327 432 etsi
351 404 497 431 summa
521 391 674 432 dicendi
697 392 880 432 libertate
910 393 949 432 in
971 394 1324 445 potentissimorum
1346 394 1542 434 hominum

147 459 239 500 odia
275 459 507 508 incucurrit‚
543 464 622 498 tum
652 471 701 499 ex
727 460 879 502 Valerii
904 460 1071 500 Maximi
1102 465 1138 500 et
1166 461 1284 500 Plinii
1312 461 1543 500 testimoniis

146 527 381 577 intelligitur
408 524 491 577 (⁴⁸).
550 526 650 566 Nam
687 526 791 578 quod
832 538 967 568 versus
1006 527 1126 579 paulo
1167 527 1398 568 lasciviores
1437 528 1542 575 fecit,

147 606 232 633 cum
267 594 363 634 viris
403 594 646 643 gravissimis
677 594 723 643 Q.
753 594 948 635 Scaevola
992 594 1037 643 Q.
1072 594 1212 634 Catulo
1252 595 1339 635 Ser.
1365 594 1542 646 Sulpicio

149 661 192 702 C.
215 661 344 701 Plinio
375 661 464 700 aliis
495 661 531 700 ei
561 673 759 701 commune
790 666 865 700 est:
897 673 968 701 nec
997 662 1122 712 magis
1147 661 1360 710 Quintiliae
1389 673 1542 701 amores

147 728 408 780 culpabimuS,
443 740 557 780 quam
580 729 619 768 in
643 728 802 768 Tibullo
827 728 985 777 Deliae,
1018 728 1085 779 qui
1109 728 1274 767 sciamus
1298 740 1347 767 ne
1372 740 1396 767 a
1418 740 1544 768 mere-

144 796 267 834 triciis
299 795 452 847 quidem
478 795 673 834 amoribus
697 800 786 833 tunc
807 794 1051 833 interdictum
1073 794 1195 832 fuisse
1219 793 1546 835 adolescentibus.

146 862 228 902 Sed
263 862 332 900 ille
369 861 608 900 liberrimum
645 861 748 900 vitae
787 871 910 909 genus
942 860 1144 911 amplexus
1174 865 1265 910 post
1295 866 1545 911 quaesturam

146 929 397 978 magistratus
427 938 505 966 non
533 926 691 978 petivit,
728 925 797 964 sed
832 937 917 964 cum
951 926 1126 965 omnibus
1156 925 1438 966 familiaritatis
1471 939 1546 968 usu

147 995 394 1042 coniunctus,
426 993 493 1044 qui
523 1004 568 1032 eo
592 997 767 1044 tempore
797 992 930 1042 gratia
959 997 1026 1031 aut
1050 991 1240 1043 dignitate
1269 994 1370 1033 inter
1396 1005 1545 1045 aequa-

144 1062 203 1101 les
234 1060 507 1113 praestabant,
548 1060 676 1099 causis
708 1058 880 1098 dicendis
909 1060 1102 1111 malisque
1132 1060 1280 1100 civibus
1309 1060 1547 1100 insectandis

147 1140 307 1180 operam
337 1127 459 1167 dedit:
499 1125 603 1178 quod
642 1126 856 1166 institutum
891 1138 937 1166 eo
974 1126 1215 1166 laudabilius
1251 1127 1427 1176 videtur,
1466 1139 1544 1180 quo

145 1195 272 1246 magis
302 1194 472 1233 distabat
510 1194 559 1233 ab
591 1205 725 1233 eorum
753 1194 853 1242 vita,
893 1194 960 1245 qui
994 1194 1132 1247 populi
1162 1207 1299 1234 auram
1336 1199 1403 1234 aut
1435 1195 1546 1247 prin-

146 1262 273 1314 cipum
300 1262 474 1303 virorum
501 1261 711 1300 amicitiam
740 1266 972 1312 quaerentes
996 1262 1186 1302 honorum
1215 1262 1318 1302 viam
1345 1261 1547 1312 ingredie-

144 1329 301 1369 bantur.
345 1328 441 1369 Cum
464 1328 667 1368 liberrima
696 1327 884 1380 loquendi
906 1328 1073 1368 audacia
1102 1334 1140 1369 et
1159 1328 1407 1369 facetissimis
1433 1328 1547 1368 dictis

145 1396 310 1446 insignis
341 1400 463 1445 esset,
495 1408 544 1436 ne
576 1396 932 1448 potentissimorum
962 1396 1116 1448 quidem
1146 1396 1368 1437 reverentia
1406 1394 1548 1435 adduci

145 1463 292 1514 potuit,
323 1467 365 1500 ut
393 1462 630 1501 salsissimas
658 1474 792 1502 eorum
819 1464 1145 1514 reprehensiones
1175 1463 1402 1502 contineret.
1446 1461 1547 1502 Nam

147 1534 184 1568 et
226 1528 295 1569 Cn.
334 1529 560 1581 Pompeium
603 1533 640 1568 et
685 1528 728 1569 C.
766 1528 978 1569 Caesarem
1018 1529 1323 1570 mordacissimis
1368 1529 1546 1570 versibus

147 1595 340 1647 proscidit
380 1600 417 1634 et
455 1596 588 1648 palam
627 1596 837 1635 insectatus
868 1602 926 1636 est
956 1608 1053 1648 quos
1089 1597 1171 1636 illis
1202 1601 1383 1648 acceptos
1417 1596 1548 1636 sciret.

149 1662 316 1702 Caesari
341 1667 470 1702 tamen
501 1667 640 1714 postea
668 1663 897 1702 conciliatus
929 1668 986 1702 est
1014 1665 1101 1715 ipso
1134 1663 1325 1702 dictatore
1352 1663 1549 1702 hominum

148 1731 316 1769 omnium
337 1729 614 1769 liberalissimo
641 1730 847 1777 invitante,
870 1734 913 1768 ut
936 1730 1072 1769 scribit
1095 1729 1305 1771 Suetonius
1321 1725 1408 1780 (49).
1449 1729 1549 1769 Hinc

149 1796 266 1834 etiam
302 1807 380 1835 non
415 1801 504 1835 ante
536 1808 677 1834 annum
703 1797 785 1835 707
821 1801 1013 1836 mortuum
1043 1808 1130 1837 esse
1161 1796 1411 1848 perspicitur.
1468 1795 1550 1837 Sed

148 1862 317 1914 epistola
347 1862 547 1902 Ciceronis
578 1862 629 1901 ad
659 1862 898 1902 Trebonium
929 1865 1076 1916 scripta
1106 1876 1143 1904 a.
1171 1864 1254 1904 708
1275 1859 1343 1913 (5⁰)
1374 1867 1412 1902 et
1437 1862 1551 1903 Bruti

144 1928 275 1977 locus,
315 1941 392 1980 quo
430 1930 628 1981 copiosius
666 1929 713 1969 de
743 1942 789 1970 eo
827 1930 994 1979 iudicat,
1033 1943 1119 1971 cum
1154 1931 1188 1971 is
1221 1931 1324 1970 liber
1352 1930 1549 1982 principio

146 1996 239 2035 anni
267 1998 350 2037 708
388 1997 544 2036 ineunte
582 1997 749 2049 scriptus
781 1998 854 2046 sit,
890 1999 1069 2051 proxime
1107 2003 1196 2038 ante
1227 1997 1442 2037 decessisse
1475 1997 1547 2037 do-

147 2068 233 2103 cent
253 2060 337 2115 (5¹).
394 2064 524 2105 Etiam
554 2075 639 2104 cum
666 2064 876 2114 Cicerone,
908 2066 971 2105 cui
998 2070 1162 2118 propter
1190 2070 1342 2117 patrem
1367 2065 1549 2105 Macrum

146 2129 367 2171 damnatum
396 2132 572 2171 infensus
602 2131 752 2179 fuerat,
792 2144 894 2183 quae
924 2144 988 2172 res
1018 2133 1222 2183 utriusque
1252 2130 1299 2170 de
1330 2130 1455 2170 altero
1486 2131 1549 2169 iu-

146 2196 248 2236 dicio
286 2210 364 2237 non
403 2198 652 2238 mediocriter
687 2197 838 2245 offecit,
877 2199 919 2236 in
955 2199 1126 2248 gratiam
1162 2197 1297 2244 rediit,
1336 2201 1378 2235 ut
1414 2196 1549 2248 plures

147 2262 246 2303 adeo
269 2263 394 2303 Tullii
418 2264 612 2316 epistolae
637 2268 835 2303 exstarent
864 2263 914 2303 ad
938 2263 1101 2305 Calvum
1130 2263 1245 2303 datae
1262 2260 1346 2315 (⁵2).
1390 2263 1550 2314 Exiguo

148 2341 316 2382 corpore
355 2335 460 2380 erat,
502 2329 607 2383 quod
645 2330 823 2372 Catullus
859 2331 968 2381 risit,
1006 2332 1122 2372 homo
1160 2331 1332 2380 facetus,
1375 2330 1443 2370 sed
1483 2329 1551 2382 qui

238 2471 299 2515 48)
324 2471 407 2507 Val.
425 2471 530 2508 Max.
550 2472 612 2509 IX.
636 2472 697 2516 12,
715 2473 749 2508 7.
784 2472 880 2508 Plin.
898 2473 942 2508 H.
963 2473 1011 2509 N.
1029 2472 1196 2509 ΧΧΧΙΠ.
1222 2472 1274 2509 11.
1322 2472 1358 2508 Is
1384 2476 1549 2519 questum

150 2528 200 2562 ait
217 2530 397 2573 graviter,
421 2530 519 2574 quod
533 2542 624 2565 vasa
639 2529 847 2575 coquinaria
865 2542 913 2565 ex
927 2536 1079 2577 argento
1098 2528 1241 2566 fierent.
1357 2529 1417 2572 49)
1446 2530 1549 2564 Suet.

150 2583 256 2619 Caes.
275 2584 330 2619 73.
378 2585 468 2620 Cum
486 2586 628 2622 Catullo
654 2592 690 2622 et
711 2588 922 2622 coniunctus
947 2588 1057 2631 vixit,
1084 2593 1120 2622 ut
1144 2592 1323 2623 testantur
1345 2585 1450 2621 huius
1475 2585 1550 2630 epi-

149 2646 347 2685 grammata
371 2641 425 2677 51.
452 2647 489 2678 et
512 2643 589 2686 95„
616 2649 652 2679 et
678 2643 723 2678 ab
748 2644 902 2679 Horatio
928 2645 1154 2691 componitur
1176 2649 1330 2691 propter
1354 2643 1550 2678 carminum

147 2697 428 2734 similitudinem.
546 2700 606 2744 50)
626 2700 700 2736 Cic.
717 2701 802 2736 Div.
824 2701 904 2738 XV.
925 2702 980 2737 21.
1097 2701 1156 2745 51)
1181 2700 1286 2738 Brut.
1311 2700 1369 2743 82,
1389 2698 1459 2733 283
1470 2709 1551 2743 sqq.

152 2753 212 2797 52)
240 2753 450 2792 Priscianus
474 2755 538 2794 IX.
561 2769 599 2803 p.
627 2757 695 2794 469
713 2757 759 2794 K.
796 2758 840 2793 cf.
866 2758 952 2796 Sen.
978 2758 1151 2795 Controv.
1178 2757 1242 2793 111.
1271 2757 1325 2793 19.
1353 2768 1389 2801 p.
1414 2754 1494 2790 232·

1207 2826 1263 2867 9.
