1835 3126
306 230 433 275 362
737 221 1263 266 EXPLICATIONES

306 340 498 380 rationem
547 334 594 374 de
638 334 763 374 studio
810 335 959 374 Galbae
1004 336 1207 385 singulari.
1278 335 1396 376 Addit
1436 334 1690 374 testimonium

307 404 506 446 Ciceronis
538 402 588 441 ad
616 402 692 441 Att.
716 401 818 442 XVI.
843 403 889 441 7:
922 401 1026 439 aliud
1053 402 1147 439 nihil
1174 402 1308 447 habeo,
1340 402 1435 452 quod
1461 415 1508 440 ex·
1535 404 1583 439 <iis
1613 414 1636 438 α
1660 406 1692 437 te

304 472 425 511 verbis
456 468 664 519 significari
691 474 827 519 putem.

418 548 564 586 silentio
593 544 871 596 pmeteriretm]
911 544 1088 596 plausum
1128 548 1165 582 et
1203 543 1393 582 clamores
1424 544 1692 583 admirantium

307 615 518 666 significat,
551 624 652 664 quae
678 616 1024 651 commemorantur
1050 623 1074 650 a
1090 610 1279 650 Cicerone
1301 610 1341 648 in
1355 610 1477 649 Bruto
1500 611 1574 658 44,
1600 612 1692 650 164.

307 684 382 729 95,
416 683 511 720 326.
559 681 668 720 Orat·
709 681 784 726 30,
827 680 919 718 107.
965 679 1037 725 31,
1080 679 1173 717 111.
1221 677 1267 716 de
1305 677 1370 717 Or.
1409 673 1438 715 I.
1471 677 1545 724 33,
1580 677 1693 724 152.;

308 762 332 788 a
362 749 489 788 Plinio
521 759 607 799 epp.
643 746 706 786 IV.
737 748 784 794 5,
813 748 873 793 l.;
913 758 937 784 a
974 744 1215 794 Quintiliano
1253 743 1418 796 denique
1457 743 1521 785 IV.
1554 746 1596 792 2,
1628 744 1694 782 37.

308 816 462 855 silentio
495 819 727 853 attentorum
758 818 794 851 et
822 817 1038 851 erectorum
1069 816 1327 863 opponuntur.

419 892 645 943 quaestione]
687 891 917 931 Schuetzius
953 890 1122 940 vestigia
1152 889 1262 929 codd.
1296 888 1365 928 Gu.
1401 890 1437 927 l.
1464 890 1502 926 2.
1544 892 1696 926 secutus

308 962 565 1009 disquisitione
594 957 836 997 scribendum
859 958 1083 1009 proposuit,
1115 956 1217 1008 quod
1247 968 1318 1008 pro
1346 958 1559 1006 quaestione
1585 954 1697 1004 lega-

307 1033 370 1066 tur
400 1027 439 1064 in
471 1025 648 1065 oratione
687 1037 724 1076 p.
757 1025 871 1064 Sulla
901 1025 974 1069 28,
1008 1026 1093 1063 7o.:
1136 1027 1171 1060 in
1202 1026 1349 1072 mugnis
1379 1021 1698 1071 disquisitionibus

308 1095 579 1142 repentinisque
614 1092 787 1140 periculis
825 1094 942 1129 vitam
979 1093 1265 1139 uniusmtiusque
1302 1102 1379 1126 esse
1414 1094 1552 1125 testem.
1620 1087 1698 1127 Sed

308 1171 389 1198 rem
411 1158 630 1196 accuratius
657 1157 990 1196 considerantibus
1015 1157 1220 1208 apparebit
1241 1158 1489 1206 qztuestionem
1515 1154 1589 1193 dici
1612 1155 1698 1193 uni-

308 1235 440 1270 verse,
475 1217 666 1277 ζήτησιν,
693 1220 855 1275 κρίσιν,
885 1223 985 1261 unde
1007 1222 1196 1260 ducuntur
1224 1222 1417 1260 formulae
1448 1223 1486 1259 in
1510 1225 1698 1270 quaestio-

309 1305 392 1329 nem
429 1293 576 1334 venire,
617 1292 867 1338 qumstionem
905 1289 1059 1332 habere,
1099 1290 1312 1336 quaestione
1350 1287 1513 1333 absolvi,-
1556 1288 1699 1336 disqui-

308 1361 480 1395 sitionem
512 1361 639 1394 autem
670 1356 934 1406 quaestionem
966 1355 1012 1394 de
1041 1354 1206 1394 veritate
1236 1354 1338 1401 eius,
1378 1353 1485 1391 euius
1518 1353 1602 1404 quis
1639 1353 1700 1391 iu-

309 1423 524 1463 simuletur.
581 1422 716 1462 Livius
739 1421 881 1463 XXVI.
905 1423 978 1461 31:
1006 1425 1045 1459 in
1071 1421 1362 1471 disquisitionem
1392 1423 1490 1457 venit
1520 1420 1606 1469 qum
1636 1433 1700 1469 eye

308 1492 472 1539 fecerim.
515 1489 613 1529 Nam
635 1490 816 1529 veniebat
838 1492 878 1526 'in
901 1492 1150 1538 ‹maestionem
1174 1487 1265 1539 quid
1283 1487 1500 1527 Marcellus
1524 1487 1701 1526 fecisset:

310 1559 574 1610 querebantur
614 1557 736 1605 enim,
780 1568 857 1596 non
895 1556 1132 1595 accusabant
1172 1555 1252 1594 eius
1295 1555 1536 1594 atrocitatem
1580 1555 1701 1605 Syra-

311 1625 466 1671 cusani;
503 1623 590 1671 sed,
624 1629 666 1663 ut
695 1624 866 1676 querelis
895 1635 1028 1663 eorum
1055 1627 1211 1662 senatus
1242 1622 1479 1669 mederetur,
1509 1633 1701 1673 quaeren-

311 1692 398 1731 dum
430 1696 514 1730 erat
543 1703 631 1730 num
660 1691 746 1730 iure
776 1696 1049 1743 quererentur,
1080 1695 1116 1729 et
1149 1690 1222 1729 hoc
1254 1695 1311 1728 est
1344 1692 1380 1727 in
1410 1690 1702 1739 disquisitionem

309 1762 455 1803 venire,
481 1754 713 1812 κρίνεσθαι
737 1755 843 1810 περὶ
866 1752 1094 1809 ἀληθείας.
1143 1757 1222 1797 Cic.
1240 1757 1409 1809 Harusp.
1429 1757 1547 1807 Resp.
1569 1757 1606 1803 7,
1632 1757 1700 1795 13:

312 1838 527 1873 ‹monquam
571 1825 621 1861 ml
662 1825 847 1870 facinoris
889 1825 1184 1874 disquisitionem
1229 1827 1378 1862 interest
1420 1824 1548 1861 adesse
1591 1836 1703 1873 quam

311 1891 512 1941 plurimos,-
554 1890 579 1928 i.
613 1901 644 1928 e.
684 1895 725 1929 ut
764 1896 869 1929 recte
909 1891 1045 1941 quaeri
1084 1890 1131 1929 de
1162 1891 1326 1930 veritate
1368 1891 1536 1929 criminis
1565 1890 1702 1942 possit.

316 1958 575 2002 Quaestionem
605 1957 667 1995 hic
696 1968 743 1996 ue
771 1958 978 1997 verborum
1008 1956 1160 2008 quidem
1187 1962 1299 1995 tenor
1323 1956 1401 1995 dici
1427 1957 1661 2008 patiebatur.

423 2044 565 2084 XXIII.
625 2046 691 2084 89.
750 2046 1233 2094 17·09alionem—privileqi
1257 2045 1426 2094 similem]
1454 2044 1702 2096 privilegium

315 2118 372 2151 est
396 2112 552 2162 rogati⁰
571 2112 721 2163 privum
746 2112 770 2151 i.
789 2124 821 2151 e.
846 2124 960 2150 unum
984 2112 1173 2150 hominem
1197 2118 1389 2163 spectum,
1412 2112 1502 2150 talis
1526 2112 1702 2161 maxime,

314 2192 392 2231 qua
422 2179 541 2230 capiti
570 2179 651 2217 eius
681 2190 809 2231 poena
837 2180 1057 2229 irrogatur:
1088 2192 1124 2218 r.
1158 2178 1256 2217 Gell.
1284 2179 1334 2217 X.
1363 2180 1429 2217 20.

425 2268 550 2305 diebus
579 2282 626 2305 un
658 2269 854 2317 mensibus]
896 2280 968 2307 uno
1000 2281 1050 2305 nn
1081 2280 1177 2319 opus
1210 2272 1312 2315 erat,
1350 2271 1390 2306 ut
1419 2266 1705 2317 significaretur

314 2335 504 2374 sententia
541 2334 658 2374 dubia
689 2340 725 2374 et
762 2335 930 2374 incerta:
969 2347 1004 2375 v.
1035 2336 1187 2386 Zumpt.
1221 2334 1286 2374 Gr.
1320 2332 1353 2386 ᾧ.
1387 2334 1480 2374 354.
1524 2333 1702 2385 Madvig.

315 2403 354 2441 in
386 2402 466 2441 Cic.
492 2402 576 2441 Fin.
607 2414 645 2453 p.
669 2404 762 2442 320.
821 2402 945 2441 Huius
974 2414 1066 2441 usus
1096 2401 1324 2452 Bernhardy
1355 2401 1498 2440 excitat
1527 2402 1705 2454 exempla

318 2469 580 2509 Ciceroniana
603 2469 716 2508 haec:
749 2468 798 2508 ad
823 2470 901 2509 Att.
926 2468 974 2509 II.
997 2471 1041 2508 7:
1074 2470 1142 2506 illa
1166 2471 1291 2519 opima
1310 2488 1364 2494 —-
1382 2472 1527 2513 Druso,
1558 2475 1598 2505 ut
1622 2472 1705 2518 opi-

315 2548 404 2580 nor,
440 2538 658 2573 Pisaurensi
688 2550 737 2573 αη
762 2537 910 2586 epuloni
935 2538 1086 2574 Vati-nio
1115 2541 1337 2573 reservatur.
1396 2535 1476 2575 VII.
1510 2540 1626 2574 extu:
1658 2549 1705 2574 ex

319 2605 433 2651 Epiro
473 2616 523 2640 αη
562 2603 730 2641 Athenis.
789 2603 873 2642 Fin.
904 2602 950 2641 II.
984 2605 1054 2642 32:
1099 2616 1178 2639 eum
1219 2606 1252 2640 ei
1291 2602 1498 2640 Simonides
1534 2616 1583 2639 αη
1623 2605 1705 2652 quis

318 2669 417 2705 nlius
447 2674 563 2705 artem
594 2671 792 2707 memoriae
823 2671 1067 2720 polliceretur.
1128 2669 1212 2708 Non
1252 2669 1468 2707 simillimos
1500 2669 1584 2707 iure
1615 2667 1706 2708 dicit

318 2734 418 2773 alios
448 2734 556 2774 locos
589 2748 612 2774 a
639 2736 803 2787 Meyero
835 2742 1100 2789 comparatOS,
1131 2736 1239 2776 Brut.
1270 2738 1346 2786 44,
1372 2737 1463 2776 162.
1507 2735 1582 2784 85,
1609 2737 1703 2776 294.
