<?xml version="1.0" encoding="UTF-8"?>
<!DOCTYPE html PUBLIC "-//W3C//DTD XHTML 1.0 Transitional//EN"
    "http://www.w3.org/TR/xhtml1/DTD/xhtml1-transitional.dtd">
<html xmlns="http://www.w3.org/1999/xhtml" xml:lang="en" lang="en">
 <head>
  <title>
</title>
<meta http-equiv="Content-Type" content="text/html;charset=utf-8" />
  <meta name='ocr-system' content='tesseract 3.04.00' />
  <meta name='ocr-capabilities' content='ocr_page ocr_carea ocr_par ocr_line ocrx_word'/>
</head>
<body>
  <div class='ocr_page' id='page_1' title='image "./brutussivedeclar00ciceuoft_0122.png"; bbox 0 0 1835 3126; ppageno 0'>
   <div class='ocr_carea' id='block_1_1' title="bbox 258 140 1432 195">
    <p class='ocr_par' dir='ltr' id='par_1_1' title="bbox 258 140 1432 195">
     <span class='ocr_line' id='line_1_1' title="bbox 258 140 1432 195; baseline -0.007 -3"><span class='ocrx_word' id='word_1_1' title='bbox 258 147 381 192; x_wconf 71' lang='lat'>102</span> <span class='ocrx_word' id='word_1_2' title='bbox 469 142 666 186; x_wconf 87' lang='lat' dir='ltr'>BREVIS</span> <span class='ocrx_word' id='word_1_3' title='bbox 696 140 1091 195; x_wconf 85' lang='lat' dir='ltr'><strong>ELOQUENTIAE</strong></span> <span class='ocrx_word' id='word_1_4' title='bbox 1122 142 1258 186; x_wconf 84' lang='lat' dir='ltr'><strong>ROM.</strong></span> <span class='ocrx_word' id='word_1_5' title='bbox 1289 142 1432 185; x_wconf 90' lang='lat' dir='ltr'>HIST.</span> 
     </span>
    </p>
   </div>
   <div class='ocr_carea' id='block_1_2' title="bbox 259 256 1659 2367">
    <p class='ocr_par' dir='ltr' id='par_1_2' title="bbox 259 256 1659 2367">
     <span class='ocr_line' id='line_1_2' title="bbox 259 256 1652 308; baseline -0.003 -9"><span class='ocrx_word' id='word_1_6' title='bbox 259 270 350 299; x_wconf 88' lang='lat' dir='ltr'>reos</span> <span class='ocrx_word' id='word_1_7' title='bbox 395 257 586 307; x_wconf 82' lang='lat' dir='ltr'>agebant,</span> <span class='ocrx_word' id='word_1_8' title='bbox 630 256 740 294; x_wconf 84' lang='lat' dir='ltr'>iuxta</span> <span class='ocrx_word' id='word_1_9' title='bbox 779 257 1016 308; x_wconf 85' lang='lat' dir='ltr'>contemptis.</span> <span class='ocrx_word' id='word_1_10' title='bbox 1073 257 1208 298; x_wconf 90' lang='lat' dir='ltr'>Verris</span> <span class='ocrx_word' id='word_1_11' title='bbox 1252 257 1509 296; x_wconf 80' lang='lat' dir='ltr'>auxiliatores</span> <span class='ocrx_word' id='word_1_12' title='bbox 1547 256 1652 296; x_wconf 86' lang='lat' dir='ltr'>Hor-</span> 
     </span>
     <span class='ocr_line' id='line_1_3' title="bbox 261 319 1653 373; baseline -0.001 -10"><span class='ocrx_word' id='word_1_13' title='bbox 261 325 425 364; x_wconf 91' lang='lat' dir='ltr'>tensium</span> <span class='ocrx_word' id='word_1_14' title='bbox 454 319 641 362; x_wconf 81' lang='lat' dir='ltr'>Metellos</span> <span class='ocrx_word' id='word_1_15' title='bbox 672 322 876 373; x_wconf 81' lang='lat' dir='ltr'>Scipiones</span> <span class='ocrx_word' id='word_1_16' title='bbox 908 328 1049 362; x_wconf 91' lang='lat' dir='ltr'>norunt</span> <span class='ocrx_word' id='word_1_17' title='bbox 1079 335 1221 364; x_wconf 79' lang='lat' dir='ltr'>omnes,</span> <span class='ocrx_word' id='word_1_18' title='bbox 1279 324 1351 364; x_wconf 91' lang='lat' dir='ltr'>Ille</span> <span class='ocrx_word' id='word_1_19' title='bbox 1388 325 1421 363; x_wconf 91' lang='lat' dir='ltr'>si</span> <span class='ocrx_word' id='word_1_20' title='bbox 1452 324 1653 365; x_wconf 84' lang='lat' dir='ltr'><strong>Ciceronis</strong></span> 
     </span>
     <span class='ocr_line' id='line_1_4' title="bbox 262 388 1653 443; baseline -0.001 -13"><span class='ocrx_word' id='word_1_21' title='bbox 262 402 385 443; x_wconf 87' lang='lat' dir='ltr'>opera</span> <span class='ocrx_word' id='word_1_22' title='bbox 428 389 585 437; x_wconf 88' lang='lat' dir='ltr'>cecidit,</span> <span class='ocrx_word' id='word_1_23' title='bbox 630 399 707 427; x_wconf 92' lang='lat' dir='ltr'>non</span> <span class='ocrx_word' id='word_1_24' title='bbox 745 388 785 427; x_wconf 90' lang='lat' dir='ltr'>id</span> <span class='ocrx_word' id='word_1_25' title='bbox 821 389 1067 440; x_wconf 79' lang='lat' dir='ltr'>eloquentiae</span> <span class='ocrx_word' id='word_1_26' title='bbox 1106 390 1337 438; x_wconf 87' lang='lat' dir='ltr'>debebatur,</span> <span class='ocrx_word' id='word_1_27' title='bbox 1380 391 1449 430; x_wconf 86' lang='lat' dir='ltr'>sed</span> <span class='ocrx_word' id='word_1_28' title='bbox 1488 390 1653 430; x_wconf 88' lang='lat' dir='ltr'>hominis</span> 
     </span>
     <span class='ocr_line' id='line_1_5' title="bbox 263 455 1653 509; baseline 0.001 -13"><span class='ocrx_word' id='word_1_29' title='bbox 263 457 438 509; x_wconf 66' lang='lat' dir='ltr'>quamvis</span> <span class='ocrx_word' id='word_1_30' title='bbox 470 456 647 495; x_wconf 90' lang='lat' dir='ltr'>ditissimi</span> <span class='ocrx_word' id='word_1_31' title='bbox 676 455 927 506; x_wconf 81' lang='lat' dir='ltr'>ignobilitati.</span> <span class='ocrx_word' id='word_1_32' title='bbox 985 455 1131 495; x_wconf 89' lang='lat' dir='ltr'>Eadem</span> <span class='ocrx_word' id='word_1_33' title='bbox 1162 468 1281 496; x_wconf 87' lang='lat' dir='ltr'>eausa</span> <span class='ocrx_word' id='word_1_34' title='bbox 1313 457 1386 497; x_wconf 83' lang='lat' dir='ltr'>fuit</span> <span class='ocrx_word' id='word_1_35' title='bbox 1416 470 1484 497; x_wconf 89' lang='lat' dir='ltr'>cur</span> <span class='ocrx_word' id='word_1_36' title='bbox 1515 458 1653 497; x_wconf 86' lang='lat' dir='ltr'>Cicero</span> 
     </span>
     <span class='ocr_line' id='line_1_6' title="bbox 261 523 1655 575; baseline 0 -12"><span class='ocrx_word' id='word_1_37' title='bbox 261 524 555 564; x_wconf 77' lang='lat' dir='ltr'>manifestorum</span> <span class='ocrx_word' id='word_1_38' title='bbox 585 523 784 562; x_wconf 91' lang='lat' dir='ltr'>criminum</span> <span class='ocrx_word' id='word_1_39' title='bbox 813 534 903 562; x_wconf 91' lang='lat' dir='ltr'>reos</span> <span class='ocrx_word' id='word_1_40' title='bbox 935 523 1121 574; x_wconf 87' lang='lat' dir='ltr'>quosdam</span> <span class='ocrx_word' id='word_1_41' title='bbox 1153 525 1325 575; x_wconf 74' lang='lat' dir='ltr'>quamvis</span> <span class='ocrx_word' id='word_1_42' title='bbox 1357 525 1559 574; x_wconf 77' lang='lat' dir='ltr'>ambitiose</span> <span class='ocrx_word' id='word_1_43' title='bbox 1588 524 1655 563; x_wconf 86' lang='lat' dir='ltr'>de-</span> 
     </span>
     <span class='ocr_line' id='line_1_7' title="bbox 261 590 1656 642; baseline 0 -13"><span class='ocrx_word' id='word_1_44' title='bbox 261 590 423 630; x_wconf 83' lang='lat' dir='ltr'>fendens</span> <span class='ocrx_word' id='word_1_45' title='bbox 446 590 682 629; x_wconf 80' lang='lat' dir='ltr'>damnationi</span> <span class='ocrx_word' id='word_1_46' title='bbox 706 590 936 629; x_wconf 81' lang='lat' dir='ltr'>subtrahere</span> <span class='ocrx_word' id='word_1_47' title='bbox 958 601 1036 628; x_wconf 89' lang='lat' dir='ltr'>non</span> <span class='ocrx_word' id='word_1_48' title='bbox 1057 591 1245 641; x_wconf 89' lang='lat' dir='ltr'>potuerit,</span> <span class='ocrx_word' id='word_1_49' title='bbox 1268 591 1373 630; x_wconf 75' lang='lat' dir='ltr'>velut</span> <span class='ocrx_word' id='word_1_50' title='bbox 1392 592 1656 642; x_wconf 86' lang='lat' dir='ltr'>turpissimum</span> 
     </span>
     <span class='ocr_line' id='line_1_8' title="bbox 260 656 1657 705; baseline -0.001 -8"><span class='ocrx_word' id='word_1_51' title='bbox 260 658 454 698; x_wconf 85' lang='lat' dir='ltr'>hominem</span> <span class='ocrx_word' id='word_1_52' title='bbox 482 658 529 697; x_wconf 90' lang='lat' dir='ltr'>A.</span> <span class='ocrx_word' id='word_1_53' title='bbox 560 658 764 698; x_wconf 88' lang='lat' dir='ltr'>Gabinium</span> <span class='ocrx_word' id='word_1_54' title='bbox 793 658 837 697; x_wconf 89' lang='lat' dir='ltr'>P.</span> <span class='ocrx_word' id='word_1_55' title='bbox 862 657 1057 699; x_wconf 84' lang='lat' dir='ltr'>Varenum</span> <span class='ocrx_word' id='word_1_56' title='bbox 1086 658 1143 697; x_wconf 88' lang='lat' dir='ltr'>M.</span> <span class='ocrx_word' id='word_1_57' title='bbox 1169 657 1378 705; x_wconf 82' lang='lat' dir='ltr'>Scaurum,</span> <span class='ocrx_word' id='word_1_58' title='bbox 1406 662 1448 695; x_wconf 91' lang='lat' dir='ltr'>ut</span> <span class='ocrx_word' id='word_1_59' title='bbox 1475 656 1657 705; x_wconf 90' lang='lat' dir='ltr'>nobilem,</span> 
     </span>
     <span class='ocr_line' id='line_1_9' title="bbox 262 724 1657 777; baseline -0.001 -14"><span class='ocrx_word' id='word_1_60' title='bbox 262 725 319 764; x_wconf 90' lang='lat' dir='ltr'>ita</span> <span class='ocrx_word' id='word_1_61' title='bbox 356 729 611 777; x_wconf 91' lang='lat' dir='ltr'>contemptum</span> <span class='ocrx_word' id='word_1_62' title='bbox 649 736 719 763; x_wconf 89' lang='lat' dir='ltr'>nec</span> <span class='ocrx_word' id='word_1_63' title='bbox 751 724 844 763; x_wconf 90' lang='lat' dir='ltr'>ullis</span> <span class='ocrx_word' id='word_1_64' title='bbox 882 724 1068 772; x_wconf 87' lang='lat' dir='ltr'>aliorum,</span> <span class='ocrx_word' id='word_1_65' title='bbox 1110 724 1175 775; x_wconf 93' lang='lat' dir='ltr'>qui</span> <span class='ocrx_word' id='word_1_66' title='bbox 1210 729 1289 762; x_wconf 91' lang='lat' dir='ltr'>tum</span> <span class='ocrx_word' id='word_1_67' title='bbox 1322 728 1498 775; x_wconf 86' lang='lat' dir='ltr'>potentes</span> <span class='ocrx_word' id='word_1_68' title='bbox 1535 728 1657 771; x_wconf 88' lang='lat' dir='ltr'>erant,</span> 
     </span>
     <span class='ocr_line' id='line_1_10' title="bbox 261 789 1658 843; baseline -0.001 -13"><span class='ocrx_word' id='word_1_69' title='bbox 261 791 470 843; x_wconf 83' lang='lat' dir='ltr'>praesidiis</span> <span class='ocrx_word' id='word_1_70' title='bbox 509 791 711 830; x_wconf 88' lang='lat' dir='ltr'>subnixum</span> <span class='ocrx_word' id='word_1_71' title='bbox 739 789 822 842; x_wconf 75' lang='lat'>(9⁷).</span> <span class='ocrx_word' id='word_1_72' title='bbox 878 791 1036 831; x_wconf 86' lang='lat' dir='ltr'>Rectius</span> <span class='ocrx_word' id='word_1_73' title='bbox 1076 803 1190 842; x_wconf 86' lang='lat' dir='ltr'>quam</span> <span class='ocrx_word' id='word_1_74' title='bbox 1226 791 1422 842; x_wconf 84' lang='lat' dir='ltr'>principes</span> <span class='ocrx_word' id='word_1_75' title='bbox 1459 789 1658 829; x_wconf 85' lang='lat' dir='ltr'>iudicabat</span> 
     </span>
     <span class='ocr_line' id='line_1_11' title="bbox 262 856 1657 910; baseline -0.001 -14"><span class='ocrx_word' id='word_1_76' title='bbox 262 858 433 910; x_wconf 90' lang='lat' dir='ltr'>populus</span> <span class='ocrx_word' id='word_1_77' title='bbox 464 859 668 897; x_wconf 85' lang='lat' dir='ltr'>ambitioso</span> <span class='ocrx_word' id='word_1_78' title='bbox 701 857 828 897; x_wconf 88' lang='lat' dir='ltr'>studio</span> <span class='ocrx_word' id='word_1_79' title='bbox 852 858 960 897; x_wconf 93' lang='lat' dir='ltr'>nullo</span> <span class='ocrx_word' id='word_1_80' title='bbox 990 857 1254 909; x_wconf 88' lang='lat' dir='ltr'>praepeditus.</span> <span class='ocrx_word' id='word_1_81' title='bbox 1304 856 1397 896; x_wconf 91' lang='lat' dir='ltr'>Inde</span> <span class='ocrx_word' id='word_1_82' title='bbox 1428 857 1657 896; x_wconf 85' lang='lat' dir='ltr'>exsibilatus</span> 
     </span>
     <span class='ocr_line' id='line_1_12' title="bbox 264 923 1657 976; baseline -0.001 -13"><span class='ocrx_word' id='word_1_83' title='bbox 264 925 466 976; x_wconf 87' lang='lat' dir='ltr'>aliquanto</span> <span class='ocrx_word' id='word_1_84' title='bbox 487 924 716 964; x_wconf 87' lang='lat' dir='ltr'>Hortensius</span> <span class='ocrx_word' id='word_1_85' title='bbox 742 930 814 973; x_wconf 91' lang='lat' dir='ltr'>est,</span> <span class='ocrx_word' id='word_1_86' title='bbox 849 923 951 976; x_wconf 88' lang='lat' dir='ltr'>quod</span> <span class='ocrx_word' id='word_1_87' title='bbox 969 924 1201 963; x_wconf 87' lang='lat' dir='ltr'>Messallam</span> <span class='ocrx_word' id='word_1_88' title='bbox 1225 924 1389 963; x_wconf 83' lang='lat' dir='ltr'>ambitus</span> <span class='ocrx_word' id='word_1_89' title='bbox 1414 924 1657 974; x_wconf 83' lang='lat' dir='ltr'>apertissime</span> 
     </span>
     <span class='ocr_line' id='line_1_13' title="bbox 263 989 1656 1043; baseline -0.002 -13"><span class='ocrx_word' id='word_1_90' title='bbox 263 992 477 1032; x_wconf 83' lang='lat' dir='ltr'>convictum</span> <span class='ocrx_word' id='word_1_91' title='bbox 503 990 693 1031; x_wconf 88' lang='lat' dir='ltr'>iudicibus</span> <span class='ocrx_word' id='word_1_92' title='bbox 723 992 889 1043; x_wconf 89' lang='lat' dir='ltr'>pecunia</span> <span class='ocrx_word' id='word_1_93' title='bbox 916 991 1109 1042; x_wconf 87' lang='lat' dir='ltr'>corruptis</span> <span class='ocrx_word' id='word_1_94' title='bbox 1132 990 1307 1042; x_wconf 87' lang='lat' dir='ltr'>periculo</span> <span class='ocrx_word' id='word_1_95' title='bbox 1339 990 1559 1036; x_wconf 84' lang='lat' dir='ltr'>exemisset,</span> <span class='ocrx_word' id='word_1_96' title='bbox 1591 989 1656 1028; x_wconf 88' lang='lat' dir='ltr'>Gi-</span> 
     </span>
     <span class='ocr_line' id='line_1_14' title="bbox 262 1055 1657 1107; baseline -0.002 -10"><span class='ocrx_word' id='word_1_97' title='bbox 262 1069 352 1097; x_wconf 88' lang='lat' dir='ltr'>cero</span> <span class='ocrx_word' id='word_1_98' title='bbox 395 1062 523 1096; x_wconf 89' lang='lat' dir='ltr'>autem</span> <span class='ocrx_word' id='word_1_99' title='bbox 559 1058 773 1097; x_wconf 86' lang='lat' dir='ltr'>convicium</span> <span class='ocrx_word' id='word_1_100' title='bbox 812 1057 957 1097; x_wconf 73' lang='lat' dir='ltr'>audivit</span> <span class='ocrx_word' id='word_1_101' title='bbox 997 1069 1021 1095; x_wconf 91' lang='lat' dir='ltr'>a</span> <span class='ocrx_word' id='word_1_102' title='bbox 1055 1055 1237 1096; x_wconf 76' lang='lat' dir='ltr'>Iuvencio</span> <span class='ocrx_word' id='word_1_103' title='bbox 1275 1057 1510 1102; x_wconf 89' lang='lat' dir='ltr'>Laterense,</span> <span class='ocrx_word' id='word_1_104' title='bbox 1553 1055 1657 1107; x_wconf 91' lang='lat' dir='ltr'>quod</span> 
     </span>
     <span class='ocr_line' id='line_1_15' title="bbox 263 1122 1657 1176; baseline 0 -13"><span class='ocrx_word' id='word_1_105' title='bbox 263 1124 395 1164; x_wconf 85' lang='lat' dir='ltr'>dedita</span> <span class='ocrx_word' id='word_1_106' title='bbox 433 1136 555 1176; x_wconf 87' lang='lat' dir='ltr'>opera</span> <span class='ocrx_word' id='word_1_107' title='bbox 593 1124 837 1163; x_wconf 89' lang='lat' dir='ltr'>miserabiles</span> <span class='ocrx_word' id='word_1_108' title='bbox 875 1135 947 1175; x_wconf 92' lang='lat' dir='ltr'>pro</span> <span class='ocrx_word' id='word_1_109' title='bbox 985 1123 1158 1162; x_wconf 81' lang='lat' dir='ltr'>sontibus</span> <span class='ocrx_word' id='word_1_110' title='bbox 1190 1123 1461 1175; x_wconf 88' lang='lat' dir='ltr'>perorationes</span> <span class='ocrx_word' id='word_1_111' title='bbox 1494 1122 1657 1163; x_wconf 86' lang='lat' dir='ltr'>faceret.</span> 
     </span>
     <span class='ocr_line' id='line_1_16' title="bbox 262 1191 1658 1242; baseline -0.001 -12"><span class='ocrx_word' id='word_1_112' title='bbox 262 1191 431 1231; x_wconf 86' lang='lat' dir='ltr'>Invaluit</span> <span class='ocrx_word' id='word_1_113' title='bbox 474 1191 595 1240; x_wconf 81' lang='lat' dir='ltr'>igitur</span> <span class='ocrx_word' id='word_1_114' title='bbox 634 1203 735 1239; x_wconf 89' lang='lat' dir='ltr'>mos,</span> <span class='ocrx_word' id='word_1_115' title='bbox 780 1195 822 1230; x_wconf 92' lang='lat' dir='ltr'>ut</span> <span class='ocrx_word' id='word_1_116' title='bbox 859 1191 1005 1230; x_wconf 88' lang='lat' dir='ltr'>homini</span> <span class='ocrx_word' id='word_1_117' title='bbox 1044 1191 1217 1242; x_wconf 80' lang='lat' dir='ltr'>quamvis</span> <span class='ocrx_word' id='word_1_118' title='bbox 1255 1191 1418 1230; x_wconf 89' lang='lat' dir='ltr'>honesto</span> <span class='ocrx_word' id='word_1_119' title='bbox 1461 1191 1500 1229; x_wconf 92' lang='lat' dir='ltr'>in</span> <span class='ocrx_word' id='word_1_120' title='bbox 1539 1201 1658 1229; x_wconf 88' lang='lat' dir='ltr'>causa</span> 
     </span>
     <span class='ocr_line' id='line_1_17' title="bbox 263 1256 1656 1308; baseline 0 -11"><span class='ocrx_word' id='word_1_121' title='bbox 263 1257 419 1308; x_wconf 81' lang='lat' dir='ltr'>agenda</span> <span class='ocrx_word' id='word_1_122' title='bbox 457 1258 585 1296; x_wconf 88' lang='lat' dir='ltr'>omnia</span> <span class='ocrx_word' id='word_1_123' title='bbox 621 1257 753 1296; x_wconf 83' lang='lat' dir='ltr'>facere</span> <span class='ocrx_word' id='word_1_124' title='bbox 790 1257 947 1304; x_wconf 86' lang='lat' dir='ltr'>liceret;</span> <span class='ocrx_word' id='word_1_125' title='bbox 992 1257 1098 1295; x_wconf 85' lang='lat' dir='ltr'>facta</span> <span class='ocrx_word' id='word_1_126' title='bbox 1136 1257 1280 1296; x_wconf 85' lang='lat' dir='ltr'>infecta</span> <span class='ocrx_word' id='word_1_127' title='bbox 1315 1257 1445 1297; x_wconf 71' lang='lat' dir='ltr'>verbis</span> <span class='ocrx_word' id='word_1_128' title='bbox 1480 1256 1656 1306; x_wconf 85' lang='lat' dir='ltr'>reddere,</span> 
     </span>
     <span class='ocr_line' id='line_1_18' title="bbox 260 1323 1657 1376; baseline -0.001 -11"><span class='ocrx_word' id='word_1_129' title='bbox 260 1336 356 1366; x_wconf 74' lang='lat' dir='ltr'>vera</span> <span class='ocrx_word' id='word_1_130' title='bbox 384 1324 497 1363; x_wconf 87' lang='lat' dir='ltr'>falsis</span> <span class='ocrx_word' id='word_1_131' title='bbox 528 1325 717 1372; x_wconf 87' lang='lat' dir='ltr'>obruere,</span> <span class='ocrx_word' id='word_1_132' title='bbox 755 1324 960 1363; x_wconf 84' lang='lat' dir='ltr'>manifesto</span> <span class='ocrx_word' id='word_1_133' title='bbox 999 1335 1094 1363; x_wconf 70' lang='lat' dir='ltr'>vera</span> <span class='ocrx_word' id='word_1_134' title='bbox 1130 1336 1203 1376; x_wconf 90' lang='lat' dir='ltr'>pro</span> <span class='ocrx_word' id='word_1_135' title='bbox 1234 1323 1444 1363; x_wconf 85' lang='lat' dir='ltr'>mendaciis</span> <span class='ocrx_word' id='word_1_136' title='bbox 1473 1329 1657 1372; x_wconf 83' lang='lat' dir='ltr'>tractare,</span> 
     </span>
     <span class='ocr_line' id='line_1_19' title="bbox 263 1390 1658 1444; baseline 0.001 -16"><span class='ocrx_word' id='word_1_137' title='bbox 263 1403 339 1442; x_wconf 86' lang='lat' dir='ltr'>quo</span> <span class='ocrx_word' id='word_1_138' title='bbox 377 1391 555 1444; x_wconf 87' lang='lat' dir='ltr'>pluribus</span> <span class='ocrx_word' id='word_1_139' title='bbox 592 1402 714 1442; x_wconf 92' lang='lat' dir='ltr'>opera</span> <span class='ocrx_word' id='word_1_140' title='bbox 749 1391 872 1441; x_wconf 91' lang='lat' dir='ltr'>ipsius</span> <span class='ocrx_word' id='word_1_141' title='bbox 908 1391 1085 1429; x_wconf 87' lang='lat' dir='ltr'>oratoria</span> <span class='ocrx_word' id='word_1_142' title='bbox 1122 1392 1370 1441; x_wconf 80' lang='lat' dir='ltr'>probaretur.</span> <span class='ocrx_word' id='word_1_143' title='bbox 1428 1390 1527 1429; x_wconf 88' lang='lat' dir='ltr'>Nam</span> <span class='ocrx_word' id='word_1_144' title='bbox 1558 1391 1658 1430; x_wconf 90' lang='lat' dir='ltr'>illud</span> 
     </span>
     <span class='ocr_line' id='line_1_20' title="bbox 263 1452 1658 1510; baseline -0.001 -12"><span class='ocrx_word' id='word_1_145' title='bbox 263 1457 535 1509; x_wconf 87' lang='lat' dir='ltr'>Sophistarum</span> <span class='ocrx_word' id='word_1_146' title='bbox 580 1454 655 1496; x_wconf 83' lang='grc' dir='ltr'>τὸν</span> <span class='ocrx_word' id='word_1_147' title='bbox 695 1452 812 1509; x_wconf 71' lang='grc' dir='ltr'>ἥττω</span> <span class='ocrx_word' id='word_1_148' title='bbox 851 1452 982 1508; x_wconf 77' lang='grc' dir='ltr'><em>λόγον</em></span> <span class='ocrx_word' id='word_1_149' title='bbox 1021 1452 1203 1510; x_wconf 77' lang='grc' dir='ltr'><em>κρείττω</em></span> <span class='ocrx_word' id='word_1_150' title='bbox 1246 1457 1393 1496; x_wconf 77' lang='grc' dir='ltr'><em>ποιεῖν</em></span> <span class='ocrx_word' id='word_1_151' title='bbox 1440 1457 1480 1495; x_wconf 90' lang='lat' dir='ltr'>in</span> <span class='ocrx_word' id='word_1_152' title='bbox 1523 1458 1658 1509; x_wconf 90' lang='lat' dir='ltr'>primis</span> 
     </span>
     <span class='ocr_line' id='line_1_21' title="bbox 264 1522 1658 1576; baseline -0.001 -12"><span class='ocrx_word' id='word_1_153' title='bbox 264 1524 479 1564; x_wconf 90' lang='lat' dir='ltr'>oratorium</span> <span class='ocrx_word' id='word_1_154' title='bbox 502 1524 720 1562; x_wconf 86' lang='lat' dir='ltr'>habebatur</span> <span class='ocrx_word' id='word_1_155' title='bbox 742 1534 813 1562; x_wconf 88' lang='lat' dir='ltr'>nec</span> <span class='ocrx_word' id='word_1_156' title='bbox 836 1522 1015 1563; x_wconf 85' lang='lat' dir='ltr'>Ciceroni</span> <span class='ocrx_word' id='word_1_157' title='bbox 1039 1522 1151 1562; x_wconf 90' lang='lat' dir='ltr'>modo</span> <span class='ocrx_word' id='word_1_158' title='bbox 1175 1527 1211 1561; x_wconf 91' lang='lat' dir='ltr'>et</span> <span class='ocrx_word' id='word_1_159' title='bbox 1235 1522 1473 1572; x_wconf 84' lang='lat' dir='ltr'>Quintiliano</span> <span class='ocrx_word' id='word_1_160' title='bbox 1498 1524 1658 1576; x_wconf 90' lang='lat' dir='ltr'>placuit,</span> 
     </span>
     <span class='ocr_line' id='line_1_22' title="bbox 264 1589 1657 1643; baseline 0.001 -14"><span class='ocrx_word' id='word_1_161' title='bbox 264 1591 331 1643; x_wconf 90' lang='lat' dir='ltr'>qui</span> <span class='ocrx_word' id='word_1_162' title='bbox 367 1591 524 1643; x_wconf 86' lang='lat' dir='ltr'>patroni</span> <span class='ocrx_word' id='word_1_163' title='bbox 561 1595 597 1629; x_wconf 87' lang='lat' dir='ltr'>et</span> <span class='ocrx_word' id='word_1_164' title='bbox 634 1589 820 1629; x_wconf 89' lang='lat' dir='ltr'>causidici</span> <span class='ocrx_word' id='word_1_165' title='bbox 862 1595 990 1638; x_wconf 82' lang='lat' dir='ltr'>erant,</span> <span class='ocrx_word' id='word_1_166' title='bbox 1033 1589 1101 1629; x_wconf 89' lang='lat' dir='ltr'>sed</span> <span class='ocrx_word' id='word_1_167' title='bbox 1138 1590 1252 1629; x_wconf 89' lang='lat' dir='ltr'>etiam</span> <span class='ocrx_word' id='word_1_168' title='bbox 1287 1590 1476 1630; x_wconf 85' lang='lat' dir='ltr'>Panaetio</span> <span class='ocrx_word' id='word_1_169' title='bbox 1508 1592 1657 1641; x_wconf 89' lang='lat' dir='ltr'>Stoico,</span> 
     </span>
     <span class='ocr_line' id='line_1_23' title="bbox 263 1656 1658 1710; baseline 0.003 -15"><span class='ocrx_word' id='word_1_170' title='bbox 263 1658 331 1709; x_wconf 89' lang='lat' dir='ltr'>qui</span> <span class='ocrx_word' id='word_1_171' title='bbox 353 1657 526 1696; x_wconf 85' lang='lat' dir='ltr'>homines</span> <span class='ocrx_word' id='word_1_172' title='bbox 544 1657 643 1696; x_wconf 90' lang='lat' dir='ltr'>alias</span> <span class='ocrx_word' id='word_1_173' title='bbox 669 1668 754 1696; x_wconf 90' lang='lat' dir='ltr'>sese</span> <span class='ocrx_word' id='word_1_174' title='bbox 775 1657 928 1707; x_wconf 80' lang='lat' dir='ltr'>rigidos</span> <span class='ocrx_word' id='word_1_175' title='bbox 946 1657 1098 1698; x_wconf 87' lang='lat' dir='ltr'>virtutis</span> <span class='ocrx_word' id='word_1_176' title='bbox 1121 1662 1336 1697; x_wconf 86' lang='lat' dir='ltr'>assertores</span> <span class='ocrx_word' id='word_1_177' title='bbox 1359 1658 1558 1698; x_wconf 87' lang='lat' dir='ltr'>iactabant</span> <span class='ocrx_word' id='word_1_178' title='bbox 1573 1656 1658 1710; x_wconf 65' lang='lat'>(9⁸).</span> 
     </span>
     <span class='ocr_line' id='line_1_24' title="bbox 262 1724 1659 1776; baseline 0.001 -12"><span class='ocrx_word' id='word_1_179' title='bbox 262 1725 414 1765; x_wconf 85' lang='lat' dir='ltr'>Rursus</span> <span class='ocrx_word' id='word_1_180' title='bbox 445 1724 560 1763; x_wconf 89' lang='lat' dir='ltr'>etiam</span> <span class='ocrx_word' id='word_1_181' title='bbox 591 1730 841 1763; x_wconf 87' lang='lat' dir='ltr'>accusatores</span> <span class='ocrx_word' id='word_1_182' title='bbox 870 1725 1086 1764; x_wconf 82' lang='lat' dir='ltr'>falsissima</span> <span class='ocrx_word' id='word_1_183' title='bbox 1111 1725 1272 1764; x_wconf 85' lang='lat' dir='ltr'>crimina</span> <span class='ocrx_word' id='word_1_184' title='bbox 1302 1724 1588 1776; x_wconf 80' lang='lat' dir='ltr'>confingebant,</span> <span class='ocrx_word' id='word_1_185' title='bbox 1616 1731 1659 1766; x_wconf 87' lang='lat' dir='ltr'>ut</span> 
     </span>
     <span class='ocr_line' id='line_1_25' title="bbox 263 1790 1658 1843; baseline 0.002 -13"><span class='ocrx_word' id='word_1_186' title='bbox 263 1791 343 1831; x_wconf 89' lang='lat' dir='ltr'>reis</span> <span class='ocrx_word' id='word_1_187' title='bbox 374 1795 575 1830; x_wconf 88' lang='lat' dir='ltr'>nocerent:</span> <span class='ocrx_word' id='word_1_188' title='bbox 616 1790 719 1842; x_wconf 88' lang='lat' dir='ltr'>quod</span> <span class='ocrx_word' id='word_1_189' title='bbox 749 1792 825 1829; x_wconf 90' lang='lat' dir='ltr'>iam</span> <span class='ocrx_word' id='word_1_190' title='bbox 854 1793 964 1843; x_wconf 91' lang='lat' dir='ltr'>prius</span> <span class='ocrx_word' id='word_1_191' title='bbox 993 1792 1137 1831; x_wconf 89' lang='lat' dir='ltr'>factum</span> <span class='ocrx_word' id='word_1_192' title='bbox 1167 1803 1252 1831; x_wconf 88' lang='lat' dir='ltr'>esse</span> <span class='ocrx_word' id='word_1_193' title='bbox 1281 1792 1323 1830; x_wconf 89' lang='lat' dir='ltr'>in</span> <span class='ocrx_word' id='word_1_194' title='bbox 1354 1803 1474 1831; x_wconf 89' lang='lat' dir='ltr'>causa</span> <span class='ocrx_word' id='word_1_195' title='bbox 1502 1793 1547 1833; x_wconf 87' lang='lat' dir='ltr'>P.</span> <span class='ocrx_word' id='word_1_196' title='bbox 1576 1793 1658 1833; x_wconf 92' lang='lat' dir='ltr'>Ru-</span> 
     </span>
     <span class='ocr_line' id='line_1_26' title="bbox 261 1856 1657 1912; baseline 0.003 -16"><span class='ocrx_word' id='word_1_197' title='bbox 261 1857 338 1897; x_wconf 85' lang='lat' dir='ltr'>tilii</span> <span class='ocrx_word' id='word_1_198' title='bbox 367 1869 391 1896; x_wconf 87' lang='lat' dir='ltr'>a</span> <span class='ocrx_word' id='word_1_199' title='bbox 420 1858 478 1897; x_wconf 92' lang='lat' dir='ltr'>M.</span> <span class='ocrx_word' id='word_1_200' title='bbox 509 1858 659 1897; x_wconf 89' lang='lat' dir='ltr'>Scauro</span> <span class='ocrx_word' id='word_1_201' title='bbox 693 1858 866 1896; x_wconf 87' lang='lat' dir='ltr'>accusati</span> <span class='ocrx_word' id='word_1_202' title='bbox 894 1859 979 1897; x_wconf 87' lang='lat' dir='ltr'>iure</span> <span class='ocrx_word' id='word_1_203' title='bbox 1018 1858 1185 1897; x_wconf 84' lang='lat' dir='ltr'>affirmat</span> <span class='ocrx_word' id='word_1_204' title='bbox 1216 1859 1354 1899; x_wconf 90' lang='lat' dir='ltr'>Cicero</span> <span class='ocrx_word' id='word_1_205' title='bbox 1380 1856 1462 1909; x_wconf 72' lang='lat'>(99).</span> <span class='ocrx_word' id='word_1_206' title='bbox 1521 1860 1657 1912; x_wconf 89' lang='lat' dir='ltr'>Neque</span> 
     </span>
     <span class='ocr_line' id='line_1_27' title="bbox 263 1923 1657 1975; baseline 0.001 -11"><span class='ocrx_word' id='word_1_207' title='bbox 263 1925 395 1973; x_wconf 87' lang='lat' dir='ltr'>etiam,</span> <span class='ocrx_word' id='word_1_208' title='bbox 427 1925 503 1964; x_wconf 92' lang='lat' dir='ltr'>nisi</span> <span class='ocrx_word' id='word_1_209' title='bbox 527 1924 648 1963; x_wconf 89' lang='lat' dir='ltr'>omnis</span> <span class='ocrx_word' id='word_1_210' title='bbox 671 1923 857 1963; x_wconf 88' lang='lat' dir='ltr'>clamaret</span> <span class='ocrx_word' id='word_1_211' title='bbox 884 1925 1124 1975; x_wconf 86' lang='lat' dir='ltr'>antiquitatis</span> <span class='ocrx_word' id='word_1_212' title='bbox 1149 1926 1354 1974; x_wconf 85' lang='lat' dir='ltr'>memoria,</span> <span class='ocrx_word' id='word_1_213' title='bbox 1378 1925 1657 1967; x_wconf 89' lang='lat' dir='ltr'>Demosthenes</span> 
     </span>
     <span class='ocr_line' id='line_1_28' title="bbox 264 1991 1657 2043; baseline 0.001 -12"><span class='ocrx_word' id='word_1_214' title='bbox 264 2004 315 2031; x_wconf 86' lang='lat' dir='ltr'>an</span> <span class='ocrx_word' id='word_1_215' title='bbox 350 1992 562 2031; x_wconf 88' lang='lat' dir='ltr'>Aeschines</span> <span class='ocrx_word' id='word_1_216' title='bbox 606 1991 749 2030; x_wconf 85' lang='lat' dir='ltr'>rectius</span> <span class='ocrx_word' id='word_1_217' title='bbox 794 1991 1009 2043; x_wconf 86' lang='lat' dir='ltr'>praefuerit</span> <span class='ocrx_word' id='word_1_218' title='bbox 1048 1991 1108 2030; x_wconf 91' lang='lat' dir='ltr'>rei</span> <span class='ocrx_word' id='word_1_219' title='bbox 1148 1992 1351 2043; x_wconf 89' lang='lat' dir='ltr'>publicae,</span> <span class='ocrx_word' id='word_1_220' title='bbox 1398 1993 1459 2031; x_wconf 90' lang='lat' dir='ltr'>hic</span> <span class='ocrx_word' id='word_1_221' title='bbox 1499 2006 1548 2032; x_wconf 89' lang='lat' dir='ltr'>an</span> <span class='ocrx_word' id='word_1_222' title='bbox 1587 1994 1657 2033; x_wconf 90' lang='lat' dir='ltr'>ille</span> 
     </span>
     <span class='ocr_line' id='line_1_29' title="bbox 264 2058 1657 2110; baseline 0.001 -13"><span class='ocrx_word' id='word_1_223' title='bbox 264 2070 289 2097; x_wconf 88' lang='lat' dir='ltr'>a</span> <span class='ocrx_word' id='word_1_224' title='bbox 324 2058 507 2110; x_wconf 87' lang='lat' dir='ltr'>Philippo</span> <span class='ocrx_word' id='word_1_225' title='bbox 549 2069 634 2097; x_wconf 89' lang='lat' dir='ltr'>sese</span> <span class='ocrx_word' id='word_1_226' title='bbox 673 2059 869 2109; x_wconf 89' lang='lat' dir='ltr'>corrumpi</span> <span class='ocrx_word' id='word_1_227' title='bbox 907 2070 1046 2110; x_wconf 86' lang='lat' dir='ltr'>passus</span> <span class='ocrx_word' id='word_1_228' title='bbox 1087 2058 1136 2096; x_wconf 91' lang='lat' dir='ltr'>sit</span> <span class='ocrx_word' id='word_1_229' title='bbox 1174 2059 1375 2110; x_wconf 88' lang='lat' dir='ltr'>utriusque</span> <span class='ocrx_word' id='word_1_230' title='bbox 1415 2060 1657 2100; x_wconf 88' lang='lat' dir='ltr'>orationibus</span> 
     </span>
     <span class='ocr_line' id='line_1_30' title="bbox 264 2124 1657 2174; baseline 0.002 -11"><span class='ocrx_word' id='word_1_231' title='bbox 264 2124 447 2163; x_wconf 87' lang='lat' dir='ltr'>adhibitis</span> <span class='ocrx_word' id='word_1_232' title='bbox 478 2124 807 2174; x_wconf 66' lang='lat' dir='ltr'>dignosceremus</span> <span class='ocrx_word' id='word_1_233' title='bbox 867 2125 990 2173; x_wconf 84' lang='lat' dir='ltr'>Quam</span> <span class='ocrx_word' id='word_1_234' title='bbox 1021 2124 1161 2163; x_wconf 81' lang='lat' dir='ltr'>leviter</span> <span class='ocrx_word' id='word_1_235' title='bbox 1192 2125 1290 2163; x_wconf 91' lang='lat' dir='ltr'>enim</span> <span class='ocrx_word' id='word_1_236' title='bbox 1321 2127 1490 2165; x_wconf 85' lang='lat' dir='ltr'>oratoris</span> <span class='ocrx_word' id='word_1_237' title='bbox 1521 2139 1657 2166; x_wconf 91' lang='lat' dir='ltr'>munus</span> 
     </span>
     <span class='ocr_line' id='line_1_31' title="bbox 262 2190 1658 2244; baseline 0.002 -14"><span class='ocrx_word' id='word_1_238' title='bbox 262 2196 301 2231; x_wconf 90' lang='lat' dir='ltr'>et</span> <span class='ocrx_word' id='word_1_239' title='bbox 331 2191 499 2230; x_wconf 84' lang='lat' dir='ltr'>officium</span> <span class='ocrx_word' id='word_1_240' title='bbox 528 2190 737 2230; x_wconf 88' lang='lat' dir='ltr'>iudicatum</span> <span class='ocrx_word' id='word_1_241' title='bbox 762 2192 811 2230; x_wconf 91' lang='lat' dir='ltr'>sit</span> <span class='ocrx_word' id='word_1_242' title='bbox 841 2196 877 2230; x_wconf 90' lang='lat' dir='ltr'>et</span> <span class='ocrx_word' id='word_1_243' title='bbox 905 2202 1019 2242; x_wconf 88' lang='lat' dir='ltr'>quam</span> <span class='ocrx_word' id='word_1_244' title='bbox 1043 2191 1171 2229; x_wconf 87' lang='lat' dir='ltr'>omnia</span> <span class='ocrx_word' id='word_1_245' title='bbox 1199 2192 1237 2230; x_wconf 89' lang='lat' dir='ltr'>in</span> <span class='ocrx_word' id='word_1_246' title='bbox 1260 2192 1550 2244; x_wconf 87' lang='lat' dir='ltr'>persuadendo,</span> <span class='ocrx_word' id='word_1_247' title='bbox 1580 2206 1658 2233; x_wconf 89' lang='lat' dir='ltr'>non</span> 
     </span>
     <span class='ocr_line' id='line_1_32' title="bbox 263 2258 1656 2310; baseline 0.003 -14"><span class='ocrx_word' id='word_1_248' title='bbox 263 2258 304 2296; x_wconf 87' lang='lat' dir='ltr'>in</span> <span class='ocrx_word' id='word_1_249' title='bbox 325 2259 489 2297; x_wconf 80' lang='lat' dir='ltr'>veritate</span> <span class='ocrx_word' id='word_1_250' title='bbox 512 2258 656 2297; x_wconf 87' lang='lat' dir='ltr'>tuenda</span> <span class='ocrx_word' id='word_1_251' title='bbox 680 2259 810 2310; x_wconf 87' lang='lat' dir='ltr'>posita</span> <span class='ocrx_word' id='word_1_252' title='bbox 831 2258 995 2306; x_wconf 86' lang='lat' dir='ltr'>fuerint,</span> <span class='ocrx_word' id='word_1_253' title='bbox 1024 2258 1192 2308; x_wconf 82' lang='lat' dir='ltr'>ingenue</span> <span class='ocrx_word' id='word_1_254' title='bbox 1219 2258 1418 2298; x_wconf 83' lang='lat' dir='ltr'>consessus</span> <span class='ocrx_word' id='word_1_255' title='bbox 1443 2266 1499 2299; x_wconf 91' lang='lat' dir='ltr'>est</span> <span class='ocrx_word' id='word_1_256' title='bbox 1517 2261 1656 2300; x_wconf 88' lang='lat' dir='ltr'>Cicero</span> 
     </span>
     <span class='ocr_line' id='line_1_33' title="bbox 264 2323 1655 2367; baseline 0.002 -4"><span class='ocrx_word' id='word_1_257' title='bbox 264 2323 483 2364; x_wconf 87' lang='lat' dir='ltr'>Cluentium</span> <span class='ocrx_word' id='word_1_258' title='bbox 506 2325 728 2365; x_wconf 88' lang='lat' dir='ltr'>defendens.</span> <span class='ocrx_word' id='word_1_259' title='bbox 776 2326 820 2365; x_wconf 91' lang='lat' dir='ltr'>In</span> <span class='ocrx_word' id='word_1_260' title='bbox 851 2336 898 2364; x_wconf 91' lang='lat' dir='ltr'>ea</span> <span class='ocrx_word' id='word_1_261' title='bbox 922 2336 1042 2364; x_wconf 88' lang='lat' dir='ltr'>causa</span> <span class='ocrx_word' id='word_1_262' title='bbox 1072 2336 1156 2364; x_wconf 90' lang='lat' dir='ltr'>cum</span> <span class='ocrx_word' id='word_1_263' title='bbox 1186 2331 1392 2366; x_wconf 89' lang='lat' dir='ltr'>accusator</span> <span class='ocrx_word' id='word_1_264' title='bbox 1413 2327 1553 2366; x_wconf 92' lang='lat' dir='ltr'>Accius</span> <span class='ocrx_word' id='word_1_265' title='bbox 1585 2328 1655 2367; x_wconf 88' lang='lat' dir='ltr'>ob-</span> 
     </span>
    </p>
   </div>
   <div class='ocr_carea' id='block_1_3' title="bbox 265 2497 1654 2710">
    <p class='ocr_par' dir='ltr' id='par_1_3' title="bbox 265 2497 1654 2710">
     <span class='ocr_line' id='line_1_34' title="bbox 354 2497 1654 2543; baseline 0.004 -13"><span class='ocrx_word' id='word_1_266' title='bbox 354 2497 415 2541; x_wconf 81' lang='lat'>97)</span> <span class='ocrx_word' id='word_1_267' title='bbox 446 2498 593 2535; x_wconf 81' lang='lat' dir='ltr'>Quintil.</span> <span class='ocrx_word' id='word_1_268' title='bbox 622 2499 683 2534; x_wconf 91' lang='lat' dir='ltr'>IV.</span> <span class='ocrx_word' id='word_1_269' title='bbox 714 2501 753 2543; x_wconf 83' lang='lat' dir='ltr'>l,</span> <span class='ocrx_word' id='word_1_270' title='bbox 779 2500 835 2535; x_wconf 77' lang='lat'>69.</span> <span class='ocrx_word' id='word_1_271' title='bbox 880 2499 956 2534; x_wconf 88' lang='lat' dir='ltr'>Vll.</span> <span class='ocrx_word' id='word_1_272' title='bbox 980 2500 1021 2542; x_wconf 78' lang='lat'>2,</span> <span class='ocrx_word' id='word_1_273' title='bbox 1045 2499 1101 2534; x_wconf 81' lang='lat'>86.</span> <span class='ocrx_word' id='word_1_274' title='bbox 1150 2499 1310 2535; x_wconf 84' lang='lat' dir='ltr'>Ambitus</span> <span class='ocrx_word' id='word_1_275' title='bbox 1335 2501 1430 2535; x_wconf 87' lang='lat' dir='ltr'>enim</span> <span class='ocrx_word' id='word_1_276' title='bbox 1455 2500 1654 2543; x_wconf 67' lang='lat' dir='ltr'>damnatus,</span> 
     </span>
     <span class='ocr_line' id='line_1_35' title="bbox 265 2554 1651 2599; baseline 0.004 -12"><span class='ocrx_word' id='word_1_277' title='bbox 265 2554 546 2599; x_wconf 85' lang='lat' dir='ltr'>repetundarum</span> <span class='ocrx_word' id='word_1_278' title='bbox 572 2556 757 2591; x_wconf 83' lang='lat' dir='ltr'>absolutus</span> <span class='ocrx_word' id='word_1_279' title='bbox 783 2562 837 2592; x_wconf 80' lang='lat' dir='ltr'>est</span> <span class='ocrx_word' id='word_1_280' title='bbox 862 2557 1036 2598; x_wconf 79' lang='lat' dir='ltr'>Scaurus3</span> <span class='ocrx_word' id='word_1_281' title='bbox 1066 2556 1111 2589; x_wconf 86' lang='lat' dir='ltr'>de</span> <span class='ocrx_word' id='word_1_282' title='bbox 1136 2556 1205 2590; x_wconf 81' lang='lat' dir='ltr'>hoe</span> <span class='ocrx_word' id='word_1_283' title='bbox 1232 2557 1362 2591; x_wconf 86' lang='lat' dir='ltr'>iudicio</span> <span class='ocrx_word' id='word_1_284' title='bbox 1388 2570 1423 2593; x_wconf 84' lang='lat' dir='ltr'>v.</span> <span class='ocrx_word' id='word_1_285' title='bbox 1449 2557 1529 2592; x_wconf 79' lang='lat' dir='ltr'>Val.</span> <span class='ocrx_word' id='word_1_286' title='bbox 1550 2558 1651 2593; x_wconf 81' lang='lat' dir='ltr'>Max.</span> 
     </span>
     <span class='ocr_line' id='line_1_36' title="bbox 266 2609 1650 2710; baseline 0.004 -66"><span class='ocrx_word' id='word_1_287' title='bbox 266 2609 476 2710; x_wconf 44' lang='grc' dir='ltr'>11)Ὶίξῶιίἒὶίέ</span> <span class='ocrx_word' id='word_1_288' title='bbox 498 2667 538 2701; x_wconf 71' lang='lat'>13</span> <span class='ocrx_word' id='word_1_289' title='bbox 580 2612 639 2656; x_wconf 76' lang='lat'>98)</span> <span class='ocrx_word' id='word_1_290' title='bbox 666 2612 815 2651; x_wconf 76' lang='lat' dir='ltr'>Quintil.</span> <span class='ocrx_word' id='word_1_291' title='bbox 829 2613 893 2649; x_wconf 75' lang='lat' dir='ltr'>xl.</span> <span class='ocrx_word' id='word_1_292' title='bbox 908 2613 1006 2656; x_wconf 75' lang='lat' dir='ltr'>l,74.</span> <span class='ocrx_word' id='word_1_293' title='bbox 1033 2613 1106 2648; x_wconf 87' lang='lat' dir='ltr'>Cic.</span> <span class='ocrx_word' id='word_1_294' title='bbox 1121 2611 1249 2648; x_wconf 67' lang='lat'><em>011211.</em></span> <span class='ocrx_word' id='word_1_295' title='bbox 1268 2614 1319 2656; x_wconf 70' lang='lat'>14,</span> <span class='ocrx_word' id='word_1_296' title='bbox 1334 2614 1389 2650; x_wconf 86' lang='lat'>51.</span> <span class='ocrx_word' id='word_1_297' title='bbox 1493 2615 1551 2658; x_wconf 79' lang='lat'>99)</span> <span class='ocrx_word' id='word_1_298' title='bbox 1578 2614 1650 2650; x_wconf 90' lang='lat' dir='ltr'>Cic.</span> 
     </span>
    </p>
   </div>
   <div class='ocr_carea' id='block_1_4' title="bbox 1811 0 1835 1503">
    <p class='ocr_par' dir='ltr' id='par_1_4' title="bbox 1811 0 1835 1503">
     <span class='ocr_line' id='line_1_37' title="bbox 1811 0 1835 1503; baseline 0 0"><span class='ocrx_word' id='word_1_299' title='bbox 1811 0 1835 1503; x_wconf 95' lang='lat' dir='ltr'> </span> 
     </span>
    </p>
   </div>
   <div class='ocr_carea' id='block_1_5' title="bbox 1807 1190 1824 2348">
    <p class='ocr_par' dir='ltr' id='par_1_5' title="bbox 1807 1190 1824 2348">
     <span class='ocr_line' id='line_1_38' title="bbox 1807 1190 1824 2348; baseline 0 0"><span class='ocrx_word' id='word_1_300' title='bbox 1807 1190 1824 2348; x_wconf 95' lang='lat' dir='ltr'> </span> 
     </span>
    </p>
   </div>
  </div>
 </body>
</html>
