1892 3116
281 249 340 279 xii
772 226 1167 270 PRAEFATIO.

278 347 410 387 literis
447 342 611 384 minutis
651 339 865 381 exhibetur
904 339 1039 381 medio
1081 339 1186 380 inter
1220 336 1350 380 verba
1381 334 1596 378 Ciceronis
1628 337 1663 377 ἃ

279 422 584 465 annotationem
614 419 799 460 criticam
827 417 934 459 loco.

389 498 584 553 Sequitur
612 508 747 537 rerum
777 501 817 537 et
844 493 1062 537 verborum
1093 493 1427 549 explicandorum
1449 504 1665 534 xcommen-

279 579 405 620 tarius
436 577 568 618 minus
600 575 795 629 copiosus
834 585 955 628 quam
985 573 1252 613 necessarius
1291 578 1330 613 et
1361 571 1551 627 scriptori
1582 569 1662 611 soli

276 668 397 711 quam
440 653 686 695 brevissime
730 650 820 692 fieri
862 651 1064 706 potuisset
1107 649 1352 704 explicando
1399 650 1663 698 constitutus3

276 746 358 788 qna
395 732 444 773 de
477 743 605 773 causa
635 730 758 771 etiam
790 741 895 784 quae
925 729 967 769 in
1003 727 1309 769 commentariis
1340 727 1494 768 criticis
1525 732 1564 766 et
1594 738 1665 767 ex-

273 810 496 867 plicatione
538 808 737 850 librorum
778 807 828 849 de
863 805 1038 848 Oratore
1075 804 1261 860 pluribus
1302 810 1519 846 exsecutus
1551 816 1665 845 eram

274 888 404 930 verbo
449 893 560 929 tacta
603 887 826 928 transmisi.
894 884 1010 935 Quae
1056 883 1211 924 inserui
1253 881 1418 936 Meyeri
1455 889 1494 923 et
1534 880 1667 923 Bern-

274 966 422 1020 hardyi
463 970 658 1006 annotata
696 963 763 1006 vel
792 962 998 1005 refutandi
1025 961 1091 1003 vel
1125 961 1380 1003 assentiendi
1411 973 1560 1008 causa,
1599 959 1665 1001 his

274 1057 423 1086 nomen
468 1043 648 1084 auctoris
693 1041 893 1095 religiose
942 1039 1096 1080 addidi.
1161 1037 1315 1080 Horum
1359 1037 1407 1078 V.
1447 1036 1497 1078 D.
1536 1036 1667 1079 Bern-

274 1122 407 1176 hardy
449 1121 500 1163 ad
531 1119 699 1161 Brutum
738 1125 848 1160 recte
888 1115 1201 1170 intelligendum
1230 1116 1446 1171 plurimum
1477 1116 1665 1168 contulit3

275 1201 317 1241 in
347 1213 392 1241 re
427 1200 572 1242 critica
603 1203 735 1239 autem
771 1195 936 1250 Meyeri
966 1194 1104 1237 verbis
1135 1194 1392 1248 castigandis
1425 1208 1545 1249 quam
1578 1196 1665 1236 suis

274 1278 451 1319 inventis
482 1274 819 1319 commendandis
850 1274 1015 1316 felicior
1039 1273 1201 1315 videtur
1230 1273 1376 1314 fuisse.
1428 1271 1514 1314 Sed
1544 1286 1663 1315 meae

275 1355 467 1397 editionis
496 1356 647 1410 prioris
676 1353 925 1396 versiculum
952 1365 1002 1393 ne
1033 1365 1156 1393 unum
1187 1351 1350 1406 quidem
1379 1352 1548 1401 retinui3
1580 1357 1667 1393 tota

277 1435 382 1475 enim
415 1435 548 1474 minus
581 1432 800 1474 elaborata
829 1438 868 1473 et
898 1429 976 1472 hac
1008 1436 1142 1472 aetate
1173 1430 1463 1486 propemodum
1495 1430 1667 1484 indigna

274 1511 509 1560 videbatur,
542 1517 583 1552 ut
613 1511 852 1552 memoriam
884 1509 1021 1564 operis
1052 1507 1233 1550 inchoati
1270 1514 1309 1549 et
1336 1508 1450 1550 rudis
1474 1516 1666 1563 quantum

275 1590 362 1632 fieri
392 1595 533 1646 posset
561 1588 787 1631 tollendam
819 1588 1110 1629 existimarem.
1230 1581 1232 1583 ’

391 1667 477 1708 Sed
526 1666 575 1708 de
612 1665 933 1721 orthographiae
972 1665 1152 1713 ratione,
1196 1676 1318 1718 quam
1358 1670 1525 1706 secutus
1564 1679 1665 1716 suni,

276 1758 411 1802 pauca
444 1744 615 1785 addam:
664 1743 852 1797 intelligo
893 1745 1001 1784 enim
1039 1742 1152 1791 sore,
1192 1748 1234 1782 ut
1263 1741 1358 1783 aliis
1398 1743 1440 1783 in
1474 1744 1669 1785 novanda

277 1826 480 1880 scriptura
520 1824 625 1864 iusto
664 1822 830 1876 longius
864 1832 1132 1876 prog1·eSSuS‚
1173 1819 1268 1860 aliis
1309 1822 1351 1860 in
1382 1821 1516 1862 medio
1547 1823 1666 1876 quasi

277 1916 398 1944 cursu
427 1901 660 1943 substitisse
686 1900 843 1941 videar.
901 1897 1005 1940 Nam
1036 1905 1075 1939 et
1107 1896 1158 1938 ab
1190 1910 1331 1939 eorum
1360 1899 1510 1940 inertia
1539 1899 1667 1955 pluri-

277 1994 382 2022 mum
415 1979 580 2026 absum,
611 1980 678 2033 qui
705 1978 897 2033 quicquid
926 1990 1149 2033 perversae
1176 1976 1483 2019 consuetudinis
1513 1977 1563 2018 ad
1590 1991 1668 2020 nos

276 2059 476 2114 perlatum
522 2065 584 2098 est
630 2058 824 2098 intactum
871 2057 1028 2097 servari
1075 2055 1248 2105 malunt,
1295 2061 1333 2096 et
1374 2068 1399 2096 a
1438 2058 1667 2098 temeritate

278 2151 417 2179 eorum
443 2138 656 2189 seiungor,
684 2137 750 2190 qni
777 2133 968 2176 Ciceroni
994 2133 1210 2176 obtrudunt
1235 2135 1425 2189 quicquid
1451 2134 1666 2178 obsoletae

279 2215 490 2256 vetustatis
516 2220 652 2255 notam
683 2225 782 2267 prae
815 2226 860 2253 se
892 2213 982 2253 sert.

390 2291 435 2333 ln
479 2304 638 2333 summa
682 2292 789 2331 enim
834 2290 1033 2332 librorum
1082 2291 1362 2332 inconstantia,
1401 2296 1493 2332 sunt
1530 2296 1669 2332 tamen

278 2370 408 2412 verba
459 2375 497 2410 et
540 2369 758 2411 verborum
802 2369 987 2418 formae,
1040 2369 1083 2409 in
1128 2368 1275 2423 quibus
1320 2367 1553 2410 scribendis
1601 2375 1669 2411 aut

280 2461 422 2490 omnes
454 2454 521 2488 aut
549 2447 711 2502 plurimi
742 2455 810 2489 aut
839 2448 999 2503 optimi,
1039 2447 1076 2487 si
1105 2460 1186 2488 non
1210 2446 1379 2500 ubique,
1413 2452 1453 2486 at
1480 2446 1668 2501 plurimis

280 2527 385 2568 locis
410 2527 666 2581 conspirent;
703 2526 755 2567 ad
778 2539 947 2580 quorum
972 2525 1090 2566 fidem
1117 2538 1205 2566 cum
1232 2525 1338 2565 ratio
1368 2530 1407 2564 et
1430 2526 1668 2567 testimonia.

280 2611 458 2646 veterum
489 2605 588 2645 artis
621 2605 862 2660 scriptorum
894 2603 1110 2653 accedunt,
1141 2603 1279 2644 omnia
1304 2602 1357 2643 ad
1381 2602 1555 2644 eundem
1579 2617 1667 2646 mo-

283 2683 374 2723 dum
416 2682 724 2730 constituenda,
766 2683 1045 2739 discrepantia
1082 2680 1332 2735 corrigenda
1362 2687 1466 2722 sunt.
1524 2679 1586 2723 Ex
1616 2695 1666 2724 eo

284 2774 435 2812 genere
460 2766 551 2802 sunt
577 2762 802 2803 accusativi
823 2761 997 2817 pluralis
1021 2761 1227 2803 nominum
1250 2760 1396 2802 tertiae
1422 2759 1666 2802 declinatio-
