1835 3126
328 228 450 281 320
751 223 1291 268 EXPLIGATIONES

330 345 486 383 Fulvius
503 341 659 378 Flaccus
683 349 762 377 cos.
788 349 825 376 a.
841 339 924 377 629
944 336 1205 378 Gracchorum
1226 340 1354 379 socius
1377 350 1461 379 cum
1478 338 1521 380 G.
1541 337 1717 380 Graccho

330 409 482 449 occisus
508 411 565 446 est
588 417 612 444 a
633 405 679 445 L.
697 403 850 456 Opimio
876 415 913 442 a.
927 405 1023 444 633.
1048 424 1102 429 —-
1135 403 1175 441 G.
1191 407 1347 443 Porcius
1364 407 1456 444 carto
1480 417 1559 445 coS.
1583 417 1619 444 a.
1635 405 1719 444 640

329 476 420 527 lege
435 473 618 515 Mamilia
633 483 723 511 reus
741 476 777 510 et
793 470 917 519 exsul,
942 468 1046 522 quod
1061 469 1287 520 Iugurtham
1302 470 1495 511 adiuvisse
1509 471 1717 512 videretur.

443 565 511 600 etsi
553 561 682 598 Flacci
727 561 869 609 scripta
905 558 1005 608 sunt]
1049 558 1148 597 haec
1193 562 1375 596 accurate
1419 569 1502 597 cum
1543 560 1720 611 proxime

329 627 652 684 praecedentibus
693 627 906 666 cohaerere
944 624 1192 675 cogitandum
1225 629 1302 672 cst,
1341 628 1383 663 ut
1411 624 1469 664 ris
1503 626 1720 676 particulae

330 700 400 735 etsi
428 695 686 745 intelligatur.
735 693 811 742 Qui
840 697 929 731 ante
961 691 1247 731 commemorati
1278 695 1364 730 sunt
1394 696 1572 730 oratores
1601 691 1723 742 pleri-

332 775 406 816 que
436 762 524 802 sola
551 761 772 812 aequalium
799 759 1082 799 existimatione
1112 757 1279 797 iudicari
1301 763 1482 810 potuere,
1514 757 1607 809 quia
1628 757 1725 796 nihil

332 829 466 882 scripti
495 828 759 880 reliquerant;
790 826 1002 878 eodemque
1031 824 1168 873 modo,
1197 825 1322 877 inquit
1356 824 1512 872 Cicero,
1542 823 1725 864 Flaccum

332 902 530 937 oratorem
572 894 806 934 mediocrem
851 893 974 932 fuisse
1019 892 1265 944 accepimus;
1310 903 1417 940 nam,
1463 891 1535 930 etsi
1580 891 1726 942 scripta

332 962 524 1016 quaedam
554 962 735 1013 reliquit,
769 973 816 1000 ea
839 960 1043 1000 literarum
1068 958 1280 998 studiosum
1303 958 1426 997 fuisse
1451 958 1725 1005 demonstrant,

332 1042 410 1070 non
440 1033 649 1069 oratorem.

444 1109 487 1143 P.
522 1105 671 1154 Decius]
708 1108 870 1156 praetor
907 1115 944 1142 a.
983 1103 1086 1150 6403
1129 1101 1299 1141 dubitari
1335 1113 1412 1140 non
1448 1105 1595 1152 potest,
1634 1100 1725 1151 quin

334 1173 383 1211 sit
412 1170 534 1219 idem,
566 1170 631 1221 qui
655 1170 848 1220 Opimium
878 1170 1078 1209 accusavit
1099 1168 1328 1208 defendente
1356 1167 1537 1208 Carbone
1567 1167 1726 1207 consule

334 1251 371 1278 a.
405 1239 507 1285 6343
537 1249 573 1277 v.
603 1234 815 1286 Explicatt.
844 1234 885 1272 in
916 1234 964 1273 de
994 1235 1061 1274 Or.
1090 1234 1122 1273 Ι.
1152 1236 1227 1282 31,
1260 1233 1352 1273 135.

449 1316 542 1354 109.
604 1313 643 1350 G.
676 1311 838 1361 Drusus]
876 1312 910 1350 is
941 1310 989 1350 de
1024 1311 1110 1349 iure
1151 1310 1257 1350 civili
1284 1310 1460 1362 scripsit:
1497 1309 1586 1352 Val.
1615 1311 1726 1350 Max.

333 1381 433 1425 VIII.
463 1383 508 1430 7,
538 1381 578 1420 4.

450 1462 511 1496 M.
544 1457 707 1506 Pennus]
746 1456 923 1496 tribunus
961 1467 998 1494 a.
1030 1454 1114 1495 628
1149 1453 1279 1505 legem
1309 1453 1356 1493 de
1385 1453 1604 1506 peregrinis
1632 1454 1730 1494 urbe

333 1525 526 1579 pellendis
565 1524 672 1572 tulit,
713 1523 775 1562 cui
815 1522 1012 1563 Gracchus
1050 1520 1278 1561 adversatus
1318 1525 1388 1560 est.
1452 1520 1552 1561 Nam
1586 1520 1729 1560 salsam

333 1593 467 1634 Beieri
502 1591 761 1644 suspicionem
795 1588 900 1642 apud
930 1589 1012 1629 Cic.
1043 1587 1117 1628 Off.
1146 1587 1214 1627 III.
1245 1589 1318 1637 ll,
1346 1589 1415 1628 47.
1473 1591 1618 1633 Fanni,
1663 1588 1729 1639 qui

337 1660 484 1701 consul·
502 1659 595 1707 suit,
626 1669 710 1697 cum
735 1656 934 1697 Gracchus
964 1655 1140 1695 tribunus
1165 1659 1271 1704 erat,
1301 1655 1504 1694 scribentis
1528 1654 1728 1697 Walterus

336 1728 377 1767 in
414 1727 513 1767 Hist.
547 1725 625 1764 Iur.
665 1724 777 1764 Rom.
821 1735 859 1776 p.
899 1722 1002 1763 245:
1048 1722 1233 1762 refutavit
1274 1721 1464 1762 Fanniam
1506 1722 1635 1773 legem
1679 1721 1730 1761 ad

335 1794 496 1835 Italicos
527 1797 564 1831 et
591 1791 753 1831 Latinos
782 1790 1018 1842 pertinuisse
1048 1788 1234 1829 docendo.

449 1870 562 1917 facile
598 1870 756 1916 agitavit
788 1888 840 1894 -
879 1866 1102 1916 Gracchum]
1142 1867 1242 1906 mira
1280 1866 1328 1906 (lc
1367 1868 1441 1907 hoc
1479 1866 1569 1907 loco
1606 1866 1730 1907 Bern-

338 1935 463 1987 hardy
503 1935 698 1987 disputat:
745 1933 927 1984 quoniam
963 1933 1116 1971 Pennus
1157 1933 1373 1973 Gracchum
1414 1934 1605 1974 hominem
1646 1934 1729 1973 elo-

339 2003 628 2055 quentissimum
665 1999 826 2039 dicendo
865 1998 1019 2048 agitare
1056 2010 1133 2038 non
1166 2000 1358 2051 potuerit,
1395 2012 1533 2039 nomen
1565 2000 1730 2041 Gracchi

341 2081 424 2109 cum
454 2067 704 2119 sequentihus
734 2064 1043 2114 coniungendum
1068 2063 1297 2114 (Gracchum
1323 2067 1438 2116 paulo
1469 2073 1590 2105 aetate
1619 2074 1727 2105 ante-

340 2133 507 2184 cedens),
558 2133 719 2175 verbum
763 2131 934 2180 agitanda
974 2135 1101 2170 autem
1149 2132 1323 2182 quamvis
1369 2133 1547 2172 absolute
1589 2133 1729 2173 dictum

340 2201 564 2253 significare
599 2199 826 2239 facultatem
853 2197 977 2237 Penni
1016 2197 1215 2237 auditores
1254 2198 1295 2236 in
1333 2199 1544 2250 quamlibet
1579 2206 1729 2252 partem

339 2267 600 2321 pertrahentis
631 2271 668 2306 et
698 2269 909 2306 commotos
939 2264 1053 2304 simul
1082 2264 1134 2304 ad
1159 2276 1293 2304 sensus
1324 2267 1501 2306 excelsos
1530 2267 1728 2317 erigentis.

339 2335 421 2376 Nec
460 2335 675 2375 Gracchum
719 2337 966 2384 quaestorem
1008 2336 1097 2371 tunc
1136 2331 1426 2372 Sardiniensem
1470 2345 1516 2373 eo
1554 2338 1729 2386 tempore

338 2402 418 2442 iam
447 2402 626 2452 attigisse
654 2411 736 2440 rem
762 2398 971 2451 publicam.
1027 2398 1135 2438 Nihil
1173 2400 1212 2438 in
1241 2400 1300 2439 his
1330 2400 1556 2452 probabile,
1589 2401 1729 2441 nedum

337 2480 483 2510 verum.
541 2470 699 2517 Ayttare
734 2466 790 2506 sic
828 2478 853 2505 a
888 2466 1038 2505 nemine
1075 2465 1151 2505 dici
1186 2467 1360 2519 potuisse
1392 2480 1471 2508 non
1500 2480 1728 2509 commemo-

338 2536 450 2576 rabo.
519 2534 599 2575 Sed
641 2535 675 2573 si
709 2534 862 2574 Pennus
907 2532 1110 2572 artificium
1154 2533 1351 2574 auditores
1391 2547 1548 2587 quoquo
1588 2536 1729 2576 liberet

336 2601 589 2656 pertrahendi
633 2599 972 2652 commovendique
1012 2599 1201 2649 callebat,
1247 2606 1381 2641 orator
1424 2603 1602 2654 profecto
1643 2608 1728 2643 erat

336 2670 490 2709 minime
531 2668 792 2721 spernendus:
836 2678 985 2708 vexare
1024 2667 1145 2718 igitur
1185 2669 1300 2708 etiam
1339 2669 1551 2710 Gracchum
1588 2670 1724 2722 potuit.

334 2735 484 2777 Deinde
524 2737 558 2776 si
590 2736 787 2778 Gracchus
824 2734 872 2775 de
908 2734 999 2786 lege
1036 2734 1157 2775 Penni
1194 2740 1232 2776 et
1266 2738 1487 2789 peregrinis
1523 2738 1639 2787 dixit,
1684 2743 1724 2778 ut
