1835 3126
298 231 381 276 34
507 223 703 269 BREVIS
734 222 1127 276 ELOQUENTIAE
1158 223 1292 266 ROM.
1324 222 1466 265 lllST.

297 343 392 383 vidit
435 346 561 379 tamen
603 339 659 378 Μ’
698 338 896 389 Aquilium
940 338 983 378 C.
1023 338 1256 377 Tuditanum
1298 336 1504 384 consules,
1549 335 1687 388 quibus

300 407 540 458 colloquium
571 403 617 443 de
634 404 692 444 Re
721 404 880 456 publica
907 405 1079 444 habitum
1109 400 1368 456 flagitia-(¹⁰).
1412 404 1449 443 Is
1480 408 1537 443 est
1566 415 1687 442 annus

297 475 346 514 ab
377 474 473 513 urbe
504 471 598 511 625.

408 541 573 580 Praeter
595 536 792 575 orationes
818 537 860 573 de
882 540 1074 584 fro-tratione
1090 538 1286 575 Scribonia
1309 538 1497 577 memoria
1522 537 1688 576 aliarum

301 620 378 647 non
417 610 562 652 exstat,
602 604 677 642 nisi
707 603 942 642 defensionis
973 603 1268 654 publicanorum
1300 604 1346 643 de
1377 604 1495 643 caede
1523 605 1563 643 in
1593 604 1693 643 silva

300 674 389 715 Sila
418 673 524 711 sacta
540 668 625 722 (¹¹).
671 669 750 710 Sed
779 681 827 708 ne
856 669 1016 709 verbum
1047 670 1200 720 quidem
1223 671 1304 709 eius
1329 671 1424 718 viri,
1455 671 1521 722 qui
1545 682 1692 721 aequa-

297 741 392 780 lium
416 738 690 778 disertissimus
714 736 869 775 habitus
892 741 968 784 est,
989 742 1177 775 retentum
1203 748 1287 775 esse
1310 737 1432 775 minus
1456 736 1694 782 mirabimur,

300 819 385 847 cum
412 806 608 846 orationes
634 804 715 843 eius
740 804 817 842 iam
834 803 1033 843 Ciceronis
1058 808 1185 842 aetate
1209 815 1334 854 paene
1359 803 1563 843 evanuisse
1592 803 1693 841 scia-

299 885 382 913 mus
409 870 492 922 (¹‘-').
551 872 648 911 Erat
688 871 785 909 enim
819 870 946 910 Galba
976 870 1058 908 sine
1089 869 1204 909 dubio
1236 883 1380 910 summo
1411 870 1588 919 ingenio,
1628 868 1697 908 sed

301 940 388 979 sola
417 944 558 978 natura
587 938 709 976 fretus
740 948 823 976 eum
853 948 978 987 neque
1003 936 1128 975 literis
1153 938 1350 987 ingenium
1373 937 1607 976 excoluisset
1624 932 1693 984 (¹3)

299 1018 425 1058 neque
463 1005 738 1045 sententiarum
771 1003 948 1055 pondera
981 1004 1110 1054 potius
1150 1016 1265 1054 quam
1298 1005 1506 1044 verborum
1543 1013 1695 1040 cursum

301 1078 339 1112 et
373 1073 514 1112 flumen
552 1074 865 1117 consectaretur,
906 1070 1105 1108 orationes
1145 1070 1302 1109 auditae
1335 1074 1498 1121 propter
1527 1068 1695 1118 gratiam

301 1139 381 1179 oris
420 1143 456 1177 et
486 1137 650 1177 actionis
680 1135 908 1187 placebant,
948 1135 1074 1174 lectae
1105 1136 1253 1175 animos
1294 1147 1420 1187 neque
1450 1134 1696 1175 delectabant

300 1217 427 1256 neque
464 1204 670 1244 movebant
694 1199 775 1253 (¹⁴).
836 1202 948 1251 Quod
984 1202 1086 1241 idem
1122 1203 1207 1242 viro
1245 1202 1349 1242 haud
1388 1201 1508 1254 paulo
1540 1201 1696 1240 cultiori

302 1271 444 1311 accidit
482 1270 682 1310 Ciceronis
721 1269 877 1321 aequali
917 1269 963 1317 Q.
1001 1269 1223 1309 Hortensio.
1283 1270 1430 1308 Tamen
1468 1267 1696 1307 adolescens

301 1339 381 1377 tres
419 1337 512 1376 illos
551 1336 806 1388 philosophos
842 1336 1131 1375 Atheniensium
1168 1336 1323 1386 legatos
1363 1334 1519 1374 audisse
1558 1334 1697 1373 dicitur

303 1410 340 1444 et
371 1408 475 1443 certe
503 1403 766 1443 Romanorum
794 1403 940 1454 primus
966 1402 1061 1441 dixit
1082 1401 1349 1449 artificiosius,
1379 1408 1421 1440 ut
1443 1391 1696 1452 egrederetur

302 1482 327 1509 a
355 1470 583 1521 proposito,
613 1474 656 1508 ut
684 1481 766 1507 rem
796 1468 976 1518 augendo
1003 1467 1256 1506 minuendove
1279 1468 1532 1507 illustriorem
1554 1467 1694 1506 redde-

299 1540 380 1583 ret,
426 1540 468 1574 ut
510 1534 657 1574 iudices
698 1534 894 1573 delectare
938 1538 974 1573 et
1011 1545 1166 1572 movere
1202 1534 1320 1573 vellet
1341 1531 1424 1583 (¹5).
1482 1534 1694 1574 Plurimum

299 1608 428 1642 tamen
462 1601 658 1641 tribuebat
691 1601 956 1641 vehementiae
986 1600 1170 1647 actionis;
1210 1612 1310 1652 quae
1345 1605 1402 1639 est
1431 1602 1624 1653 asperitas
1653 1601 1693 1639 in

301 1668 484 1716 dicendo,
523 1680 638 1719 quam
669 1667 822 1706 Tullius
854 1668 890 1707 ei
918 1664 1161 1719 tribuitofi),
1202 1667 1306 1719 quod
1336 1668 1415 1706 alio
1445 1668 1534 1707 loco
1567 1668 1693 1719 expli-

302 1735 425 1774 catius
469 1734 610 1773 dicitur
655 1733 825 1772 clamore
867 1739 903 1773 et
938 1734 1126 1774 lateribus
1165 1746 1343 1786 pugnare
1366 1732 1449 1785 (¹⁷).
1517 1735 1624 1786 Aper
1653 1734 1693 1772 in

302 1801 486 1851 dialogo,
518 1812 630 1852 quem
654 1800 782 1839 Taciti
808 1800 955 1848 ferunt,
985 1806 1168 1851 tanquam
1191 1801 1327 1840 ultima
1350 1801 1578 1852 antiquitate
1599 1801 1692 1839 hor-

301 1867 427 1907 ridum
468 1867 601 1906 abiicit
632 1879 814 1918 prorsus;
854 1868 980 1906 mitius
1011 1868 1216 1907 Maternus
1254 1867 1389 1907 deesse
1428 1866 1577 1919 aliquid
1609 1867 1691 1906 eius

301 1934 504 1983 laudibus,
536 1945 635 1986 quae
666 1938 724 1973 est
753 1928 946 1986 λιτότης,
976 1934 1120 1974 fatetur
1137 1930 1220 1983 (¹⁸).

927 2047 962 2100 ς.
1000 2047 1063 2085 17.

448 2118 503 2154 M.
530 2119 691 2165 Lepidus
720 2121 878 2155 Porcina
905 2126 939 2154 et
967 2125 1134 2155 oratores
1158 2122 1219 2155 alii
1242 2122 1355 2155 minus
1380 2120 1544 2154 illustres.

415 2204 473 2237 Μ.
504 2201 687 2238 Aemilius
717 2202 882 2251 Lepidus
911 2204 1071 2239 Porcina
1111 2203 1318 2252 agnomine
1355 2201 1455 2240 alias
1484 2201 1524 2239 in
1554 2212 1601 2240 ea
1630 2201 1691 2240 sa-

304 2267 411 2307 milia
438 2267 595 2307 insolito
626 2271 737 2306 natus
766 2267 919 2308 videtur
952 2280 1052 2307 anno
1082 2268 1166 2308 fere
1198 2268 1302 2316 574,
1340 2272 1381 2307 111
1417 2268 1553 2319 paucis
1583 2268 1692 2307 annis

402 2406 457 2449 10)
484 2406 555 2441 Cic.
575 2407 643 2452 Rp.
671 2407 731 2441 ΙΙΙ.
751 2408 807 2444 30.
926 2408 981 2451 ll)
1011 2409 1084 2443 Cic.
1107 2407 1211 2443 Brut.
1231 2409 1286 2443 22.
1408 2408 1463 2451 12)
1489 2409 1561 2442 Cic.
1585 2408 1689 2443 Brut.

305 2462 369 2504 21,
389 2463 442 2498 82.
564 2464 619 2506 13)
645 2464 945 2499 Westermamms
964 2477 997 2510 p.
1014 2464 1066 2499 76.
1094 2464 1163 2498 hoc
1184 2476 1306 2499 verum
1328 2476 1408 2499 esse
1430 2469 1553 2509 negat3
1577 2460 1691 2498 solain

306 2520 400 2552 enim
426 2518 510 2553 iuris
532 2520 694 2564 peritiam
717 2521 855 2555 Galbae
873 2533 944 2555 non
967 2521 1115 2555 concedi
1135 2532 1156 2554 a
1173 2521 1351 2555 Cicerone
1373 2521 1417 2554 de
1438 2518 1500 2554 Or.
1519 2519 1544 2554 l.
1568 2519 1619 2562 10,
1636 2520 1690 2555 40.

306 2575 382 2609 Sed
413 2576 470 2618 qui
506 2575 649 2621 ignarus
674 2577 791 2622 legum
818 2583 852 2611 et
880 2578 1061 2612 haesitans
1098 2577 1132 2610 in
1158 2578 1332 2611 maiorum
1357 2577 1525 2611 institutis
1550 2576 1691 2617 dicitur,

305 2631 335 2665 is
370 2631 533 2676 profecto
570 2644 636 2666 nec
667 2633 779 2669 literis
805 2635 918 2669 cultus
944 2638 1020 2668 erat
1053 2637 1087 2667 et
1114 2634 1218 2678 plura
1243 2634 1455 2679 ignorabat,
1490 2644 1595 2677 quam
1626 2631 1690 2665 ius.

310 2687 366 2729 14)
398 2686 470 2722 Cic.
498 2687 601 2725 Brut.
626 2689 682 2724 211.
804 2691 858 2733 15)
885 2690 958 2725 Cic.
984 2689 1087 2725 Brut.
1113 2689 1178 2732 21,
1201 2689 1259 2724 82.
1377 2690 1432 2732 10)
1459 2688 1530 2724 Cic.
1557 2688 1602 2721 de
1627 2685 1690 2723 Or.

308 2741 369 2778 111.
394 2743 427 2787 7,
452 2744 506 2779 28.
628 2746 684 2789 17)
711 2747 755 2781 de
780 2745 845 2781 Or.
873 2747 898 2782 1.
921 2746 986 2788 60,
1010 2746 1088 2780 255.
1208 2746 1264 2789 18)
1291 2757 1320 2780 6.
1348 2745 1400 2782 18.
1428 2750 1463 2781 et
1485 2744 1539 2780 25.
