1835 3126
235 223 340 266 112
446 214 642 261 BREVIS
673 213 1066 268 ELOQUENTIAE
1098 215 1232 260 ROM.
1264 216 1407 260 HIST.

235 333 351 373 claris
383 329 603 370 oratoribus
629 327 772 368 Crasso
805 335 842 369 et
864 331 1031 370 Antonio
1063 331 1124 370 cui
1155 332 1265 383 operi
1295 336 1406 370 natus
1438 336 1475 371 et
1506 344 1530 370 a
1554 343 1625 370 na-

234 405 322 438 tura
350 397 475 436 factus
496 401 597 434 esset
619 395 823 434 intellexit.
870 396 913 434 Id
938 397 1058 446 igitur
1086 397 1250 447 primum
1273 399 1364 447 egit,
1393 403 1434 437 ut
1458 399 1624 437 omnium

234 466 372 504 artium
402 463 732 502 accuratissimam
769 463 1029 512 cognitionem
1062 455 1302 502 imbiberet.'
1335 464 1398 502 Ius
1430 465 1543 503 civile
1575 464 1625 502 ad

234 532 282 581 Q.
317 532 491 571 Mucium
530 529 762 570 Scaevolam
800 541 987 579 augurem
1027 529 1210 569 deductus
1252 529 1404 577 didicit;
1446 531 1625 581 quicum

232 604 404 638 mortuus
429 602 548 644 esset,
581 597 626 645 Q.
646 596 819 635 Mucium
848 596 1065 648 pontificem
1088 597 1293 636 maximum
1318 601 1532 635 assentatus
1557 602 1626 636 est.

231 666 331 705 Mox
369 665 530 704 Romam
570 663 708 701 delatis
745 664 1044 715 praecipuarum
1080 663 1119 701 in
1148 663 1399 715 philosophia
1435 670 1625 703 sectarum

230 732 470 784 principilnts
520 730 699 770 Phaedro
742 730 936 782 Epicureo
980 729 1149 769 Diodoto
1198 730 1331 770 Stoico
1386 735 1422 769 et
1463 731 1625 770 Philone

231 799 464 840 Academico
510 798 670 836 ducibus
719 798 885 836 omnium
927 797 1269 850 philosophorum,
1314 797 1381 848 qui
1418 797 1457 835 in
1492 797 1624 849 aliquo

231 878 390 905 numero
421 870 568 913 essent,
599 865 746 917 placita
776 864 908 903 didicit
933 870 969 903 et
1000 864 1141 903 auditis
1173 865 1288 903 etiam
1319 869 1407 916 post
1432 865 1624 903 Antiocho

234 932 422 984 Cratippo
467 932 555 971 aliis
605 944 652 971 ea
692 931 819 970 studia
859 944 1054 983 nunquam
1093 932 1313 970 intermisit:
1358 936 1418 979 ut,
1464 943 1547 970 cum
1583 943 1626 971 re

231 999 391 1052 publica
430 1012 454 1038 a
484 999 655 1038 Caesare
693 999 886 1037 exstincta
923 999 1036 1038 libris
1067 998 1280 1038 scribendis
1314 999 1547 1038 iuventutem
1577 997 1627 1036 ad

236 1067 408 1106 Graecos
451 1065 742 1116 cognoscendos
780 1066 932 1104 illicere
974 1070 1151 1117 cuperet,
1196 1077 1280 1104 eam
1318 1064 1477 1102 senilem
1519 1077 1627 1103 suam

233 1131 552 1171 declamationem
578 1132 734 1171 diceret.
784 1131 877 1172 Cum
905 1132 1028 1182 igitur
1058 1132 1220 1183 primam
1248 1142 1404 1170 causam
1431 1131 1627 1182 publicam

233 1199 327 1239 Sex.
351 1199 483 1238 Roscii
514 1198 561 1237 de
590 1198 803 1250 parricidio
834 1199 1020 1250 postulati
1052 1198 1215 1248 egisset,
1245 1202 1323 1236 tam
1355 1203 1391 1237 et
1421 1198 1561 1237 cultum
1592 1203 1629 1238 et

231 1267 434 1306 vehemens
465 1265 615 1304 dicendi
645 1278 767 1316 genus
797 1267 836 1304 in
869 1266 997 1305 forum
1027 1265 1169 1304 afferre
1197 1264 1421 1313 videbatur,
1448 1271 1490 1304 ut
1519 1266 1628 1305 nulla

234 1344 354 1372 causa
406 1337 532 1381 esset,
585 1345 685 1384 quae
729 1345 806 1372 non
851 1332 971 1383 digna
1015 1333 1234 1384 patrocinio
1279 1332 1360 1370 eius
1405 1333 1628 1372 haberetur.

234 1399 382 1438 Tamen
418 1400 457 1437 in
490 1400 694 1439 Graeciam
719 1400 930 1451 Asiamque
969 1411 1039 1451 per
1070 1399 1230 1451 aliquod
1268 1404 1415 1451 tempus
1446 1400 1629 1439 secedere

233 1466 449 1512 constituit;
489 1471 527 1504 ut
553 1467 638 1517 ipse
667 1466 776 1514 dicit,
812 1465 1044 1506 valetudinis
1072 1465 1284 1504 firmandae
1315 1477 1452 1511 causa,
1490 1472 1531 1505 ut
1559 1466 1629 1505 alii

231 1532 494 1580 tradiderunt,
536 1531 703 1572 vitandis
739 1531 1016 1572 offensionibus
1055 1533 1279 1585 potentium.
1340 1532 1419 1572 Sed
1449 1532 1524 1572 dici
1552 1545 1629 1572 non

232 1605 361 1653 potest
396 1604 577 1652 quantum
613 1600 687 1639 hoc
717 1600 856 1639 itinere
887 1600 1125 1639 contraxerit
1155 1598 1356 1639 commodi.
1415 1600 1627 1640 Audiendis

234 1668 333 1706 enim
375 1667 620 1719 philosophis
661 1672 697 1706 et
741 1668 987 1715 rhetoribus,
1032 1667 1097 1718 qui
1141 1666 1214 1705 illa
1258 1672 1385 1706 aetate
1422 1667 1630 1720 plurimum

232 1733 362 1773 famae
386 1734 603 1782 habebant,
635 1734 851 1774 exercendo
884 1733 987 1786 apud
1009 1734 1211 1774 Molonem
1236 1734 1427 1774 Rhodium
1456 1735 1628 1785 ingenio,

233 1800 406 1840 acuendo
446 1813 575 1840 rerum
613 1802 843 1852 optimarum
880 1801 1023 1841 iudicio
1062 1802 1242 1841 astrinxit
1279 1801 1469 1854 puerilem
1507 1802 1628 1851 illam,

234 1880 312 1920 qua
351 1868 443 1907 olim
480 1867 684 1916 affluebat,
722 1869 1000 1909 vehementiam
1038 1874 1074 1907 et
1115 1870 1227 1920 quasi
1266 1869 1526 1908 luxuriantem
1557 1881 1628 1908 na-

232 1941 358 1975 turam
398 1934 448 1973 ad
483 1935 686 1974 sanitatem
724 1935 943 1983 revocavit3
980 1940 1021 1974 ut
1051 1946 1216 1986 corpore
1248 1934 1439 1982 firmatus,
1479 1936 1627 1975 artibus

234 2008 272 2042 et
307 2003 432 2042 literis
467 2002 644 2054 plurimis
679 2002 908 2049 instructus,
949 2006 1138 2040 maturam
1173 2002 1269 2040 recti
1306 2002 1628 2041 existimationem

234 2069 414 2121 adeptus,
452 2070 626 2117 omnino,
664 2074 707 2108 nt
744 2070 829 2121 ipse
870 2068 979 2117 dicit,
1015 2081 1177 2121 prorsus
1216 2073 1382 2107 mutatus
1412 2074 1500 2120 post
1530 2069 1626 2109 duos

234 2148 355 2175 annos
380 2136 542 2175 Romam
572 2135 730 2175 rediret.
774 2136 855 2174 Nec
878 2140 1016 2187 postea
1038 2148 1206 2186 unquam
1230 2147 1277 2174 ea
1299 2135 1426 2175 studia
1449 2137 1627 2175 recolere

232 2208 269 2242 et
303 2202 542 2254 amplificare
579 2202 729 2250 omisit,
771 2201 839 2240 sed
875 2202 916 2240 in
954 2202 1108 2240 summis
1146 2202 1262 2240 rebus
1298 2207 1474 2242 versatus
1513 2208 1549 2242 et
1588 2204 1627 2242 in

233 2270 317 2321 ipso
348 2270 537 2308 honorum
567 2269 764 2308 functione
795 2268 994 2308 doctorum
1023 2269 1217 2308 hominum
1240 2281 1312 2307 usu
1335 2268 1503 2319 legendo
1530 2270 1628 2308 scri-

232 2335 358 2375 bendo
402 2335 655 2376 declamando
701 2335 874 2375 docendo
911 2337 987 2376 vim
1027 2341 1063 2374 et
1094 2336 1246 2388 copiam
1276 2335 1483 2387 eloquendi
1521 2336 1629 2375 auxit

233 2407 270 2442 et
307 2402 484 2442 firmavit.
553 2403 614 2443 Ad
652 2416 766 2455 quam
802 2403 950 2454 ingenii
986 2403 1267 2454 praestantiam
1303 2415 1386 2442 cum
1426 2402 1628 2442 accederet

232 2470 396 2520 insignis
420 2470 624 2519 integritas
650 2475 686 2510 et
708 2471 929 2510 innocentia
956 2481 1124 2518 morum,
1156 2482 1300 2509 summo
1328 2469 1464 2522 populi
1487 2470 1628 2521 plausu

234 2548 365 2577 omnes
403 2537 572 2576 honores
613 2538 692 2576 suis
735 2539 846 2577 annis
884 2536 1045 2588 adeptus
1088 2542 1145 2575 est
1176 2542 1232 2585 et,
1274 2549 1358 2576 cum
1388 2548 1458 2575 nec
1489 2537 1626 2589 opibus

232 2604 400 2655 polleret
428 2615 498 2643 nec
527 2605 730 2645 nobilitate
753 2609 973 2658 praestaret
995 2615 1065 2643 nec
1088 2615 1217 2643 rerum
1237 2605 1343 2644 bello
1368 2603 1627 2655 gerendarum

233 2671 385 2722 copiam
423 2676 489 2710 aut
518 2673 775 2723 quaesivisset
804 2677 870 2712 aut
901 2671 1071 2712 oblatam
1099 2673 1334 2724 accepisset,
1373 2683 1445 2724 per
1475 2671 1625 2722 aliquot

234 2750 356 2777 annos
383 2738 439 2777 rei
472 2739 652 2791 publicae
683 2741 864 2793 princeps
897 2739 1051 2780 habitus
1085 2743 1155 2778 cst.
