1835 3126
302 233 439 290 400
732 237 1250 285 EXPLICATIONES

304 355 555 405 magistratus
581 355 618 391 et
646 351 790 404 privati
810 364 835 391 a
863 352 1028 391 tribunis
1050 352 1380 404 producebantur,
1411 354 1491 395 sive
1515 356 1555 393 ut
1580 352 1688 392 testi-

303 421 468 461 monium
510 418 702 466 dIcerent,
741 419 822 459 sive
860 424 902 458 ut
935 423 1189 471 quaereretur
1222 431 1271 458 ex
1300 421 1355 459 eis
1387 420 1548 473 aliquid.
1608 419 1690 459 Cic.

302 489 391 528 Div.
415 486 503 527 XII.
527 487 571 525 3:
601 485 804 535 productus
832 488 871 523 in
894 488 1101 524 contionem
1130 498 1155 523 α
1186 486 1342 523 Οαηυτὶο
1371 490 1583 535 turpissime
1610 486 1689 523 dis-

304 557 410 592 cessit
433 551 658 603 (Antonius)
685 564 737 591 sc.
771 552 944 592 convicio
974 551 1111 604 populi
1133 551 1330 590 laceratus
1354 557 1564 603 propterea
1587 551 1690 604 quod

304 633 352 660 ea
385 620 481 658 dixit
510 619 553 655 de
584 619 904 657 conservatoribus
934 621 1082 668 patriae
1091 646 1102 664 ,
1134 631 1227 667 qnae
1256 618 1328 654 dict
1350 617 1517 654 deberent
1537 618 1579 654 de
1599 631 1691 667 pro-

302 687 502 731 datoribus,
541 696 642 737 quae
681 684 881 724 Ciceronis
918 685 1040 725 verba
1077 684 1204 724 statim
1239 688 1462 735 sequuntur.
1519 682 1607 723 XII.
1645 686 1691 723 7:

302 752 503 803 productus
529 765 613 789 sum
642 754 681 788 in
704 755 911 789 contionem
941 766 965 789 a
988 752 1135 789 tribano
1160 751 1276 801 plebis
1299 754 1358 788 M.
1382 751 1552 788 Servilio.
1597 751 1691 787 Dixi

303 820 347 856 dc
374 825 409 856 te
438 832 532 868 quae
557 820 682 868 potui,
721 824 831 855 tanta
860 820 1118 862 consensione,
1151 823 1330 867 (plantum
1357 817 1482 864 forum
1508 821 1574 853 est.
1631 814 1692 856 Ad

302 888 380 926 Att.
401 886 431 926 I.
459 887 528 924 14:
558 884 689 924 Fufius
715 887 754 922 in
778 888 978 923 contionem
1004 884 1181 934 produxit
1196 885 1412 932 Pompeium
1432 905 1488 910 —-
1509 885 1692 933 quaesivit

304 966 351 990 σα·
374 966 427 997 eo,
453 952 660 1001 placeretne
683 954 715 989 ei
737 952 875 989 indices
898 965 920 989 a
937 957 1109 1001 praetore
1131 950 1214 999 legi.
1256 948 1299 989 In
1315 950 1511 989 comitiam
1526 949 1692 988 maximo

302 1018 617 1072 producebantur
655 1030 679 1056 a
709 1018 944 1057 consulibus.
1004 1030 1042 1069 p.
1073 1017 1208 1057 Sextio
1238 1017 1311 1064 50,
1345 1018 1442 1056 107:
1481 1015 1692 1068 productus

304 1092 357 1123 est
402 1086 447 1123 ab
482 1098 523 1122 eo
563 1084 740 1135 (consule
776 1084 962 1134 Lentulo)
1002 1086 1066 1121 Cn.
1097 1086 1296 1133 Pompeius
1332 1104 1387 1111 ——
1424 1084 1533 1121 lucius
1571 1085 1693 1121 oratio

303 1157 337 1189 et
378 1153 570 1200 pergyravis
611 1157 644 1187 ct
682 1156 795 1198 gyrata
832 1154 992 1188 contioni
1028 1151 1114 1198 fnit.
1171 1149 1230 1189 De
1259 1149 1377 1191 Rullo
1408 1154 1589 1202 quantam
1619 1150 1694 1188 sibi

303 1221 513 1267 arrogaret
542 1215 841 1255 dominationem
870 1216 1000 1255 dicens
1030 1217 1174 1266 Agrar.
1204 1216 1253 1255 II.
1285 1218 1339 1256 36
1362 1229 1410 1255 m.
1439 1217 1536 1256 haec
1564 1216 1692 1269 ponit:

304 1290 346 1321 ut
376 1297 481 1321 nemo
512 1283 562 1320 ad
589 1283 767 1332 populum
796 1295 863 1320 vos
896 1281 1095 1327 adducere,
1133 1295 1239 1319 nemo
1267 1282 1491 1331 producere,
1529 1296 1604 1320 non
1632 1296 1693 1321 se—

302 1357 416 1389 natus
447 1363 593 1399 coyere,
624 1363 698 1387 non
729 1349 857 1387 consul
886 1353 1069 1394 coercere,
1100 1361 1176 1386 non
1204 1348 1512 1398 tribunusplebis
1540 1351 1695 1387 retinere

306 1422 442 1468 posset.
502 1416 696 1454 Adducam
733 1417 773 1455 in
811 1415 1012 1463 iudicium,
1053 1415 1253 1465 producere
1296 1414 1347 1455 ad
1382 1415 1573 1454 rationem
1600 1415 1695 1455 facti

303 1484 459 1537 publice
487 1483 735 1522 reddendam.
776 1483 904 1523 Etiam
929 1482 1108 1522 consules
1134 1481 1449 1534 producebantur
1471 1495 1495 1521 a
1516 1483 1694 1531 tribunis,

305 1550 410 1603 quod
441 1555 478 1590 et
495 1550 677 1592 Valerius
700 1551 898 1590 Maximus
928 1554 1064 1589 narrat
1087 1549 1152 1589 111.
1179 1550 1216 1597 7,
1244 1550 1281 1588 3.
1310 1554 1347 1588 et
1371 1548 1508 1589 Cicero
1531 1554 1696 1589 testatur

302 1631 340 1671 p.
368 1618 503 1658 Sextio
530 1620 594 1665 14,
619 1619 691 1657 33:
717 1618 832 1655 eidem
859 1618 1027 1656 consules
1051 1638 1105 1644 --
1127 1616 1299 1666 producti
1322 1618 1362 1653 in
1386 1617 1482 1653 circo
1506 1616 1694 1654 Flaminio

303 1688 344 1723 in,
374 1687 580 1723 contionem
608 1685 654 1722 ab
692 1685 758 1722 illa
786 1685 892 1732 furia
923 1698 966 1722 ac
997 1690 1097 1734 peste
1126 1685 1274 1733 patriae
1303 1703 1359 1712 -
1386 1682 1456 1720 illa
1485 1685 1610 1721 omnia
1641 1707 1692 1712 -

302 1765 388 1789 voce
417 1765 462 1789 ac
489 1754 671 1789 sententia
698 1765 769 1789 sua
798 1751 1140 1801 comprobaverunt.

413 1821 469 1854 ita
491 1839 547 1843 —-
569 1818 688 1867 nulla]
722 1821 777 1855 ita
802 1823 838 1857 et
859 1818 950 1855 adeo
977 1822 1014 1857 et
1038 1822 1174 1857 contra
1197 1830 1309 1867 quam
1332 1817 1387 1856 sic
1411 1816 1695 1868 coniunguntur

304 1896 388 1924 cum
417 1883 588 1934 negandi
618 1883 818 1923 adiectivis
843 1888 879 1922 et
904 1883 1118 1931 adverbiis,
1150 1889 1189 1923 ut
1218 1883 1456 1934 significetur
1477 1895 1558 1923 rem
1576 1883 1695 1936 plane

303 1952 451 1990 nullam
480 1950 619 1998 fuisse,
661 1949 793 1989 addita
823 1944 1071 1999 σχετλιάσει
1101 1949 1162 2000 (so
1195 1963 1296 1998 yanz
1325 1950 1402 1987 und
1429 1963 1500 1998 yar
1527 1951 1628 1988 nicht
1658 1955 1696 1989 et

302 2020 373 2056 wie
410 2031 453 2055 so
478 2029 549 2066 yar
578 2017 677 2053 nicht
717 2028 746 2055 s.
779 2019 850 2053 wie
878 2029 921 2053 so
950 2015 1101 2067 wamy).
1159 2019 1221 2053 Ita
1253 2029 1327 2054 non
1355 2015 1500 2066 legitur
1531 2015 1611 2055 Cic.
1644 2015 1695 2055 ad

301 2084 388 2125 Div.
410 2083 491 2124 VII.
521 2085 579 2130 1.,
610 2087 689 2119 tam
709 2083 802 2120 nihil
826 2081 986 2130 Quintil.
1007 2081 1057 2120 X.
1087 2083 1123 2128 1,
1148 2083 1237 2130 76.,
1272 2082 1364 2120 adeo
1388 2083 1512 2119 nullus
1534 2082 1693 2132 Quintil.

302 2150 348 2191 ΙΙ.
380 2152 446 2198 20,
483 2152 543 2197 7.;
571 2161 660 2188 nam
690 2149 781 2187 adeo
810 2149 850 2187 in
878 2148 952 2187 bac
980 2147 1151 2187 formula
1179 2153 1269 2201 post
1292 2147 1519 2189 Ciceronem
1545 2148 1694 2190 demum

303 2218 342 2256 in
380 2229 491 2257 usum
521 2217 644 2257 venit:
681 2229 716 2256 v.
748 2214 872 2255 Hand.
905 2214 1075 2254 Tursell.
1109 2215 1188 2255 vol.
1217 2214 1247 2254 I.
1278 2227 1316 2267 p.
1353 2216 1446 2255 141.
1490 2215 1694 2257 Muetzell.

300 2286 341 2324 in
373 2283 479 2325 Curt.
509 2283 588 2324 vol.
618 2282 646 2322 I.
678 2296 716 2335 p.
743 2283 834 2323 152.
880 2282 1018 2324 Vellei.
1044 2281 1092 2321 II.
1120 2283 1187 2322 62.
1237 2283 1358 2328 Quam
1386 2283 1479 2320 attha
1501 2282 1580 2323 Cic.
1607 2283 1693 2324 Fin.

300 2352 346 2393 V.
377 2353 450 2400 27,
480 2351 547 2391 80.
597 2350 714 2390 Tusc.
742 2349 787 2391 V.
819 2349 894 2398 35,
925 2351 991 2390 74.
1035 2349 1146 2390 Verr.
1175 2349 1313 2389 Aecus.
1342 2349 1372 2388 Ι.
1403 2349 1477 2398 35,
1507 2350 1574 2390 89.
1615 2351 1693 2391 Att.

300 2418 370 2459 IX.
395 2421 441 2466 2,
468 2420 526 2465 1.,
562 2430 674 2468 quemn
701 2430 770 2468 pro
799 2417 915 2454 nihilo
944 2417 1022 2456 Att.
1048 2416 1149 2457 XIV.
1174 2418 1220 2465 9,
1248 2418 1304 2465 1.,
1336 2429 1448 2466 quam
1476 2430 1551 2455 non
1579 2416 1691 2458 Verr.

302 2488 440 2527 Accus.
463 2484 513 2525 II.
543 2487 616 2533 22,
647 2484 714 2524 53.
759 2497 797 2536 p.
820 2482 916 2524 Red.
947 2484 986 2522 in
1015 2482 1105 2523 Sen.
1137 2485 1183 2532 8,
1215 2485 1281 2523 21.
1325 2483 1411 2524 Liv.
1441 2483 1504 2526 IV.
1536 2484 1607 2533 24,
1637 2485 1691 2534 6.,

301 2565 414 2603 quam
444 2551 608 2590 nondum
639 2563 729 2591 mox
759 2555 884 2591 exstat
914 2550 954 2590 in
981 2551 1103 2590 Bruto
1135 2553 1209 2599 64,
1240 2551 1335 2590 228.

412 2632 481 2669 pro
514 2619 669 2668 Titinia]
701 2617 802 2658 idem
831 2618 970 2659 Cicero
1004 2623 1140 2658 narrat
1175 2619 1241 2659 Or.
1274 2619 1346 2666 37,
1379 2618 1470 2658 129.

414 2685 508 2724 218.
567 2686 708 2735 Pansa]
750 2697 818 2734 eo,
849 2686 916 2738 qui
946 2685 1080 2727 consul
1112 2697 1195 2726 cum
1225 2684 1383 2736 collega
1409 2683 1455 2724 A.
1484 2683 1610 2725 Hirtio
1640 2682 1690 2724 ad

302 2752 493 2792 Mutinam
521 2753 638 2805 periit
667 2765 703 2794 a.
728 2754 821 2793 711.
