1835 3126
583 114 844 158 BRUTUS
885 115 1004 158 (zAl‘.
1035 116 1101 160 74.
1417 117 1545 163 2⁷9¹

151 229 196 271 C.
227 227 414 269 Laelium
461 226 503 267 Ρ.
536 225 787 283 Scipionem.
847 229 996 270 aetatis
1043 227 1156 269 illius
1195 228 1277 269 ista
1316 227 1390 269 suit
1429 227 1537 278 laus,

150 316 341 361 tanquam
381 306 666 356 innocentiae,
706 307 767 349 sic
796 305 945 348 Latine
984 305 1202 362 loquendi:
1238 319 1316 347 nec
1358 306 1539 348 omnium

148 392 297 426 tamen.
361 396 457 425 nam
502 383 666 426 illorum
714 385 913 440 aequales
961 383 1190 428 Caecilium
1234 390 1274 425 et
1313 382 1538 426 Pacuvium

145 461 253 503 male
299 461 461 505 locutos
499 463 700 506 videmus·
770 462 857 506 Sed
898 476 1040 506 omnes
1077 469 1160 505 tum
1199 462 1310 512 sere,
1353 463 1422 517 qui
1458 475 1537 505 nec

145 547 262 582 extra
291 539 433 582 urbem
463 540 571 583 hanc
600 542 788 584 vixerant
826 555 904 584 nec
938 554 1012 584 eos
1054 541 1196 597 aliqua
1225 539 1425 583 barbaria
1461 539 1536 582 do-

146 620 320 661 mestica
353 620 656 670 infuscaverat,
687 627 797 662 recte
828 620 1112 676 loquebantur.
1171 617 1258 661 Sed
1287 618 1393 661 hanc
1425 624 1536 661 certe

145 710 231 739 rem
272 697 517 741 deteriorem
555 705 739 740 vetustas
778 698 876 740 fecit
915 706 955 740 et
987 697 1145 741 Romae
1186 704 1226 740 et
1267 698 1310 741 in
1340 695 1536 739 Graecia.

145 775 425 818 confluxerunt
463 777 572 817 enim
615 783 654 818 et
685 775 872 818 Athenas
918 782 957 817 et
1003 777 1046 817 in
1091 775 1200 817 hanc
1237 774 1380 816 urbem
1419 774 1536 816 multi

143 854 354 908 inquinate
382 853 599 908 loquentes
631 866 682 894 ex
713 853 889 894 diversis
919 852 1040 894 locis.
1099 850 1191 901 Quo
1221 852 1356 904 magis
1387 864 1536 906 expur-

141 930 304 985 gandus
340 937 402 972 est
439 942 574 972 sermo
615 935 654 970 et
699 928 935 970 adhibenda
970 935 1164 983 tanquam
1203 927 1383 970 obrussa
1413 930 1535 980 ratio,

142 1021 248 1063 quae
278 1007 425 1049 mutari
454 1020 537 1049 non
563 1012 719 1062 potest,
748 1020 827 1049 nec
855 1005 1047 1048 utendum
1074 1007 1337 1062 pravissuma
1357 1019 1533 1048 consue-

139 1085 292 1127 tudinis
320 1084 480 1139 regula.
538 1084 636 1127 259.
670 1084 720 1126 T.
743 1083 1036 1134 Flamininum,
1067 1086 1136 1140 qui
1164 1098 1254 1127 cum
1286 1084 1334 1136 Q.
1359 1083 1533 1128 Metello

140 1162 286 1206 consul
329 1163 423 1214 fuit,
467 1164 581 1220 pueri
622 1164 811 1206 vidimus.
871 1162 1196 1205 existumabatur
1232 1162 1338 1205 bene
1369 1161 1532 1214 Latine,

139 1241 216 1284 scd
255 1241 400 1285 literas
437 1242 664 1285 nesciebat.
726 1241 896 1284 Catulus
933 1248 1023 1284 erat
1060 1241 1133 1284 ille
1166 1241 1331 1297 quidem
1365 1242 1532 1285 minime

141 1319 353 1370 indoctus,
400 1327 442 1362 ut
485 1333 510 1362 a
556 1327 595 1363 te
639 1321 764 1377 paulo
809 1327 873 1363 est
916 1327 1009 1362 ante
1054 1320 1229 1363 dictum:
1276 1320 1351 1362 sed
1394 1326 1534 1362 tamen

141 1399 327 1440 suavitas
356 1400 473 1440 vocis
504 1405 543 1440 et
572 1398 680 1440 lenis
707 1399 930 1455 appellatio
958 1398 1171 1441 literarum
1200 1398 1306 1440 bene
1335 1397 1532 1454 loquendi

139 1476 293 1518 famam
325 1476 574 1519 confecerat.
617 1475 756 1527 Cotta,
788 1478 886 1533 quia
916 1490 961 1519 se
987 1477 1110 1520 valde
1142 1476 1368 1519 dilatandis
1397 1476 1532 1519 literis

139 1634 319 1676 mestica]
350 1631 611 1668 inclomeslica
642 1632 708 1679 Lg.
733 1632 787 1667 35.
811 1632 867 1667 39.
892 1633 947 1668 56.
982 1633 1075 1667 Ven.
1098 1633 1130 1667 2.
1165 1632 1233 1668 Gu.
1262 1632 1312 1673 1.,
1345 1631 1380 1666 in
1404 1632 1532 1678 quibus

140 1695 195 1723 est
224 1688 395 1724 barbari.
419 1709 463 1714 »-
500 1691 541 1724 in
571 1688 757 1733 Graecia]
791 1701 860 1725 om.
893 1689 959 1723 Gu.
986 1690 1016 1724 1.
1040 1709 1085 1713 —
1125 1689 1413 1734 confluxerunt]
1446 1700 1532 1723 con-

139 1746 336 1781 cluserunt
368 1746 436 1780 Gu.
462 1747 491 1780 l.
525 1746 650 1780 vitium
680 1747 725 1780 ab
750 1745 876 1779 Italico
900 1746 1079 1789 scriptore
1103 1744 1326 1789 profectum,
1360 1745 1420 1789 qui
1447 1756 1532 1780 con-

137 1803 328 1847 {luserunt
352 1806 576 1836 exaraverat.
600 1819 648 1828 »-
680 1802 901 1846 inquinate]
928 1803 1137 1846 iniquitate
1165 1801 1232 1836 Gn.
1257 1802 1285 1836 l.
1308 1820 1356 1826 —-
1392 1813 1534 1848 expur-

136 1858 308 1904 fflmdus]
345 1858 628 1904 empuynamlus
664 1857 731 1892 Gn.
764 1858 794 1893 1.
829 1877 874 1882 —-
917 1859 1123 1903 tanquam]
1161 1862 1353 1903 quantum
1387 1858 1444 1893 ed.
1478 1870 1531 1903 pr.

137 1913 204 1959 Lg.
232 1918 379 1958 praeter
402 1913 453 1957 S.,
485 1915 520 1948 in
551 1926 622 1959 quo
648 1920 702 1948 est
725 1919 939 1959 quamtum.
989 1926 1109 1960 quam
1134 1914 1215 1948 edd.
1242 1914 1418 1959 quaedam
1443 1921 1531 1950 vett.

136 1980 228 2005 cum
253 1969 442 2003 Turnebus
466 1970 662 2005 Adversar.
691 1970 788 2005 XIV.
815 1970 869 2006 22.
898 1983 932 2016 p.
954 1971 1009 2006 41.
1050 1973 1168 2016 quasi
1191 1968 1363 2004 Orellius.
1412 1969 1533 2017 Origi-

136 2037 216 2060 nem
241 2026 318 2060 vitii
341 2024 407 2071 Lg.
434 2025 467 2060 S.
495 2026 633 2070 aperit3
667 2033 824 2060 erratum
853 2027 889 2061 in
915 2021 1023 2071 t-qam
1059 2033 1095 2061 et
1119 2031 1242 2073 atum.
1270 2046 1315 2051 —
1350 2026 1531 2071 obrussa]

135 2083 371 2117 restituerunt
393 2080 497 2115 Man.
525 2081 665 2116 Victor.
704 2082 864 2117 oblusat
892 2083 948 2117 ed.
976 2094 1029 2127 pr.
1066 2082 1132 2128 Lg.
1159 2083 1214 2117 20.
1261 2082 1422 2116 obtrusa
1448 2083 1530 2118 edd.

136 2144 222 2172 vett.
240 2138 437 2183 quaedam3
464 2136 645 2171 obtrussa
666 2137 731 2171 Gu.
748 2138 797 2179 l.;
823 2137 964 2172 obt-usa
982 2138 1045 2183 Lg.
1060 2138 1115 2173 35.
1130 2139 1184 2173 70.
1223 2138 1382 2174 obirusa
1399 2139 1455 2174 53.
1473 2139 1530 2175 68.

137 2193 283 2228 obnioea
304 2193 357 2228 39.
389 2193 472 2227 Vat.
519 2193 655 2227 Veram
686 2194 896 2239 scripturam
922 2194 1057 2229 habent
1082 2195 1173 2231 Ven.
1195 2195 1225 2231 l.
1246 2195 1280 2231 2.
1307 2194 1384 2236 Otr.
1409 2195 1475 2241 Lg.
1494 2196 1529 2232 8.

137 2250 191 2284 51.
216 2249 271 2284 56.

229 2305 308 2340 259.
359 2303 646 2350 Flamininum]
665 2305 768 2340 codd.
788 2317 913 2340 omnes
928 2313 1096 2351 corrupte
1113 2307 1418 2348 Flamminium,
1440 2307 1530 2342 Fla-

136 2364 329 2402 minium,
356 2361 625 2403 Flumineam,
651 2362 940 2398 Flamininium
959 2363 1026 2408 (sic
1046 2363 1112 2409 Lg.
1132 2364 1164 2399 S.
1181 2376 1274 2399 corr.
1302 2369 1338 2398 ut
1356 2366 1472 2407 text).
1487 2385 1531 2389 ——

140 2418 475 2462 eoez‘stumczbatur]
510 2420 561 2453 sic
592 2418 660 2465 Lg.
683 2419 715 2455 8.
742 2420 796 2454 53.
824 2419 879 2453 68.
905 2440 949 2444 —-
988 2419 1101 2464 lenis]
1127 2421 1193 2467 Lg.
1225 2432 1369 2462 omnes,
1405 2420 1471 2454 Gn.
1499 2423 1528 2456 l.

139 2476 232 2510 Ven.
260 2476 288 2511 l.
327 2476 384 2512 ed.
410 2487 463 2521 pr.
491 2476 602 2516 levis,
637 2476 734 2520 quod
765 2476 962 2510 secundum
987 2476 1198 2512 Santenium
1230 2478 1265 2511 iu
1297 2477 1378 2511 Ter.
1407 2476 1528 2511 Maur.

140 2544 174 2577 p.
196 2532 273 2566 247.
323 2531 499 2578 Meyerus
532 2533 710 2578 probavit.
760 2532 858 2569 Quid
886 2533 1080 2568 Santenius
1112 2535 1263 2575 dixerit,
1299 2543 1378 2566 cum
1404 2532 1530 2567 librum

139 2599 212 2622 non
240 2587 414 2631 habeam,
446 2589 592 2635 ignoro,
623 2590 688 2624 sed
713 2590 832 2624 levem
854 2590 1135 2635 appellationem
1160 2591 1182 2624 i.
1208 2601 1239 2624 e.
1268 2589 1529 2635 pronuntiatio-

140 2656 225 2681 nem
241 2644 431 2687 ,literarum
455 2646 645 2682 barbarum
671 2658 772 2691 esse,
806 2658 885 2682 cum
914 2658 937 2681 a
962 2653 1093 2683 natura
1117 2647 1170 2682 rei
1201 2646 1358 2681 alienum
1379 2646 1447 2689 sit,
1478 2646 1529 2682 af„
