1835 3126
568 163 828 207 BRUTUS
867 163 985 207 (ΣΛΡ.
1017 165 1084 208 56.
1391 166 1521 212 249

135 279 177 321 in
230 288 444 319 acerrumo
488 275 657 330 ingenio
703 275 960 332 Theopompi
1007 283 1046 319 et
1089 276 1317 319 lenissumo
1366 273 1521 333 Ephori

135 356 289 398 dixisse
326 354 518 396 traditum
559 360 641 405 est,
682 354 801 396 alteri
842 368 887 398 se
929 355 1115 398 calcaria
1145 354 1363 404 adhibere,
1401 355 1521 397 alteri

133 433 285 475 frenos.
344 432 439 474 205.
474 431 644 488 ¹Sulpici
685 434 896 475 orationes
931 447 1036 489 quae
1078 434 1284 482 feruntur,
1321 445 1395 474 eas
1430 439 1523 489 post

132 517 300 553 mortem
335 512 424 553 eius
450 513 670 567 scripsisse
695 510 739 552 Ρ.
769 510 966 553 Canutius
997 518 1159 567 putatur
1188 510 1376 566 aequalis
1407 524 1522 553 meus

132 587 255 632 homo
290 597 407 631 extra
446 597 628 631 nostrum
665 590 851 632 ordinem
891 603 981 632 meo
1013 590 1165 631 iudicio
1197 589 1521 632 disertissumus.

130 665 264 723 Ipsius
299 666 458 724 Sulpici
495 668 611 709 nulla
649 670 781 710 oratio
819 674 903 709 est:
946 681 1153 724 saepeque
1194 681 1243 709 ex
1281 681 1330 709 eo
1370 668 1520 718 audivi,

132 758 222 787 cum
269 759 314 788 se
360 746 543 788 scrIbere
589 759 720 801 neque
767 758 993 788 consuesse
1028 758 1160 800 neque
1192 758 1317 800 posse
1353 745 1521 788 diceret.

133 821 278 866 Cottae
308 837 380 879 pro
413 837 458 865 se
488 823 583 877 lege
610 821 739 864 Varia
764 835 868 877 quae
892 822 1149 871 inscribitur,
1180 835 1272 863 eam
1301 821 1349 863 L.
1374 823 1521 865 Aelius

132 902 298 957 scripsit
328 900 471 943 Cottae
511 906 671 953 rogatu.
728 898 818 941 Fuit
856 900 893 940 is
933 900 1097 941 omnino
1126 901 1190 941 vir
1224 901 1440 953 egregius,
1483 906 1524 942 et

131 992 258 1034 eques
283 978 493 1021 Romanus
526 991 617 1019 cum
640 978 784 1033 primis
813 976 1032 1028 honestus,
1065 976 1253 1032 idemque
1279 978 1524 1020 eruditissu-

128 1069 218 1098 mus
260 1062 299 1097 et
331 1055 506 1098 Graecis
540 1055 672 1097 literis
714 1062 753 1097 et
782 1053 945 1097 Latinis
984 1057 1320 1111 antiquitatisque
1352 1064 1521 1100 nostrae

131 1140 171 1176 et
210 1134 252 1176 in
291 1135 468 1176 inventis
507 1133 631 1176 rebus
679 1139 718 1175 et
755 1135 798 1175 in
840 1135 945 1176 actis
984 1136 1308 1190 scriptorumque
1339 1142 1523 1177 veterum

130 1212 293 1254 literate
331 1214 505 1268 peritus:
548 1225 671 1268 quam
712 1213 929 1254 scientiam
963 1211 1096 1255 Varro
1133 1220 1275 1255 noster
1312 1220 1524 1270 acceptam

132 1291 184 1333 ab
216 1291 290 1333 illo
322 1297 563 1346 auctamque
593 1305 667 1347 per
695 1305 809 1341 sese,
849 1293 913 1334 vir
942 1293 1110 1346 ingenio
1143 1298 1362 1348 praestans
1394 1295 1525 1334 omni-

131 1383 208 1425 que
240 1369 448 1418 doctrina,
486 1369 672 1425 pluribus
715 1376 754 1411 et
791 1369 1086 1412 illustrioribus
1123 1370 1256 1411 literis
1290 1370 1522 1426 explicavit.

132 1448 228 1489 206.
270 1446 355 1489 Sed
386 1446 496 1488 idem
526 1447 674 1489 Aelius
706 1446 872 1489 Stoicus
905 1461 999 1490 esse
1029 1448 1175 1497 voluit,
1218 1454 1359 1489 orator
1389 1456 1524 1492 autem

133 1540 210 1568 nec
249 1526 400 1567 studuit
429 1539 608 1581 unquam
637 1539 714 1568 nec
745 1526 830 1567 fuit.
891 1526 1101 1568 scribebat
1130 1533 1269 1568 tamen
1299 1528 1523 1578 orationes,

134 1618 238 1660 quas
270 1604 343 1646 alii
375 1604 578 1652 dicerent,
620 1611 659 1646 ut
691 1603 738 1654 Q.
768 1603 960 1654 Metello,
996 1612 1038 1646 ut
1069 1604 1116 1655 Q.
1150 1603 1369 1660 Caepioni,
1400 1612 1442 1647 ut
1472 1605 1521 1657 Q.

131 1683 326 1739 Pompeio
354 1681 480 1725 Ruso.
513 1695 745 1738 quanquam
768 1683 805 1724 is
836 1684 960 1724 etiam
990 1683 1077 1738 ipse
1105 1684 1271 1738 scripsit
1305 1696 1401 1733 eas,
1434 1685 1524 1738 qui-

131 1761 210 1804 bus
239 1774 313 1818 pro
345 1774 390 1803 se
422 1767 484 1802 est
512 1773 631 1810 usus,
664 1759 739 1801 sed
767 1773 849 1802 non
875 1762 965 1802 sine
995 1760 1133 1802 Aelio.
1192 1760 1289 1802 207.
1319 1759 1384 1803 his
1416 1763 1525 1804 enim

217 1882 278 1908 206.
318 1881 352 1912 Q.
370 1880 507 1916 flletello]
529 1881 565 1910 Q.
584 1881 708 1908 Metello
727 1882 758 1907 F.

131 1964 300 1998 saevisse
325 1960 393 1995 Gu.
416 1962 444 1996 1.
471 1961 526 1995 ed.
550 1973 604 2006 pr.
624 1980 670 1986 -——
694 1962 873 2008 scripsit]
897 1962 948 1996 sic
969 1972 1093 1996 omnes
1117 1961 1217 2002 libri3
1243 1961 1325 1996 edd.
1347 1963 1525 2007 quaedam

129 2024 218 2053 vett.
245 2023 279 2052 et
304 2017 418 2051 Gron.
444 2017 602 2058 scribit,
637 2029 809 2063 perquam
840 2020 974 2064 inepte.
999 2038 1045 2043 -
1076 2019 1155 2062 vir]
1190 2022 1232 2052 ut
1257 2018 1320 2052 Gu.
1346 2020 1376 2053 1.
1402 2040 1446 2044 -
1485 2022 1527 2054 in

132 2075 316 2118 inventis]
346 2077 386 2108 in
412 2085 480 2108 om.
508 2074 574 2107 Gu.
604 2075 632 2108 1.

221 2131 299 2166 206.
351 2142 432 2163 esse
463 2129 605 2172 voluit]
639 2140 721 2162 esse
754 2140 823 2163 om.
855 2129 923 2164 Gu.
950 2130 981 2164 1.
1011 2149 1058 2156 —-
1099 2130 1252 2172 orator]
1284 2133 1438 2165 oratori
1468 2131 1524 2166 ed.

133 2199 187 2233 pr.
206 2206 253 2214 »—
285 2186 329 2227 Q.
351 2185 527 2227 Metello]
555 2191 615 2218 aut
642 2184 852 2226 delendum,
880 2185 977 2229 quod
1001 2187 1102 2231 sequi
1127 2187 1240 2227 solet,
1269 2185 1336 2226 F„
1362 2193 1421 2221 aut
1446 2199 1526 2221 cum

133 2242 311 2278 Lambino
337 2241 562 2275 scribendum
585 2240 792 2275 Baleariez·
812 2241 856 2275 F.
894 2241 988 2276 Nam
1011 2243 1107 2288 quod
1131 2243 1331 2287 exemplum
1355 2244 1527 2287 opposuit

134 2298 294 2334 Orellius
326 2309 371 2331 ex
405 2309 433 2331 c.
461 2297 524 2339 62,
549 2297 626 2331 ⁶222.
663 2296 705 2338 Q.
736 2296 917 2332 Catulum
939 2299 1087 2342 filiam,
1123 2299 1160 2332 id
1192 2310 1284 2333 vero
1315 2304 1426 2333 totum
1458 2300 1526 2334 ‹lis-

133 2356 261 2390 simile.
312 2354 373 2387 Sic
405 2353 525 2387 dicere
557 2354 684 2388 Cicero
718 2355 834 2398 potuit
868 2361 1018 2399 propter
1049 2360 1188 2399 patrem
1222 2358 1254 2388 <Sa
1286 2354 1396 2389 filium
1425 2357 1526 2391 viros

134 2410 351 2445 clarissimos
377 2415 413 2443 et
439 2410 565 2443 eodem
589 2410 694 2454 plane
718 2411 862 2444 nomine
886 2411 1089 2455 praeditos,
1116 2411 1160 2448 Q.
1183 2411 1346 2446 Catulum
1365 2413 1526 2447 Cimbro-

133 2479 209 2502 rum
235 2479 313 2500 cum
337 2465 461 2499 Blario
492 2466 664 2500 victorem
692 2472 727 2500 et
756 2466 801 2503 Q.
829 2466 992 2501 Catulum
1019 2468 1217 2513 principem
1243 2474 1401 2502 senatus.
1451 2469 1526 2502 Sed

134 2523 279 2558 Metelli
303 2529 337 2556 et
362 2522 482 2567 plures
501 2522 640 2556 fuerunt
666 2527 701 2557 et
725 2523 973 2567 agnominibus
999 2523 1173 2565 distincti,
1199 2536 1265 2558 nec
1286 2524 1332 2561 Q.
1352 2524 1526 2559 Metellus

133 2580 262 2624 Nepos
287 2578 472 2612 Balearici
498 2579 536 2613 F.
561 2590 634 2614 cos.
662 2591 693 2614 a.
719 2579 786 2613 656
811 2580 872 2614 vel
897 2579 942 2616 Q.
969 2579 1143 2614 Metellus
1168 2580 1255 2614 Pius
1279 2579 1459 2614 Numidici
1484 2580 1522 2615 F.

133 2636 228 2670 adeo
265 2636 353 2670 clari
387 2635 550 2677 fuerunt,
592 2641 630 2669 ut
667 2635 767 2670 nulla
802 2641 889 2670 nota
924 2636 1048 2670 addita
1090 2636 1242 2681 intelligi
1276 2641 1353 2671 uter
1387 2637 1525 2673 dicatur

133 2692 259 2739 possit.
283 2711 330 2720 ·-
363 2696 406 2728 ut
432 2690 476 2735 Q.
502 2689 712 2739 Pompeio]
740 2697 777 2728 ec
807 2692 852 2736 Q.
880 2691 1074 2740 Pompeio
1101 2692 1158 2728 ed.
1183 2704 1238 2738 pr.
