1835 3126
592 198 841 257 Baurus
882 215 1001 258 cnr.
1033 216 1100 259 34.
1421 218 1538 263 213

153 329 280 371 liber:
310 327 426 368 cuius
451 326 663 368 orationes
692 329 808 381 pueri
831 326 1094 381 legebamus,
1121 341 1225 384 quas
1249 328 1331 370 iam
1357 330 1540 386 reperire

149 408 216 448 vix
245 417 475 460 possumus.
522 404 615 446 130.
647 404 781 459 Atque
813 406 937 447 etiam
966 407 1134 461 ingenio
1165 413 1204 448 et
1230 419 1420 449 sermone
1451 407 1540 450 ele-

147 484 282 538 ganti,
327 482 563 525 valetudine
606 483 867 525 incommoda
909 482 954 525 G.
994 483 1161 527 Sextius
1203 483 1401 527 Calvinus
1441 485 1537 527 fuit:

147 563 216 617 qui
247 562 347 611 etsi,
388 574 478 602 cum
508 562 754 603 remiserant
793 561 960 604 dolores
999 563 1165 619 pedum,
1204 576 1287 605 non
1318 562 1462 605 deerat
1495 564 1538 604 in

147 642 310 687 causis,
356 646 493 680 tamen
536 639 579 680 id
622 653 704 682 non
749 653 874 696 saepe
920 640 1114 683 faciebat.
1174 642 1312 696 itaque
1358 641 1535 684 consilio

146 719 254 767 eius,
293 731 383 759 cum
413 717 631 767 volebant,
667 717 855 760 homines
886 719 1121 768 utebantur,
1152 720 1404 774 patrocinio,
1444 732 1536 761 cum

143 796 309 838 licebat.
370 794 505 837 Isdem
543 796 794 851 temporibus
833 795 892 836 M.
929 795 1101 846 Brutus,
1147 797 1189 837 in
1224 809 1304 850 quo
1341 810 1536 850 magnum

142 874 237 924 fuit,
268 874 414 923 Brute,
444 875 471 922 †
502 873 680 914 dedecus
709 874 854 927 generi
882 880 1043 922 vestro,
1076 874 1165 927 qui,
1198 885 1289 914 cum
1318 879 1432 915 tanto
1460 887 1538 916 no-

143 954 252 994 mine
288 957 399 993 esset
431 957 668 1005 patremque
708 956 912 1006 optumum
939 951 1072 992 virum
1108 948 1326 992 habuisset
1362 956 1402 993 et
1432 951 1536 992 iuris

139 1031 463 1086 peritissumum,
503 1029 812 1070 accusationem
850 1028 1120 1078 factitaverit,
1159 1033 1201 1069 ut
1239 1027 1415 1070 Athenis
1450 1026 1537 1083 Ly-

141 1119 305 1161 curgus.
364 1107 402 1147 is
444 1106 711 1160 magistratus
752 1119 837 1148 non
873 1107 1037 1163 petivit,
1082 1106 1158 1148 sed
1202 1106 1278 1148 fuit
1316 1113 1538 1149 accusator

140 1184 362 1228 vehemens
395 1190 433 1226 et
464 1184 685 1226 molestus:
725 1190 767 1226 ut
797 1184 924 1227 facile
960 1197 1155 1227 cerneres
1184 1184 1374 1227 naturale
1405 1184 1538 1241 quod-

142 1263 236 1306 dam
268 1264 406 1319 stirpis
436 1262 588 1305 bonum
618 1263 944 1318 degeneravisse
974 1264 1074 1305 vitio
1106 1263 1357 1319 depravatae
1387 1262 1536 1305 volun-

140 1343 251 1384 tatis.
320 1341 414 1383 131.
461 1341 597 1397 Atque
643 1341 790 1384 eodem
832 1348 1014 1398 tempore
1061 1348 1282 1384 accusator
1325 1341 1375 1383 de
1412 1341 1533 1397 plebe

141 1419 190 1462 L.
223 1419 481 1461 Caesulenus
522 1420 618 1469 fuit,
660 1433 780 1475 quem
819 1433 898 1474 ego
939 1419 1078 1462 audivi
1118 1421 1201 1461 iam
1240 1432 1402 1470 senem,
1442 1433 1534 1462 cum

143 1498 194 1540 ab
217 1496 265 1538 L.
293 1496 483 1540 Sabellio
515 1497 682 1539 multam
713 1498 808 1552 lege
834 1497 1006 1553 Aquilia
1036 1502 1063 1550 †
1086 1497 1222 1539 damni
1254 1499 1405 1540 iniuria
1429 1499 1532 1554 peti-

139 1578 282 1619 visset.
342 1574 435 1617 Non
474 1576 669 1618 fecissem
710 1575 888 1618 hominis
928 1589 1060 1632 paene
1101 1575 1227 1618 infimi
1271 1576 1532 1626 mentionem,

140 1656 222 1696 nisi
263 1654 510 1704 iudicarem,
551 1656 619 1710 qui
654 1656 926 1711 suspiciosius
965 1661 1035 1697 aut
1066 1655 1331 1697 criminosius
1363 1654 1532 1704 diceret,

140 1733 352 1776 audivisse
385 1746 449 1774 me
478 1734 696 1775 neminem.

226 1877 282 1904 131.
320 1877 382 1911 [eye
400 1876 525 1911 Aquilia
545 1877 646 1903 damni
665 1876 795 1911 iniuria]
816 1877 882 1910 lege
901 1878 1028 1912 Aquillia
1046 1878 1082 1904 de
1102 1879 1224 1905 iustitia.

232 1988 305 2023 130.
356 1987 536 2034 Sextius]
570 1987 728 2024 Sestius
762 1988 816 2023 ed.
842 1999 892 2034 pr.
918 2010 963 2014 -
1002 1989 1186 2033 dedecus]
1220 1988 1340 2024 decus
1366 1989 1532 2030 Ascens„

135 2057 255 2092 yenzcs
279 2045 364 2080 Par.
385 2046 423 2081 C.
448 2046 513 2092 Lg.
541 2058 685 2089 omnes,
712 2043 787 2080 Ott.
818 2045 911 2079 Ven.
930 2047 960 2081 l.
986 2045 1053 2081 Gu.
1069 2047 1121 2088 l.,
1147 2046 1293 2081 omnino
1321 2050 1408 2090 puto
1434 2045 1530 2088 quic-

138 2102 222 2146 quid
256 2103 456 2137 accuratius
488 2103 658 2137 collatum
691 2107 762 2142 est3
799 2101 935 2137 vulnus
963 2102 1019 2138 ed.
1049 2114 1100 2147 pr.
1125 2122 1171 2128 —-
1210 2101 1357 2144 vestro]
1393 2104 1530 2135 nostro

136 2158 203 2193 Gu.
232 2159 261 2193 l.

231 2236 306 2270 131.
359 2236 406 2269 de
426 2235 558 2281 plebe]
594 2246 663 2269 om.
697 2233 762 2279 Lg.
788 2233 818 2267 8.
843 2234 898 2270 20.
926 2235 980 2269 51.
1009 2235 1054 2269 56
1079 2235 1160 2269 add.
1187 2253 1234 2261 »-
1274 2232 1530 2276 Caesulenus]

143 2292 350 2328 Cesulenus
383 2291 439 2326 ed.
468 2303 519 2336 pr.
556 2290 620 2336 Lg.
648 2290 703 2324 20.
730 2289 783 2323 35.
809 2290 864 2324 39.
890 2291 944 2325 53.
970 2291 1025 2326 56.
1051 2292 1105 2326 68.
1131 2290 1184 2325 70.
1223 2290 1290 2324 Gu.
1319 2291 1348 2324 l.
1401 2288 1530 2323 Caesi-

139 2351 260 2384 denus
286 2349 345 2382 alii
366 2348 525 2392 quidam,
554 2347 807 2381 Caes-idemus
832 2346 955 2381 Ursini
978 2348 1148 2392 suspicio.
1172 2367 1218 2372 —-
1251 2344 1441 2389 Sabellio]
1469 2356 1530 2378 sa·

138 2407 235 2441 velia
270 2405 332 2450 Lg.
356 2404 387 2437 S.
420 2404 474 2438 51.
509 2404 562 2438 56.
602 2403 691 2438 Ven.
724 2403 751 2437 l.
797 2401 872 2438 Ott.
914 2403 982 2437 Gn.
1012 2405 1040 2438 l.
1089 2403 1235 2438 sabello
1269 2402 1335 2448 Lg.
1362 2402 1406 2436 70
1432 2411 1528 2436 corr.

137 2462 298 2498 savellio
318 2461 399 2495 Vat.
414 2481 459 2485 —-
482 2460 665 2503 multam]
691 2461 742 2494 sie
766 2460 845 2494 libri
868 2460 1038 2494 meliores
1055 2471 1189 2494 omnes.
1206 2480 1251 2484 -
1277 2459 1358 2505 leq&
1372 2458 1529 2504 Aquilia

138 2519 280 2553 damni
311 2518 476 2560 iniuria]
515 2517 709 2551 Hotomani
742 2517 984 2550 coniecturam
1019 2528 1096 2550 cum
1129 2515 1271 2552 Orellio
1306 2521 1342 2550 et
1372 2513 1528 2559 Meyero

137 2586 283 2620 sequor.
332 2574 423 2608 Erat
447 2574 507 2608 lex
526 2574 669 2618 Aquilia
693 2573 738 2608 de
764 2574 894 2608 damno
920 2573 1047 2607 iniuria
1071 2573 1167 2607 dato.
1214 2571 1282 2606 Ed.
1305 2583 1358 2618 pr.
1387 2576 1422 2604 et
1445 2569 1530 2604 libri

139 2632 307 2677 plerique
339 2630 362 2664 l.
388 2629 458 2675 Aq.
485 2630 533 2664 de
558 2632 739 2671 iustitia3
772 2630 855 2664 hinc
880 2629 1006 2664 Victor
1032 2629 1187 2664 Pisanus
1219 2628 1268 2662 de
1292 2629 1441 2674 iniuria
1469 2630 1529 2660 aut

140 2688 190 2722 de
211 2689 428 2728 ini-ustitia,
454 2697 603 2732 quorum
627 2687 726 2733 prius
744 2687 829 2722 Sch.
850 2686 1031 2732 probavit.
1070 2685 1277 2720 Hotomano
1301 2695 1375 2719 non
1394 2681 1529 2717 medio-

141 2745 249 2779 criter
275 2743 374 2778 favet
399 2742 465 2789 Lg.
488 2743 568 2788 20.,
597 2745 634 2780 in
660 2755 731 2790 quo
757 2750 811 2780 est
834 2743 883 2779 de
905 2743 1067 2780 invidia.
1106 2740 1233 2778 Omnis
1255 2738 1462 2787 corruptela
1485 2747 1530 2776 ex
