1835 3126
232 159 348 219 156
758 169 1099 215 CICERONIS

232 284 439 327 hominum
475 286 543 322 aut
578 280 736 323 timore.
800 282 844 343 S:
876 281 939 324 Ita
974 282 1179 325 nobismet
1214 283 1316 339 ipsis
1355 282 1524 331 accidit,
1562 287 1616 330 ut,

231 372 464 416 quanquam
501 364 641 400 essent
677 359 802 400 multo
838 361 975 413 magis
1013 359 1100 402 alia
1134 360 1334 415 lugenda,
1371 368 1508 402 tamen
1539 360 1617 402 hoc

232 438 479 486 doleremus,
504 436 624 491 quod,
651 449 730 492 quo
753 443 934 492 tempore
958 443 1075 479 aetas
1095 444 1240 479 nostra
1259 439 1473 494 perfuncta
1493 438 1618 480 rebus

233 515 513 571 amplissumis
556 521 752 569 tanquam
795 516 838 555 in
880 520 1039 570 portum
1075 515 1298 570 confugere
1335 516 1503 558 deberet
1535 529 1619 557 non

232 595 406 635 inertiae
438 605 571 647 neque
603 591 811 642 desidiae,
851 592 926 634 sed
957 593 1030 634 otii
1059 593 1261 635 moderati
1292 601 1412 649 atque
1442 593 1619 641 honesti,

232 684 403 727 cumque
449 672 542 726 ipsa
589 671 722 712 oratio
767 671 851 712 iam
894 676 1038 713 nostra.
1081 678 1323 713 canesceret
1366 670 1618 725 haberetque

230 763 348 792 suam
393 748 599 804 quandam
642 750 918 790 maturitatem
962 755 1002 790 et
1046 749 1167 804 quasi
1209 754 1485 797 senectutem,
1536 754 1620 789 tum

233 841 351 870 arma
381 834 473 869 sunt
504 840 556 870 ea
588 833 767 882 sumpta,
799 826 945 881 quibus
975 826 1039 869 illi
1069 828 1167 883 ipsi,
1199 827 1266 882 qui
1298 826 1528 868 didicerant
1557 826 1621 867 eis

230 909 288 949 uti
323 907 527 961 gloriose,
567 918 687 961 quem
727 904 779 947 ad
818 904 982 947 modum
1018 905 1256 947 salutariter
1293 910 1503 946 uterentur
1537 917 1621 945 non

231 984 531 1041 repperiebant.
583 983 622 1024 9.
653 981 795 1038 Itaque
828 984 867 1024 ei
897 982 997 1024 mihi
1025 982 1213 1025 videntur
1241 983 1445 1025 fortunate
1476 980 1621 1023 beate-

232 1076 310 1118 que
356 1064 512 1105 vixisse
556 1074 647 1103 cum
690 1061 733 1102 in
771 1063 920 1102 ceteris
964 1061 1199 1103 civitatibus
1230 1063 1319 1111 {tum
1350 1062 1542 1112 2maxume
1577 1060 1620 1101 in

230 1147 394 1189 nostra,
426 1139 573 1194 quibus
606 1152 696 1180 cum
722 1140 965 1180 auctoritate
996 1152 1212 1194 rerumque
1241 1145 1452 1193 gestarum
1481 1138 1621 1192 gloria

230 1226 313 1261 tum
350 1219 475 1260 etiam
515 1217 746 1272 sapientiae
783 1216 907 1258 laude
939 1217 1095 1272 perfrui
1133 1217 1260 1260 licuit.
1329 1230 1498 1273 quorum
1535 1229 1622 1258 me-

232 1298 366 1339 moria
410 1302 449 1338 et
492 1294 726 1337 recordatIo
759 1296 802 1336 in
837 1296 1039 1337 maxumis
1075 1296 1228 1337 nostris
1264 1295 1619 1350 gravissumisque

232 1375 342 1416 curis
383 1373 563 1415 iucunda
598 1385 699 1415 sane
737 1373 830 1423 fuit,
873 1386 964 1415 cum
993 1375 1037 1414 in
1067 1386 1159 1415 eam
1188 1387 1318 1430 nuper
1348 1387 1398 1415 ex
1430 1386 1619 1415 sermone

231 1451 409 1507 quodam
438 1450 743 1493 incidissemus.

341 1527 410 1570 ΙΙΙ.
450 1528 517 1570 10.
554 1527 661 1570 Nam
701 1541 792 1570 cum
835 1528 1136 1571 inambularem
1173 1529 1217 1570 in
1252 1534 1371 1583 xysto
1408 1534 1448 1570 et
1484 1541 1620 1571 essem

230 1610 388 1651 otiosus
420 1607 550 1657 domi,
580 1606 752 1670 Marcus
784 1606 838 1649 ad
858 1621 922 1649 me
944 1606 1115 1658 Brutus,
1144 1613 1186 1649 ut
1208 1613 1497 1658 consueverat,
1530 1620 1625 1659 cum*

232 1685 282 1727 T.
312 1684 545 1740 ⁷,Pomponio
588 1691 778 1741 venerat,
819 1684 1007 1728 homines
1053 1699 1144 1728 cum
1188 1686 1294 1728 inter
1331 1699 1377 1728 se
1415 1686 1621 1728 coniiuicti

230 1852 428 1892 vocabulo;
456 1849 499 1886 cf.
525 1851 571 1885 de
591 1849 654 1886 Or.
675 1850 718 1886 ll.
739 1852 804 1894 42,
832 1852 907 1888 178.
934 1859 970 1887 et
994 1853 1040 1887 de
1065 1858 1142 1887 toto
1167 1864 1301 1898 genere
1324 1852 1456 1888 Matth.
1482 1853 1526 1886 ad
1547 1853 1620 1887 Cic.

233 1921 267 1954 p.
294 1910 374 1954 lege
391 1908 493 1941 Man.
518 1907 559 1950 9,
581 1907 636 1943 23.
687 1908 934 1953 „Pompeiani
959 1910 1088 1953 partim
1114 1911 1256 1943 timore
1283 1909 1503 1952 (metuebant
1526 1909 1619 1941 enim

233 1965 399 2000 Caesaris
424 1964 549 2007 iram),
575 1965 705 2008 partim
730 1976 882 2005 errore,
909 1966 992 2009 quia
1018 1965 1175 1999 victores
1199 1976 1238 1999 se
1263 1964 1343 1998 sore
1367 1964 1618 2009 opinabantur,

231 2021 380 2056 abiectis
406 2020 504 2064 pacis
527 2021 791 2055 conditionibus
816 2021 949 2055 bellum
974 2021 1066 2055 ultro
1086 2022 1366 2065 susceperant.“
1408 2019 1556 2065 Meyer.
1576 2040 1619 2045 —-

232 2078 389 2120 timore]
418 2081 587 2109 tremore
611 2075 676 2121 Lg.
699 2077 752 2110 68.

321 2133 353 2166 8.
403 2134 642 2177 quanquam]
674 2143 740 2177 per
772 2143 813 2164 m
848 2141 932 2175 pars
966 2131 1094 2173 codd.‚
1132 2143 1236 2176 quam
1269 2133 1481 2176 scripturam
1504 2133 1620 2167 minus

232 2189 420 2236 probatam
453 2200 525 2222 non
561 2188 672 2233 inagis
705 2187 857 2232 posthac
890 2187 1203 2230 commemorabo,
1236 2199 1339 2232 qnam
1379 2189 1414 2221 in
1447 2198 1621 2233 unquam

230 2256 430 2290 nunquam
456 2250 716 2290 tanquam.-—
741 2243 857 2279 rebus
878 2243 1166 2290 amplissumis]
1193 2247 1310 2289 atque
1326 2243 1537 2279 honoribus
1561 2244 1623 2278 ad-

230 2303 325 2337 ditur
357 2303 391 2335 in
425 2301 490 2336 Gu.
520 2301 569 2336 l.:
605 2301 813 2345 interpretis
844 2312 970 2335 manus
997 2300 1173 2346 particula
1201 2312 1272 2345 que
1306 2301 1548 2345 agglutinata:
1584 2312 1619 2337 v,

232 2359 366 2393 comm.
390 2358 446 2391 Cr.
472 2358 517 2391 ad
538 2358 584 2392 de
604 2356 667 2393 Or.
684 2357 727 2392 ll.
748 2357 812 2399 33,
835 2356 908 2390 144.
926 2377 970 2381 -
1001 2359 1169 2391 inertiae
1185 2375 1231 2383 ——-—
1252 2357 1445 2401 desidiae]
1475 2360 1621 2391 inertia

231 2421 267 2449 et
298 2414 455 2448 desz‘dia
484 2414 539 2449 ed.
567 2426 620 2459 pr.
646 2433 692 2439 —-
729 2418 766 2448 ec
792 2413 923 2459 quasi]
957 2418 1072 2458 atque
1106 2413 1172 2459 Lg.
1200 2413 1256 2448 20.
1285 2434 1325 2439 —-
1364 2415 1536 2460 sumpla]
1569 2413 1621 2448 sic

232 2482 298 2516 per
316 2482 344 2517 p
372 2470 475 2503 codd.
502 2471 623 2505 collati
649 2482 790 2512 omnes,
825 2481 928 2514 quain
953 2470 1186 2514 scripturam,
1223 2481 1300 2504 cum
1330 2475 1365 2504 et
1397 2480 1488 2504 vera
1512 2470 1557 2503 sit
1584 2476 1621 2504 et

231 2527 312 2561 libri
338 2526 505 2560 addicere
530 2527 691 2570 soleant,
724 2526 877 2572 posthac
901 2537 973 2560 non
999 2527 1146 2561 notabo.
1171 2546 1217 2552 —
1253 2524 1544 2573 repperiebant]
1570 2525 1621 2560 sic

232 2583 372 2618 duobus
394 2594 421 2629 p
446 2582 511 2627 Lg.
531 2583 563 2618 8.
587 2584 641 2618 51.
677 2583 770 2618 Ven.
793 2583 841 2625 l.;
867 2593 901 2618 V.
924 2582 1057 2617 Conim.
1078 2583 1136 2617 Cr.
1163 2583 1209 2617 ad
1235 2583 1279 2616 de
1299 2581 1363 2617 Or.
1385 2581 1426 2615 11.
1452 2582 1516 2624 24,
1543 2581 1618 2616 100.

322 2639 355 2673 9.
404 2640 455 2682 ei]
489 2640 558 2682 sic,
592 2651 666 2675 non
692 2642 741 2681 ii,
774 2639 840 2686 Lg.
866 2639 897 2673 8.
921 2638 976 2672 35.
1003 2638 1058 2674 39.
1085 2639 1136 2672 51.
1163 2638 1217 2672 53.
1243 2639 1299 2673 68.
1326 2638 1377 2672 70.
1412 2649 1479 2673 om.
1505 2640 1539 2672 ii
1561 2637 1618 2671 ed.

232 2707 287 2741 pr.
304 2715 349 2723 —-
375 2696 529 2741 ceteris]
554 2697 605 2730 sic
629 2695 695 2742 Lg.
715 2696 746 2731 8.
763 2696 838 2738 51.;
862 2695 939 2731 rell.
963 2706 1007 2730 ae
1026 2694 1087 2731 vel
1107 2706 1172 2737 oe,
1198 2695 1294 2740 quod
1319 2693 1470 2740 posthac
1493 2697 1620 2729 notare
