<?xml version="1.0" encoding="UTF-8"?>
<!DOCTYPE html PUBLIC "-//W3C//DTD XHTML 1.0 Transitional//EN"
    "http://www.w3.org/TR/xhtml1/DTD/xhtml1-transitional.dtd">
<html xmlns="http://www.w3.org/1999/xhtml" xml:lang="en" lang="en">
 <head>
  <title>
</title>
<meta http-equiv="Content-Type" content="text/html;charset=utf-8" />
  <meta name='ocr-system' content='tesseract 3.04.00' />
  <meta name='ocr-capabilities' content='ocr_page ocr_carea ocr_par ocr_line ocrx_word'/>
</head>
<body>
  <div class='ocr_page' id='page_1' title='image "./brutussivedeclar00ciceuoft_0310.png"; bbox 0 0 1835 3126; ppageno 0'>
   <div class='ocr_carea' id='block_1_1' title="bbox 305 128 1168 177">
    <p class='ocr_par' dir='ltr' id='par_1_1' title="bbox 305 128 1168 177">
     <span class='ocr_line' id='line_1_1' title="bbox 305 128 1168 177; baseline -0.007 0"><span class='ocrx_word' id='word_1_1' title='bbox 305 132 442 177; x_wconf 69' lang='lat'><em>290</em></span> <span class='ocrx_word' id='word_1_2' title='bbox 822 128 1168 172; x_wconf 84' lang='lat' dir='ltr'>CICERONIS</span> 
     </span>
    </p>
   </div>
   <div class='ocr_carea' id='block_1_2' title="bbox 305 237 1748 1695">
    <p class='ocr_par' dir='ltr' id='par_1_2' title="bbox 305 237 1748 1453">
     <span class='ocr_line' id='line_1_2' title="bbox 306 237 1688 293; baseline -0.004 -8"><span class='ocrx_word' id='word_1_3' title='bbox 306 250 389 285; x_wconf 80' lang='lat' dir='ltr'><em>tam</em></span> <span class='ocrx_word' id='word_1_4' title='bbox 417 240 652 282; x_wconf 69' lang='lat' dir='ltr'>oscitanter.</span> <span class='ocrx_word' id='word_1_5' title='bbox 709 237 805 279; x_wconf 71' lang='lat'><em>278.</em></span> <span class='ocrx_word' id='word_1_6' title='bbox 845 239 907 280; x_wconf 84' lang='lat' dir='ltr'><em>Tu</em></span> <span class='ocrx_word' id='word_1_7' title='bbox 937 242 1064 288; x_wconf 72' lang='lat' dir='ltr'><em>istuc,</em></span> <span class='ocrx_word' id='word_1_8' title='bbox 1102 241 1161 284; x_wconf 82' lang='lat' dir='ltr'><em>M.</em></span> <span class='ocrx_word' id='word_1_9' title='bbox 1199 240 1352 289; x_wconf 76' lang='lat' dir='ltr'><em>Calidi,</em></span> <span class='ocrx_word' id='word_1_10' title='bbox 1390 240 1475 281; x_wconf 79' lang='lat' dir='ltr'><em>uisi</em></span> <span class='ocrx_word' id='word_1_11' title='bbox 1500 240 1688 293; x_wconf 74' lang='lat' dir='ltr'><em>finqeres,</em></span> 
     </span>
     <span class='ocr_line' id='line_1_3' title="bbox 305 317 1692 371; baseline -0.001 -11"><span class='ocrx_word' id='word_1_12' title='bbox 305 321 365 360; x_wconf 79' lang='lat' dir='ltr'><em>sie</em></span> <span class='ocrx_word' id='word_1_13' title='bbox 392 317 565 370; x_wconf 59' lang='lat' dir='ltr'><em>afferes?</em></span> <span class='ocrx_word' id='word_1_14' title='bbox 591 317 840 368; x_wconf 76' lang='lat' dir='ltr'><em>praesertim</em></span> <span class='ocrx_word' id='word_1_15' title='bbox 870 329 961 357; x_wconf 85' lang='lat' dir='ltr'><em>cum</em></span> <span class='ocrx_word' id='word_1_16' title='bbox 991 318 1075 358; x_wconf 81' lang='lat' dir='ltr'><em>ista</em></span> <span class='ocrx_word' id='word_1_17' title='bbox 1103 318 1335 371; x_wconf 74' lang='lat' dir='ltr'><em>eloquentia</em></span> <span class='ocrx_word' id='word_1_18' title='bbox 1359 319 1592 360; x_wconf 78' lang='lat' dir='ltr'><em>alienorum</em></span> <span class='ocrx_word' id='word_1_19' title='bbox 1617 319 1692 358; x_wconf 39' lang='lat' dir='ltr'><em>ho*-</em></span> 
     </span>
     <span class='ocr_line' id='line_1_4' title="bbox 305 394 1694 448; baseline -0.001 -10"><span class='ocrx_word' id='word_1_20' title='bbox 305 398 467 437; x_wconf 72' lang='lat' dir='ltr'><em>minum</em></span> <span class='ocrx_word' id='word_1_21' title='bbox 489 394 679 446; x_wconf 74' lang='lat' dir='ltr'><em>pericula</em></span> <span class='ocrx_word' id='word_1_22' title='bbox 707 394 918 446; x_wconf 80' lang='lat' dir='ltr'><em>defendere</em></span> <span class='ocrx_word' id='word_1_23' title='bbox 947 406 1159 435; x_wconf 80' lang='lat' dir='ltr'><em>acerrume</em></span> <span class='ocrx_word' id='word_1_24' title='bbox 1188 397 1340 443; x_wconf 85' lang='lat' dir='ltr'><em>soleas,</em></span> <span class='ocrx_word' id='word_1_25' title='bbox 1374 404 1491 438; x_wconf 82' lang='lat' dir='ltr'><em>tuum</em></span> <span class='ocrx_word' id='word_1_26' title='bbox 1519 396 1694 448; x_wconf 72' lang='lat' dir='ltr'><em>ueyliqe-</em></span> 
     </span>
     <span class='ocr_line' id='line_1_5' title="bbox 307 470 1695 526; baseline -0.003 -10"><span class='ocrx_word' id='word_1_27' title='bbox 307 475 402 516; x_wconf 61' lang='lat' dir='ltr'><em>res?³</em></span> <span class='ocrx_word' id='word_1_28' title='bbox 437 473 508 513; x_wconf 75' lang='lat' dir='ltr'><em>ubi</em></span> <span class='ocrx_word' id='word_1_29' title='bbox 532 472 682 512; x_wconf 71' lang='lat' dir='ltr'><em>dolor?</em></span> <span class='ocrx_word' id='word_1_30' title='bbox 715 470 786 512; x_wconf 78' lang='lat' dir='ltr'><em>ubl</em></span> <span class='ocrx_word' id='word_1_31' title='bbox 808 473 940 513; x_wconf 78' lang='lat' dir='ltr'><em>ardor</em></span> <span class='ocrx_word' id='word_1_32' title='bbox 964 473 1118 519; x_wconf 75' lang='lat' dir='ltr'><em>animi,</em></span> <span class='ocrx_word' id='word_1_33' title='bbox 1151 473 1222 525; x_wconf 80' lang='lat' dir='ltr'><em>qui</em></span> <span class='ocrx_word' id='word_1_34' title='bbox 1243 474 1365 514; x_wconf 82' lang='lat' dir='ltr'><em>eliam</em></span> <span class='ocrx_word' id='word_1_35' title='bbox 1390 486 1442 514; x_wconf 75' lang='lat' dir='ltr'><em>eoe</em></span> <span class='ocrx_word' id='word_1_36' title='bbox 1465 472 1695 526; x_wconf 72' lang='lat' dir='ltr'><em>infantium</em></span> 
     </span>
     <span class='ocr_line' id='line_1_6' title="bbox 308 550 1694 604; baseline -0.001 -11"><span class='ocrx_word' id='word_1_37' title='bbox 308 552 483 604; x_wconf 71' lang='lat' dir='ltr'><em>iuqeniis</em></span> <span class='ocrx_word' id='word_1_38' title='bbox 515 550 655 590; x_wconf 77' lang='lat' dir='ltr'><em>elicere</em></span> <span class='ocrx_word' id='word_1_39' title='bbox 687 561 802 590; x_wconf 82' lang='lat' dir='ltr'><em>voces</em></span> <span class='ocrx_word' id='word_1_40' title='bbox 831 557 867 591; x_wconf 79' lang='lat' dir='ltr'><em>el</em></span> <span class='ocrx_word' id='word_1_41' title='bbox 896 551 1082 602; x_wconf 77' lang='lat' dir='ltr'><em>querelas</em></span> <span class='ocrx_word' id='word_1_42' title='bbox 1112 550 1244 591; x_wconf 72' lang='lat' dir='ltr'><em>solet?</em></span> <span class='ocrx_word' id='word_1_43' title='bbox 1290 550 1409 590; x_wconf 75' lang='lat' dir='ltr'><em>nulla</em></span> <span class='ocrx_word' id='word_1_44' title='bbox 1432 552 1694 601; x_wconf 79' lang='lat' dir='ltr'><em>perturbatio</em></span> 
     </span>
     <span class='ocr_line' id='line_1_7' title="bbox 306 627 1695 680; baseline -0.001 -11"><span class='ocrx_word' id='word_1_45' title='bbox 306 629 461 675; x_wconf 80' lang='lat' dir='ltr'><em>auinu‘,</em></span> <span class='ocrx_word' id='word_1_46' title='bbox 505 627 623 669; x_wconf 82' lang='lat' dir='ltr'><em>uulla</em></span> <span class='ocrx_word' id='word_1_47' title='bbox 652 628 863 679; x_wconf 67' lang='lat' dir='ltr'><em>corporis:</em></span> <span class='ocrx_word' id='word_1_48' title='bbox 902 628 1022 680; x_wconf 82' lang='lat' dir='ltr'><em>srous</em></span> <span class='ocrx_word' id='word_1_49' title='bbox 1052 641 1138 669; x_wconf 62' lang='grc' dir='ltr'><em>που</em></span> <span class='ocrx_word' id='word_1_50' title='bbox 1165 639 1383 680; x_wconf 84' lang='lat' dir='ltr'><em>percussa,</em></span> <span class='ocrx_word' id='word_1_51' title='bbox 1423 640 1510 668; x_wconf 72' lang='lat' dir='ltr'><em>nou</em></span> <span class='ocrx_word' id='word_1_52' title='bbox 1536 627 1695 679; x_wconf 78' lang='lat' dir='ltr'><em>femur:</em></span> 
     </span>
     <span class='ocr_line' id='line_1_8' title="bbox 307 705 1698 759; baseline -0.002 -12"><span class='ocrx_word' id='word_1_53' title='bbox 307 708 444 759; x_wconf 72' lang='lat' dir='ltr'><em>pedis,</em></span> <span class='ocrx_word' id='word_1_54' title='bbox 471 706 581 758; x_wconf 78' lang='lat' dir='ltr'><em>quod</em></span> <span class='ocrx_word' id='word_1_55' title='bbox 601 706 834 746; x_wconf 69' lang='lat' dir='ltr'><em>minimuum</em></span> <span class='ocrx_word' id='word_1_56' title='bbox 857 712 927 752; x_wconf 86' lang='lat' dir='ltr'><em>est,</em></span> <span class='ocrx_word' id='word_1_57' title='bbox 955 706 1072 747; x_wconf 78' lang='lat' dir='ltr'><em>nulla</em></span> <span class='ocrx_word' id='word_1_58' title='bbox 1095 706 1320 757; x_wconf 77' lang='lat' dir='ltr'><em>supplosio.</em></span> <span class='ocrx_word' id='word_1_59' title='bbox 1363 705 1510 757; x_wconf 79' lang='lat' dir='ltr'><em>[caque</em></span> <span class='ocrx_word' id='word_1_60' title='bbox 1536 710 1698 745; x_wconf 74' lang='lat' dir='ltr'><em>tantum</em></span> 
     </span>
     <span class='ocr_line' id='line_1_9' title="bbox 311 782 1698 837; baseline -0.002 -12"><span class='ocrx_word' id='word_1_61' title='bbox 311 784 465 837; x_wconf 75' lang='lat' dir='ltr'><em>abfuit,</em></span> <span class='ocrx_word' id='word_1_62' title='bbox 491 790 537 824; x_wconf 83' lang='lat' dir='ltr'><em>ut</em></span> <span class='ocrx_word' id='word_1_63' title='bbox 566 784 849 837; x_wconf 72' lang='lat' dir='ltr'><em>inflammares</em></span> <span class='ocrx_word' id='word_1_64' title='bbox 880 791 1046 825; x_wconf 65' lang='lat' dir='ltr'><em>nostros</em></span> <span class='ocrx_word' id='word_1_65' title='bbox 1078 785 1263 833; x_wconf 82' lang='lat' dir='ltr'><em>aulmos‚·</em></span> <span class='ocrx_word' id='word_1_66' title='bbox 1291 795 1482 823; x_wconf 80' lang='lat' dir='ltr'><em>sonmum</em></span> <span class='ocrx_word' id='word_1_67' title='bbox 1505 783 1584 823; x_wconf 74' lang='lat' dir='ltr'><em>islo</em></span> <span class='ocrx_word' id='word_1_68' title='bbox 1611 782 1698 822; x_wconf 87' lang='lat' dir='ltr'><em>loco</em></span> 
     </span>
     <span class='ocr_line' id='line_1_10' title="bbox 310 859 1748 904; baseline -0.001 -1"><span class='ocrx_word' id='word_1_69' title='bbox 310 864 387 904; x_wconf 75' lang='lat' dir='ltr'><em>vix</em></span> <span class='ocrx_word' id='word_1_70' title='bbox 440 862 686 903; x_wconf 77' lang='lat' dir='ltr'><em>tenebamus,</em></span> <span class='ocrx_word' id='word_1_71' title='bbox 759 859 834 902; x_wconf 88' lang='lat' dir='ltr'><em>Sic</em></span> <span class='ocrx_word' id='word_1_72' title='bbox 884 874 961 903; x_wconf 93' lang='lat' dir='ltr'><em>nos</em></span> <span class='ocrx_word' id='word_1_73' title='bbox 1003 861 1148 902; x_wconf 88' lang='lat' dir='ltr'><em>summi</em></span> <span class='ocrx_word' id='word_1_74' title='bbox 1191 861 1369 903; x_wconf 87' lang='lat' dir='ltr'><em>oratoris</em></span> <span class='ocrx_word' id='word_1_75' title='bbox 1412 859 1480 902; x_wconf 87' lang='lat' dir='ltr'><em>vel</em></span> <span class='ocrx_word' id='word_1_76' title='bbox 1524 860 1700 901; x_wconf 81' lang='lat' dir='ltr'><em>sanitate</em></span> <span class='ocrx_word' id='word_1_77' title='bbox 1745 866 1748 869; x_wconf 73' lang='grc'>“</span> 
     </span>
     <span class='ocr_line' id='line_1_11' title="bbox 310 936 1701 995; baseline -0.002 -14"><span class='ocrx_word' id='word_1_78' title='bbox 310 939 378 982; x_wconf 87' lang='lat' dir='ltr'><em>vel</em></span> <span class='ocrx_word' id='word_1_79' title='bbox 407 942 506 981; x_wconf 81' lang='lat' dir='ltr'><em>vitio</em></span> <span class='ocrx_word' id='word_1_80' title='bbox 539 951 613 995; x_wconf 90' lang='lat' dir='ltr'><em>pro</em></span> <span class='ocrx_word' id='word_1_81' title='bbox 645 945 886 992; x_wconf 82' lang='lat' dir='ltr'><em>argumento</em></span> <span class='ocrx_word' id='word_1_82' title='bbox 918 939 969 980; x_wconf 83' lang='lat' dir='ltr'><em>ad</em></span> <span class='ocrx_word' id='word_1_83' title='bbox 1003 936 1238 980; x_wconf 87' lang='lat' dir='ltr'><em>diluendum</em></span> <span class='ocrx_word' id='word_1_84' title='bbox 1272 941 1426 981; x_wconf 78' lang='lat' dir='ltr'><em>crimen</em></span> <span class='ocrx_word' id='word_1_85' title='bbox 1456 938 1521 979; x_wconf 90' lang='lat' dir='ltr'><em>usi</em></span> <span class='ocrx_word' id='word_1_86' title='bbox 1549 949 1701 978; x_wconf 89' lang='lat' dir='ltr'><em>sumus.</em></span> 
     </span>
     <span class='ocr_line' id='line_1_12' title="bbox 313 1014 1702 1071; baseline -0.001 -13"><span class='ocrx_word' id='word_1_87' title='bbox 313 1017 410 1059; x_wconf 83' lang='lat'><em>279.</em></span> <span class='ocrx_word' id='word_1_88' title='bbox 449 1015 556 1058; x_wconf 89' lang='lat' dir='ltr'><em>Tum</em></span> <span class='ocrx_word' id='word_1_89' title='bbox 595 1014 763 1065; x_wconf 85' lang='lat' dir='ltr'><em>Brutus,</em></span> <span class='ocrx_word' id='word_1_90' title='bbox 801 1020 936 1071; x_wconf 82' lang='lat' dir='ltr'><em>Atque</em></span> <span class='ocrx_word' id='word_1_91' title='bbox 971 1016 1224 1063; x_wconf 78' lang='lat' dir='ltr'><em>dubitamus,</em></span> <span class='ocrx_word' id='word_1_92' title='bbox 1262 1017 1413 1071; x_wconf 86' lang='lat' dir='ltr'><em>inquit,</em></span> <span class='ocrx_word' id='word_1_93' title='bbox 1451 1022 1582 1056; x_wconf 90' lang='lat' dir='ltr'><em>utrum</em></span> <span class='ocrx_word' id='word_1_94' title='bbox 1620 1016 1702 1056; x_wconf 85' lang='lat' dir='ltr'><em>ista</em></span> 
     </span>
     <span class='ocr_line' id='line_1_13' title="bbox 315 1093 1702 1144; baseline -0.002 -8"><span class='ocrx_word' id='word_1_95' title='bbox 315 1095 474 1136; x_wconf 78' lang='lat' dir='ltr'><em>sanitas</em></span> <span class='ocrx_word' id='word_1_96' title='bbox 515 1094 638 1134; x_wconf 89' lang='lat' dir='ltr'><em>suerit</em></span> <span class='ocrx_word' id='word_1_97' title='bbox 675 1106 726 1134; x_wconf 83' lang='lat' dir='ltr'><em>an</em></span> <span class='ocrx_word' id='word_1_98' title='bbox 758 1094 924 1135; x_wconf 66' lang='lat' dir='ltr'><em>vitium?</em></span> <span class='ocrx_word' id='word_1_99' title='bbox 985 1093 1086 1144; x_wconf 84' lang='lat' dir='ltr'><em>Quis</em></span> <span class='ocrx_word' id='word_1_100' title='bbox 1117 1095 1225 1135; x_wconf 90' lang='lat' dir='ltr'><em>enim</em></span> <span class='ocrx_word' id='word_1_101' title='bbox 1258 1107 1340 1136; x_wconf 90' lang='lat' dir='ltr'><em>non</em></span> <span class='ocrx_word' id='word_1_102' title='bbox 1371 1093 1569 1142; x_wconf 81' lang='lat' dir='ltr'><em>fateatur,</em></span> <span class='ocrx_word' id='word_1_103' title='bbox 1612 1105 1702 1134; x_wconf 84' lang='lat' dir='ltr'><em>cum</em></span> 
     </span>
     <span class='ocr_line' id='line_1_14' title="bbox 314 1169 1704 1224; baseline -0.001 -10"><span class='ocrx_word' id='word_1_104' title='bbox 314 1185 367 1214; x_wconf 87' lang='lat' dir='ltr'><em>ex</em></span> <span class='ocrx_word' id='word_1_105' title='bbox 409 1169 598 1213; x_wconf 89' lang='lat' dir='ltr'><em>omnibus</em></span> <span class='ocrx_word' id='word_1_106' title='bbox 631 1172 808 1211; x_wconf 85' lang='lat' dir='ltr'><em>oratoris</em></span> <span class='ocrx_word' id='word_1_107' title='bbox 844 1169 1037 1211; x_wconf 76' lang='lat' dir='ltr'><em>laudibus</em></span> <span class='ocrx_word' id='word_1_108' title='bbox 1066 1170 1190 1224; x_wconf 80' lang='lat' dir='ltr'><em>longe</em></span> <span class='ocrx_word' id='word_1_109' title='bbox 1227 1172 1310 1212; x_wconf 84' lang='lat' dir='ltr'><em>ista</em></span> <span class='ocrx_word' id='word_1_110' title='bbox 1339 1173 1390 1212; x_wconf 91' lang='lat' dir='ltr'><em>sit</em></span> <span class='ocrx_word' id='word_1_111' title='bbox 1419 1184 1610 1212; x_wconf 79' lang='lat' dir='ltr'><em>maxuma</em></span> <span class='ocrx_word' id='word_1_112' title='bbox 1640 1172 1704 1212; x_wconf 51' lang='lat' dir='ltr'><em>in*-</em></span> 
     </span>
     <span class='ocr_line' id='line_1_15' title="bbox 316 1246 1704 1303; baseline -0.001 -12"><span class='ocrx_word' id='word_1_113' title='bbox 316 1248 527 1291; x_wconf 81' lang='lat' dir='ltr'><em>flammare</em></span> <span class='ocrx_word' id='word_1_114' title='bbox 579 1248 738 1289; x_wconf 87' lang='lat' dir='ltr'><em>animos</em></span> <span class='ocrx_word' id='word_1_115' title='bbox 777 1246 1028 1289; x_wconf 85' lang='lat' dir='ltr'><em>audientium</em></span> <span class='ocrx_word' id='word_1_116' title='bbox 1064 1254 1103 1290; x_wconf 90' lang='lat' dir='ltr'><em>et</em></span> <span class='ocrx_word' id='word_1_117' title='bbox 1142 1260 1383 1303; x_wconf 86' lang='lat' dir='ltr'><em>quocunque</em></span> <span class='ocrx_word' id='word_1_118' title='bbox 1421 1260 1490 1289; x_wconf 86' lang='lat' dir='ltr'><em>res</em></span> <span class='ocrx_word' id='word_1_119' title='bbox 1527 1248 1704 1303; x_wconf 83' lang='lat' dir='ltr'><em>postulet</em></span> 
     </span>
     <span class='ocr_line' id='line_1_16' title="bbox 316 1324 1706 1381; baseline -0.002 -12"><span class='ocrx_word' id='word_1_120' title='bbox 316 1327 439 1369; x_wconf 88' lang='lat' dir='ltr'><em>modo</em></span> <span class='ocrx_word' id='word_1_121' title='bbox 464 1325 651 1375; x_wconf 83' lang='lat' dir='ltr'><em>flectere,</em></span> <span class='ocrx_word' id='word_1_122' title='bbox 683 1326 750 1380; x_wconf 89' lang='lat' dir='ltr'><em>qui</em></span> <span class='ocrx_word' id='word_1_123' title='bbox 775 1324 855 1368; x_wconf 83' lang='lat' dir='ltr'><em>hac</em></span> <span class='ocrx_word' id='word_1_124' title='bbox 880 1327 1025 1369; x_wconf 86' lang='lat' dir='ltr'><em>virtute</em></span> <span class='ocrx_word' id='word_1_125' title='bbox 1052 1327 1250 1377; x_wconf 81' lang='lat' dir='ltr'><em>caruerit,</em></span> <span class='ocrx_word' id='word_1_126' title='bbox 1282 1326 1324 1368; x_wconf 90' lang='lat' dir='ltr'><em>id</em></span> <span class='ocrx_word' id='word_1_127' title='bbox 1347 1327 1406 1377; x_wconf 86' lang='lat' dir='ltr'><em>ei,</em></span> <span class='ocrx_word' id='word_1_128' title='bbox 1433 1324 1542 1381; x_wconf 86' lang='lat' dir='ltr'><em>quod</em></span> <span class='ocrx_word' id='word_1_129' title='bbox 1563 1337 1706 1367; x_wconf 76' lang='lat' dir='ltr'><em>maxu-</em></span> 
     </span>
     <span class='ocr_line' id='line_1_17' title="bbox 317 1403 833 1453; baseline -0.002 -7"><span class='ocrx_word' id='word_1_130' title='bbox 317 1418 422 1447; x_wconf 87' lang='lat' dir='ltr'><em>mum</em></span> <span class='ocrx_word' id='word_1_131' title='bbox 451 1404 593 1453; x_wconf 87' lang='lat' dir='ltr'><em>fuerit,</em></span> <span class='ocrx_word' id='word_1_132' title='bbox 624 1403 833 1445; x_wconf 67' lang='lat' dir='ltr'><em>defuisse?</em></span> 
     </span>
    </p>

    <p class='ocr_par' dir='ltr' id='par_1_3' title="bbox 318 1479 1709 1695">
     <span class='ocr_line' id='line_1_18' title="bbox 428 1479 1708 1537; baseline -0.001 -14"><span class='ocrx_word' id='word_1_133' title='bbox 428 1479 627 1523; x_wconf 89' lang='lat' dir='ltr'>LXXXI.</span> <span class='ocrx_word' id='word_1_134' title='bbox 674 1480 739 1523; x_wconf 88' lang='lat' dir='ltr'><em>Sit</em></span> <span class='ocrx_word' id='word_1_135' title='bbox 777 1494 877 1523; x_wconf 84' lang='lat' dir='ltr'><em>sane</em></span> <span class='ocrx_word' id='word_1_136' title='bbox 923 1483 1000 1529; x_wconf 83' lang='lat' dir='ltr'><em>ita,</em></span> <span class='ocrx_word' id='word_1_137' title='bbox 1043 1483 1231 1537; x_wconf 81' lang='lat' dir='ltr'><em>inquam:</em></span> <span class='ocrx_word' id='word_1_138' title='bbox 1279 1480 1352 1523; x_wconf 87' lang='lat' dir='ltr'><em>sed</em></span> <span class='ocrx_word' id='word_1_139' title='bbox 1396 1481 1614 1524; x_wconf 85' lang='lat' dir='ltr'><em>redeamus</em></span> <span class='ocrx_word' id='word_1_140' title='bbox 1654 1480 1708 1523; x_wconf 85' lang='lat' dir='ltr'><em>ad</em></span> 
     </span>
     <span class='ocr_line' id='line_1_19' title="bbox 318 1558 1709 1616; baseline -0.001 -13"><span class='ocrx_word' id='word_1_141' title='bbox 318 1574 432 1611; x_wconf 84' lang='lat' dir='ltr'><em>euin,</em></span> <span class='ocrx_word' id='word_1_142' title='bbox 466 1562 535 1616; x_wconf 87' lang='lat' dir='ltr'><em>qui</em></span> <span class='ocrx_word' id='word_1_143' title='bbox 562 1561 645 1601; x_wconf 85' lang='lat' dir='ltr'><em>iam</em></span> <span class='ocrx_word' id='word_1_144' title='bbox 675 1573 779 1602; x_wconf 89' lang='lat' dir='ltr'><em>unus</em></span> <span class='ocrx_word' id='word_1_145' title='bbox 809 1566 958 1609; x_wconf 79' lang='lat' dir='ltr'><em>restat,</em></span> <span class='ocrx_word' id='word_1_146' title='bbox 990 1558 1273 1611; x_wconf 62' lang='lat' dir='ltr'><em>Hortensium,</em></span> <span class='ocrx_word' id='word_1_147' title='bbox 1311 1566 1394 1601; x_wconf 92' lang='lat' dir='ltr'><em>tum</em></span> <span class='ocrx_word' id='word_1_148' title='bbox 1425 1558 1474 1601; x_wconf 86' lang='lat' dir='ltr'><em>de</em></span> <span class='ocrx_word' id='word_1_149' title='bbox 1504 1559 1709 1602; x_wconf 84' lang='lat' dir='ltr'><em>nobismet</em></span> 
     </span>
     <span class='ocr_line' id='line_1_20' title="bbox 318 1635 1704 1695; baseline -0.001 -15"><span class='ocrx_word' id='word_1_150' title='bbox 318 1640 439 1695; x_wconf 88' lang='lat' dir='ltr'><em>ipsis,</em></span> <span class='ocrx_word' id='word_1_151' title='bbox 469 1640 662 1694; x_wconf 86' lang='lat' dir='ltr'><em>quoniam</em></span> <span class='ocrx_word' id='word_1_152' title='bbox 693 1638 734 1679; x_wconf 91' lang='lat' dir='ltr'><em>id</em></span> <span class='ocrx_word' id='word_1_153' title='bbox 760 1640 903 1689; x_wconf 82' lang='lat' dir='ltr'><em>etiam,</em></span> <span class='ocrx_word' id='word_1_154' title='bbox 933 1637 1077 1689; x_wconf 84' lang='lat' dir='ltr'><em>Brute,</em></span> <span class='ocrx_word' id='word_1_155' title='bbox 1109 1638 1315 1694; x_wconf 84' lang='lat' dir='ltr'><em>postulas,</em></span> <span class='ocrx_word' id='word_1_156' title='bbox 1344 1650 1480 1693; x_wconf 85' lang='lat' dir='ltr'><em>pauca</em></span> <span class='ocrx_word' id='word_1_157' title='bbox 1512 1635 1704 1679; x_wconf 86' lang='lat' dir='ltr'><em>dicemus.</em></span> 
     </span>
    </p>
   </div>
   <div class='ocr_carea' id='block_1_3' title="bbox 317 1778 1711 2444">
    <p class='ocr_par' dir='ltr' id='par_1_4' title="bbox 317 1778 1711 2444">
     <span class='ocr_line' id='line_1_21' title="bbox 411 1778 1708 1826; baseline -0.001 -11"><span class='ocrx_word' id='word_1_158' title='bbox 411 1781 490 1815; x_wconf 79' lang='lat'><em>278.</em></span> <span class='ocrx_word' id='word_1_159' title='bbox 539 1785 581 1815; x_wconf 78' lang='lat' dir='ltr'><em>lu</em></span> <span class='ocrx_word' id='word_1_160' title='bbox 605 1782 720 1825; x_wconf 76' lang='lat' dir='ltr'><em>istuc]</em></span> <span class='ocrx_word' id='word_1_161' title='bbox 742 1781 857 1815; x_wconf 89' lang='lat' dir='ltr'><em>locum</em></span> <span class='ocrx_word' id='word_1_162' title='bbox 873 1782 1015 1826; x_wconf 81' lang='lat' dir='ltr'><em>paulum</em></span> <span class='ocrx_word' id='word_1_163' title='bbox 1036 1784 1206 1817; x_wconf 72' lang='lat' dir='ltr'><em>mutatum</em></span> <span class='ocrx_word' id='word_1_164' title='bbox 1222 1782 1326 1816; x_wconf 80' lang='lat' dir='ltr'><em>affert</em></span> <span class='ocrx_word' id='word_1_165' title='bbox 1338 1781 1486 1819; x_wconf 80' lang='lat' dir='ltr'><em>Quintil.</em></span> <span class='ocrx_word' id='word_1_166' title='bbox 1500 1780 1561 1815; x_wconf 82' lang='lat' dir='ltr'><em>XI.</em></span> <span class='ocrx_word' id='word_1_167' title='bbox 1575 1779 1615 1823; x_wconf 84' lang='lat'><em>3,</em></span> <span class='ocrx_word' id='word_1_168' title='bbox 1632 1778 1708 1815; x_wconf 86' lang='lat'><em>155.</em></span> 
     </span>
     <span class='ocr_line' id='line_1_22' title="bbox 321 1837 1709 1885; baseline 0.001 -14"><span class='ocrx_word' id='word_1_169' title='bbox 321 1842 357 1871; x_wconf 85' lang='lat' dir='ltr'><em>et</em></span> <span class='ocrx_word' id='word_1_170' title='bbox 372 1842 509 1881; x_wconf 80' lang='lat' dir='ltr'><em>partem</em></span> <span class='ocrx_word' id='word_1_171' title='bbox 532 1837 559 1881; x_wconf 64' lang='grc' dir='ltr'><em>ξ.</em></span> <span class='ocrx_word' id='word_1_172' title='bbox 578 1837 672 1878; x_wconf 75' lang='lat'><em>123.;</em></span> <span class='ocrx_word' id='word_1_173' title='bbox 697 1837 805 1871; x_wconf 80' lang='lat' dir='ltr'><em>habet</em></span> <span class='ocrx_word' id='word_1_174' title='bbox 826 1838 931 1871; x_wconf 79' lang='lat' dir='ltr'><em>etiam</em></span> <span class='ocrx_word' id='word_1_175' title='bbox 956 1849 1033 1871; x_wconf 73' lang='lat' dir='ltr'><em>non</em></span> <span class='ocrx_word' id='word_1_176' title='bbox 1048 1838 1163 1882; x_wconf 81' lang='lat' dir='ltr'><em>frons</em></span> <span class='ocrx_word' id='word_1_177' title='bbox 1176 1850 1393 1885; x_wconf 76' lang='lat' dir='ltr'><em>percussa;</em></span> <span class='ocrx_word' id='word_1_178' title='bbox 1419 1838 1549 1882; x_wconf 82' lang='lat' dir='ltr'><em>probat</em></span> <span class='ocrx_word' id='word_1_179' title='bbox 1564 1837 1648 1872; x_wconf 86' lang='lat' dir='ltr'><em>Sch.</em></span> <span class='ocrx_word' id='word_1_180' title='bbox 1663 1857 1709 1861; x_wconf 92' lang='lat'><em>—-</em></span> 
     </span>
     <span class='ocr_line' id='line_1_23' title="bbox 317 1892 1708 1939; baseline -0.001 -12"><span class='ocrx_word' id='word_1_181' title='bbox 317 1896 556 1939; x_wconf 74' lang='lat' dir='ltr'><em>praesertim</em></span> <span class='ocrx_word' id='word_1_182' title='bbox 588 1893 691 1936; x_wconf 80' lang='lat' dir='ltr'><em>cum]</em></span> <span class='ocrx_word' id='word_1_183' title='bbox 726 1892 782 1926; x_wconf 84' lang='lat' dir='ltr'><em>hic</em></span> <span class='ocrx_word' id='word_1_184' title='bbox 817 1894 930 1938; x_wconf 83' lang='lat' dir='ltr'><em>intpp.</em></span> <span class='ocrx_word' id='word_1_185' title='bbox 962 1892 1178 1936; x_wconf 79' lang='lat' dir='ltr'><em>haeserunt,</em></span> <span class='ocrx_word' id='word_1_186' title='bbox 1220 1894 1317 1938; x_wconf 88' lang='lat' dir='ltr'><em>quod</em></span> <span class='ocrx_word' id='word_1_187' title='bbox 1351 1894 1562 1938; x_wconf 81' lang='lat' dir='ltr'><em>interposito</em></span> <span class='ocrx_word' id='word_1_188' title='bbox 1590 1904 1708 1939; x_wconf 73' lang='lat' dir='ltr'><em>prae·</em></span> 
     </span>
     <span class='ocr_line' id='line_1_24' title="bbox 320 1948 1709 1995; baseline -0.001 -12"><span class='ocrx_word' id='word_1_189' title='bbox 320 1952 458 1983; x_wconf 77' lang='lat' dir='ltr'><em>sertim</em></span> <span class='ocrx_word' id='word_1_190' title='bbox 483 1949 703 1982; x_wconf 79' lang='lat' dir='ltr'><em>continuatio</em></span> <span class='ocrx_word' id='word_1_191' title='bbox 728 1950 965 1983; x_wconf 85' lang='lat' dir='ltr'><em>membrorum</em></span> <span class='ocrx_word' id='word_1_192' title='bbox 991 1961 1126 1995; x_wconf 61' lang='lat' dir='ltr'><em>asseres</em></span> <span class='ocrx_word' id='word_1_193' title='bbox 1154 1956 1189 1984; x_wconf 83' lang='lat' dir='ltr'><em>et</em></span> <span class='ocrx_word' id='word_1_194' title='bbox 1213 1950 1425 1995; x_wconf 64' lang='lat' dir='ltr'><em>neylz‘yeres</em></span> <span class='ocrx_word' id='word_1_195' title='bbox 1449 1948 1709 1993; x_wconf 81' lang='lat' dir='ltr'><em>interpelletur.</em></span> 
     </span>
     <span class='ocr_line' id='line_1_25' title="bbox 321 2004 1711 2052; baseline 0 -14"><span class='ocrx_word' id='word_1_196' title='bbox 321 2004 448 2049; x_wconf 82' lang='lat' dir='ltr'><em>ltaque</em></span> <span class='ocrx_word' id='word_1_197' title='bbox 466 2004 662 2038; x_wconf 80' lang='lat' dir='ltr'><em>Lambinus</em></span> <span class='ocrx_word' id='word_1_198' title='bbox 680 2006 840 2049; x_wconf 85' lang='lat' dir='ltr'><em>scripsit:</em></span> <span class='ocrx_word' id='word_1_199' title='bbox 863 2006 920 2039; x_wconf 79' lang='lat' dir='ltr'><em>sic</em></span> <span class='ocrx_word' id='word_1_200' title='bbox 937 2017 1091 2050; x_wconf 58' lang='lat' dir='ltr'><em>afferes,</em></span> <span class='ocrx_word' id='word_1_201' title='bbox 1108 2009 1349 2052; x_wconf 74' lang='lat' dir='ltr'><em>praesertim</em></span> <span class='ocrx_word' id='word_1_202' title='bbox 1368 2009 1445 2040; x_wconf 77' lang='lat' dir='ltr'><em>ista</em></span> <span class='ocrx_word' id='word_1_203' title='bbox 1463 2005 1711 2049; x_wconf 74' lang='lat' dir='ltr'><em>eloquentia?</em></span> 
     </span>
     <span class='ocr_line' id='line_1_26' title="bbox 323 2060 1710 2107; baseline 0 -13"><span class='ocrx_word' id='word_1_204' title='bbox 323 2072 410 2094; x_wconf 81' lang='lat' dir='ltr'><em>cum</em></span> <span class='ocrx_word' id='word_1_205' title='bbox 445 2060 663 2094; x_wconf 76' lang='lat' dir='ltr'><em>alienorum</em></span> <span class='ocrx_word' id='word_1_206' title='bbox 690 2062 772 2101; x_wconf 62' lang='lat' dir='ltr'><em>&amp;og</em></span> <span class='ocrx_word' id='word_1_207' title='bbox 807 2060 1040 2095; x_wconf 87' lang='lat' dir='ltr'><em>Schuetzius:</em></span> <span class='ocrx_word' id='word_1_208' title='bbox 1078 2061 1238 2107; x_wconf 65' lang='lat' dir='ltr'><em>asseres?</em></span> <span class='ocrx_word' id='word_1_209' title='bbox 1272 2066 1331 2102; x_wconf 78' lang='grc' dir='ltr'><em>ἰιι,</em></span> <span class='ocrx_word' id='word_1_210' title='bbox 1365 2064 1444 2096; x_wconf 78' lang='lat' dir='ltr'><em>ista</em></span> <span class='ocrx_word' id='word_1_211' title='bbox 1472 2064 1710 2107; x_wconf 70' lang='lat' dir='ltr'><em>praesertim</em></span> 
     </span>
     <span class='ocr_line' id='line_1_27' title="bbox 323 2115 1710 2162; baseline 0.001 -12"><span class='ocrx_word' id='word_1_212' title='bbox 323 2116 417 2161; x_wconf 79' lang='lat' dir='ltr'><em>eloq.</em></span> <span class='ocrx_word' id='word_1_213' title='bbox 446 2127 536 2151; x_wconf 82' lang='lat' dir='ltr'><em>cum</em></span> <span class='ocrx_word' id='word_1_214' title='bbox 561 2115 780 2149; x_wconf 78' lang='lat' dir='ltr'><em>alienorum</em></span> <span class='ocrx_word' id='word_1_215' title='bbox 807 2118 871 2149; x_wconf 69' lang='grc' dir='ltr'><em>διο.</em></span> <span class='ocrx_word' id='word_1_216' title='bbox 920 2117 1017 2150; x_wconf 86' lang='lat' dir='ltr'><em>Sane</em></span> <span class='ocrx_word' id='word_1_217' title='bbox 1039 2117 1206 2162; x_wconf 80' lang='lat' dir='ltr'><em>ambigue</em></span> <span class='ocrx_word' id='word_1_218' title='bbox 1230 2117 1388 2162; x_wconf 83' lang='lat' dir='ltr'><em>pendent</em></span> <span class='ocrx_word' id='word_1_219' title='bbox 1412 2117 1624 2151; x_wconf 82' lang='lat' dir='ltr'><em>intermedia</em></span> <span class='ocrx_word' id='word_1_220' title='bbox 1648 2117 1710 2151; x_wconf 82' lang='lat' dir='ltr'><em>itta</em></span> 
     </span>
     <span class='ocr_line' id='line_1_28' title="bbox 317 2172 1711 2219; baseline 0.001 -13"><span class='ocrx_word' id='word_1_221' title='bbox 317 2174 561 2219; x_wconf 74' lang='lat' dir='ltr'><em>praesertim</em></span> <span class='ocrx_word' id='word_1_222' title='bbox 582 2183 669 2206; x_wconf 79' lang='lat' dir='ltr'><em>cum</em></span> <span class='ocrx_word' id='word_1_223' title='bbox 688 2192 732 2196; x_wconf 82' lang='lat'><em>——</em></span> <span class='ocrx_word' id='word_1_224' title='bbox 747 2172 897 2212; x_wconf 74' lang='lat' dir='ltr'><em>solcas,-</em></span> <span class='ocrx_word' id='word_1_225' title='bbox 920 2173 1162 2219; x_wconf 81' lang='lat' dir='ltr'><em>negligentiae</em></span> <span class='ocrx_word' id='word_1_226' title='bbox 1181 2174 1385 2207; x_wconf 83' lang='lat' dir='ltr'><em>memoriter</em></span> <span class='ocrx_word' id='word_1_227' title='bbox 1407 2174 1580 2207; x_wconf 84' lang='lat' dir='ltr'><em>recitandi</em></span> <span class='ocrx_word' id='word_1_228' title='bbox 1594 2173 1711 2208; x_wconf 86' lang='lat' dir='ltr'><em>Bern-</em></span> 
     </span>
     <span class='ocr_line' id='line_1_29' title="bbox 323 2228 1710 2275; baseline 0.002 -13"><span class='ocrx_word' id='word_1_229' title='bbox 323 2228 439 2274; x_wconf 84' lang='lat' dir='ltr'><em>hardy</em></span> <span class='ocrx_word' id='word_1_230' title='bbox 473 2228 607 2264; x_wconf 85' lang='lat' dir='ltr'><em>tribuit.</em></span> <span class='ocrx_word' id='word_1_231' title='bbox 631 2248 676 2254; x_wconf 94' lang='lat'><strong>—</strong></span> <span class='ocrx_word' id='word_1_232' title='bbox 715 2231 932 2274; x_wconf 76' lang='lat' dir='ltr'><em>acm-rame]</em></span> <span class='ocrx_word' id='word_1_233' title='bbox 967 2231 1019 2264; x_wconf 88' lang='lat' dir='ltr'><em>sic</em></span> <span class='ocrx_word' id='word_1_234' title='bbox 1050 2228 1116 2275; x_wconf 81' lang='lat' dir='ltr'><em>Lg.</em></span> <span class='ocrx_word' id='word_1_235' title='bbox 1151 2235 1299 2275; x_wconf 84' lang='lat' dir='ltr'><em>praeter</em></span> <span class='ocrx_word' id='word_1_236' title='bbox 1329 2230 1384 2264; x_wconf 76' lang='lat'><em>20.</em></span> <span class='ocrx_word' id='word_1_237' title='bbox 1412 2229 1487 2271; x_wconf 60' lang='lat'><em>39„</em></span> <span class='ocrx_word' id='word_1_238' title='bbox 1522 2229 1607 2263; x_wconf 84' lang='lat' dir='ltr'><em>item</em></span> <span class='ocrx_word' id='word_1_239' title='bbox 1633 2229 1710 2265; x_wconf 81' lang='lat' dir='ltr'><em>Ott.</em></span> 
     </span>
     <span class='ocr_line' id='line_1_30' title="bbox 325 2284 1711 2332; baseline 0.001 -14"><span class='ocrx_word' id='word_1_240' title='bbox 325 2285 443 2318; x_wconf 82' lang='lat' dir='ltr'><em>eidem</em></span> <span class='ocrx_word' id='word_1_241' title='bbox 478 2289 513 2318; x_wconf 84' lang='lat' dir='ltr'><em>et</em></span> <span class='ocrx_word' id='word_1_242' title='bbox 548 2284 640 2320; x_wconf 85' lang='lat' dir='ltr'><em>Gud.</em></span> <span class='ocrx_word' id='word_1_243' title='bbox 668 2287 696 2320; x_wconf 90' lang='lat' dir='ltr'><em>l.</em></span> <span class='ocrx_word' id='word_1_244' title='bbox 736 2287 845 2321; x_wconf 75' lang='lat' dir='ltr'><em>soles.</em></span> <span class='ocrx_word' id='word_1_245' title='bbox 873 2305 919 2312; x_wconf 84' lang='lat'><em>·—</em></span> <span class='ocrx_word' id='word_1_246' title='bbox 963 2286 1198 2332; x_wconf 69' lang='lat' dir='ltr'><em>ueyleyeres]</em></span> <span class='ocrx_word' id='word_1_247' title='bbox 1232 2287 1284 2320; x_wconf 88' lang='lat' dir='ltr'><em>sic</em></span> <span class='ocrx_word' id='word_1_248' title='bbox 1316 2285 1381 2331; x_wconf 80' lang='lat' dir='ltr'><em>Lg.</em></span> <span class='ocrx_word' id='word_1_249' title='bbox 1413 2285 1445 2319; x_wconf 82' lang='lat'><em>8.</em></span> <span class='ocrx_word' id='word_1_250' title='bbox 1479 2285 1533 2319; x_wconf 90' lang='lat'><em>51.</em></span> <span class='ocrx_word' id='word_1_251' title='bbox 1566 2285 1621 2321; x_wconf 80' lang='lat'><em>58.</em></span> <span class='ocrx_word' id='word_1_252' title='bbox 1656 2285 1711 2320; x_wconf 85' lang='lat'><em>70.</em></span> 
     </span>
     <span class='ocr_line' id='line_1_31' title="bbox 326 2338 1710 2389; baseline 0 -14"><span class='ocrx_word' id='word_1_253' title='bbox 326 2338 401 2375; x_wconf 86' lang='lat' dir='ltr'><em>Ott.</em></span> <span class='ocrx_word' id='word_1_254' title='bbox 420 2360 466 2367; x_wconf 83' lang='lat'><em>——</em></span> <span class='ocrx_word' id='word_1_255' title='bbox 499 2340 612 2385; x_wconf 77' lang='lat' dir='ltr'><em>frons</em></span> <span class='ocrx_word' id='word_1_256' title='bbox 636 2352 713 2376; x_wconf 79' lang='lat' dir='ltr'><em>non</em></span> <span class='ocrx_word' id='word_1_257' title='bbox 733 2344 944 2389; x_wconf 74' lang='lat' dir='ltr'><em>percussa]</em></span> <span class='ocrx_word' id='word_1_258' title='bbox 968 2342 1082 2387; x_wconf 59' lang='lat' dir='ltr'><em>frons</em></span> <span class='ocrx_word' id='word_1_259' title='bbox 1101 2354 1293 2389; x_wconf 73' lang='lat' dir='ltr'><em>percuss-cz</em></span> <span class='ocrx_word' id='word_1_260' title='bbox 1315 2353 1393 2377; x_wconf 75' lang='lat' dir='ltr'><em>non</em></span> <span class='ocrx_word' id='word_1_261' title='bbox 1415 2341 1480 2387; x_wconf 82' lang='lat' dir='ltr'><em>Lg.</em></span> <span class='ocrx_word' id='word_1_262' title='bbox 1504 2341 1557 2375; x_wconf 81' lang='lat'><em>39.</em></span> <span class='ocrx_word' id='word_1_263' title='bbox 1577 2361 1622 2366; x_wconf 94' lang='lat'>—</span> <span class='ocrx_word' id='word_1_264' title='bbox 1647 2341 1710 2375; x_wconf 81' lang='lat' dir='ltr'><em>ab·</em></span> 
     </span>
     <span class='ocr_line' id='line_1_32' title="bbox 321 2396 1710 2444; baseline -0.001 -13"><span class='ocrx_word' id='word_1_265' title='bbox 321 2396 417 2442; x_wconf 77' lang='lat' dir='ltr'><em>fuit]</em></span> <span class='ocrx_word' id='word_1_266' title='bbox 442 2396 546 2442; x_wconf 76' lang='lat' dir='ltr'><em>afuit</em></span> <span class='ocrx_word' id='word_1_267' title='bbox 570 2397 636 2443; x_wconf 84' lang='lat' dir='ltr'><em>Lg.</em></span> <span class='ocrx_word' id='word_1_268' title='bbox 655 2398 687 2433; x_wconf 84' lang='lat'><em>8.</em></span> <span class='ocrx_word' id='word_1_269' title='bbox 708 2399 762 2434; x_wconf 84' lang='lat'><em>51.</em></span> <span class='ocrx_word' id='word_1_270' title='bbox 784 2399 838 2434; x_wconf 81' lang='lat'><em>58.</em></span> <span class='ocrx_word' id='word_1_271' title='bbox 858 2399 911 2433; x_wconf 87' lang='lat'><em>70.</em></span> <span class='ocrx_word' id='word_1_272' title='bbox 936 2418 980 2423; x_wconf 63' lang='lat'><em>»—</em></span> <span class='ocrx_word' id='word_1_273' title='bbox 1005 2401 1201 2443; x_wconf 70' lang='grc' dir='ltr'><em>Ιςοηιηαηι]</em></span> <span class='ocrx_word' id='word_1_274' title='bbox 1228 2398 1331 2444; x_wconf 74' lang='lat' dir='ltr'><em>qaod</em></span> <span class='ocrx_word' id='word_1_275' title='bbox 1354 2409 1533 2433; x_wconf 78' lang='lat' dir='ltr'><em>somnum</em></span> <span class='ocrx_word' id='word_1_276' title='bbox 1558 2397 1641 2431; x_wconf 84' lang='lat' dir='ltr'><em>Par.</em></span> <span class='ocrx_word' id='word_1_277' title='bbox 1663 2397 1710 2431; x_wconf 93' lang='lat' dir='ltr'><em>D.</em></span> 
     </span>
    </p>
   </div>
   <div class='ocr_carea' id='block_1_4' title="bbox 325 2453 1712 2548">
    <p class='ocr_par' dir='ltr' id='par_1_5' title="bbox 325 2453 1712 2548">
     <span class='ocr_line' id='line_1_33' title="bbox 325 2453 1712 2500; baseline 0 -13"><span class='ocrx_word' id='word_1_278' title='bbox 325 2456 524 2488; x_wconf 82' lang='lat' dir='ltr'><em>somnium</em></span> <span class='ocrx_word' id='word_1_279' title='bbox 550 2453 616 2488; x_wconf 90' lang='lat' dir='ltr'><em>Gu.</em></span> <span class='ocrx_word' id='word_1_280' title='bbox 636 2454 664 2490; x_wconf 93' lang='lat' dir='ltr'><em>l.</em></span> <span class='ocrx_word' id='word_1_281' title='bbox 704 2459 750 2490; x_wconf 81' lang='lat' dir='ltr'><em>ut</em></span> <span class='ocrx_word' id='word_1_282' title='bbox 773 2467 951 2490; x_wconf 81' lang='lat' dir='ltr'><em>somnum</em></span> <span class='ocrx_word' id='word_1_283' title='bbox 976 2461 1011 2490; x_wconf 86' lang='lat' dir='ltr'><em>et</em></span> <span class='ocrx_word' id='word_1_284' title='bbox 1030 2456 1162 2490; x_wconf 86' lang='lat' dir='ltr'><em>deinde</em></span> <span class='ocrx_word' id='word_1_285' title='bbox 1186 2460 1401 2490; x_wconf 82' lang='lat' dir='ltr'><em>teneremus</em></span> <span class='ocrx_word' id='word_1_286' title='bbox 1425 2454 1489 2500; x_wconf 84' lang='lat' dir='ltr'><em>Lg.</em></span> <span class='ocrx_word' id='word_1_287' title='bbox 1504 2453 1579 2496; x_wconf 54' lang='lat'><em>20„</em></span> <span class='ocrx_word' id='word_1_288' title='bbox 1603 2454 1712 2488; x_wconf 84' lang='lat' dir='ltr'><em>mani-</em></span> 
     </span>
     <span class='ocr_line' id='line_1_34' title="bbox 326 2509 802 2548; baseline 0.006 -4"><span class='ocrx_word' id='word_1_289' title='bbox 326 2509 420 2545; x_wconf 84' lang='lat' dir='ltr'><em>festa</em></span> <span class='ocrx_word' id='word_1_290' title='bbox 443 2521 549 2544; x_wconf 85' lang='lat' dir='ltr'><em>manu</em></span> <span class='ocrx_word' id='word_1_291' title='bbox 573 2512 802 2548; x_wconf 85' lang='lat' dir='ltr'><em>correctoris,</em></span> 
     </span>
    </p>
   </div>
   <div class='ocr_carea' id='block_1_5' title="bbox 331 2599 1710 2703">
    <p class='ocr_par' dir='ltr' id='par_1_6' title="bbox 331 2599 1710 2703">
     <span class='ocr_line' id='line_1_35' title="bbox 417 2599 1710 2647; baseline -0.002 -13"><span class='ocrx_word' id='word_1_292' title='bbox 417 2599 497 2634; x_wconf 79' lang='lat'><strong>279.</strong></span> <span class='ocrx_word' id='word_1_293' title='bbox 546 2601 677 2645; x_wconf 71' lang='lat' dir='ltr'><em>alque]</em></span> <span class='ocrx_word' id='word_1_294' title='bbox 704 2604 820 2647; x_wconf 76' lang='lat' dir='ltr'><em>alqui</em></span> <span class='ocrx_word' id='word_1_295' title='bbox 843 2602 897 2636; x_wconf 86' lang='lat' dir='ltr'><em>ed.</em></span> <span class='ocrx_word' id='word_1_296' title='bbox 918 2612 971 2646; x_wconf 90' lang='lat' dir='ltr'><em>pr.</em></span> <span class='ocrx_word' id='word_1_297' title='bbox 1014 2600 1042 2635; x_wconf 88' lang='lat' dir='ltr'><strong>T</strong></span> <span class='ocrx_word' id='word_1_298' title='bbox 1046 2600 1233 2635; x_wconf 82' lang='lat' dir='ltr'><em>ransitioni</em></span> <span class='ocrx_word' id='word_1_299' title='bbox 1257 2601 1370 2647; x_wconf 82' lang='lat' dir='ltr'><em>magis</em></span> <span class='ocrx_word' id='word_1_300' title='bbox 1388 2600 1558 2635; x_wconf 86' lang='lat' dir='ltr'><em>convenit</em></span> <span class='ocrx_word' id='word_1_301' title='bbox 1582 2603 1710 2643; x_wconf 80' lang='lat' dir='ltr'><em>atque,</em></span> 
     </span>
     <span class='ocr_line' id='line_1_36' title="bbox 331 2655 1709 2703; baseline 0 -14"><span class='ocrx_word' id='word_1_302' title='bbox 331 2655 428 2699; x_wconf 86' lang='lat' dir='ltr'><em>quod</em></span> <span class='ocrx_word' id='word_1_303' title='bbox 451 2655 538 2691; x_wconf 85' lang='lat' dir='ltr'><em>Ern.</em></span> <span class='ocrx_word' id='word_1_304' title='bbox 563 2657 725 2702; x_wconf 88' lang='lat' dir='ltr'><em>reposuit</em></span> <span class='ocrx_word' id='word_1_305' title='bbox 747 2657 951 2703; x_wconf 85' lang='lat' dir='ltr'><em>habentque</em></span> <span class='ocrx_word' id='word_1_306' title='bbox 975 2656 1039 2702; x_wconf 87' lang='lat' dir='ltr'><em>Lg.</em></span> <span class='ocrx_word' id='word_1_307' title='bbox 1067 2668 1191 2692; x_wconf 88' lang='lat' dir='ltr'><em>omnes</em></span> <span class='ocrx_word' id='word_1_308' title='bbox 1215 2663 1250 2692; x_wconf 84' lang='lat' dir='ltr'><em>et</em></span> <span class='ocrx_word' id='word_1_309' title='bbox 1274 2657 1364 2694; x_wconf 86' lang='lat' dir='ltr'><em>Ven.</em></span> <span class='ocrx_word' id='word_1_310' title='bbox 1383 2657 1413 2693; x_wconf 90' lang='lat' dir='ltr'><em>l.</em></span> <span class='ocrx_word' id='word_1_311' title='bbox 1436 2676 1479 2682; x_wconf 92' lang='lat'><em>—</em></span> <span class='ocrx_word' id='word_1_312' title='bbox 1503 2656 1709 2698; x_wconf 73' lang='lat' dir='ltr'><em>maxuma]</em></span> 
     </span>
    </p>
   </div>
   <div class='ocr_carea' id='block_1_6' title="bbox 1772 0 1835 2698">
    <p class='ocr_par' dir='ltr' id='par_1_7' title="bbox 1772 0 1835 2698">
     <span class='ocr_line' id='line_1_37' title="bbox 1772 0 1835 2698; baseline 0 0"><span class='ocrx_word' id='word_1_313' title='bbox 1772 0 1835 2698; x_wconf 95' lang='lat' dir='ltr'><em> </em></span> 
     </span>
    </p>
   </div>
   <div class='ocr_carea' id='block_1_7' title="bbox 1797 1987 1813 2883">
    <p class='ocr_par' dir='ltr' id='par_1_8' title="bbox 1797 1987 1813 2883">
     <span class='ocr_line' id='line_1_38' title="bbox 1797 1987 1813 2883; baseline 0 0"><span class='ocrx_word' id='word_1_314' title='bbox 1797 1987 1813 2883; x_wconf 95' lang='lat' dir='ltr'><em> </em></span> 
     </span>
    </p>
   </div>
   <div class='ocr_carea' id='block_1_8' title="bbox 1797 2861 1835 3126">
    <p class='ocr_par' dir='ltr' id='par_1_9' title="bbox 1797 2861 1835 3126">
     <span class='ocr_line' id='line_1_39' title="bbox 1797 2861 1835 3126; baseline 0 0"><span class='ocrx_word' id='word_1_315' title='bbox 1797 2861 1835 3126; x_wconf 95' lang='lat' dir='ltr'><em> </em></span> 
     </span>
    </p>
   </div>
  </div>
 </body>
</html>
