1892 3116
492 674 1239 749 PRAEFATIO.

172 929 318 1003 Cum
358 963 451 998 ante
491 970 623 1000 annos
663 958 792 1000 ferme
832 958 976 1002 decem
1016 965 1056 1002 et
1098 964 1191 1001 octo
1219 957 1389 1000 Brutum
1419 958 1562 1014 expla-

165 1042 346 1084 nandum
395 1041 494 1083 mihi
541 1044 841 1098 sumpsissem,
888 1044 1048 1097 negotii
1096 1043 1421 1098 magnitudinem
1467 1055 1563 1098 per-

166 1120 392 1176 spiciebam
438 1121 629 1176 quidem,
682 1121 756 1162 sed
800 1121 980 1164 feliciter
1023 1121 1264 1164 sustinendo
1310 1134 1451 1177 parem
1496 1133 1560 1161 me

165 1201 329 1241 minime
371 1198 577 1241 videbam.
635 1198 820 1242 Plurima
858 1202 968 1242 enim
1006 1214 1097 1243 cum
1138 1207 1331 1256 corrupta
1361 1212 1457 1242 esse
1488 1212 1562 1254 ap-

163 1284 347 1334 pareret,
390 1277 579 1320 subsidia
621 1279 869 1321 emendandi
897 1280 967 1322 vix
993 1279 1082 1321 ulla
1111 1278 1392 1335 suppetebant.
1452 1276 1559 1318 Nam

162 1358 405 1412 scriptorum
453 1356 652 1399 librorum
694 1359 816 1414 copia
859 1358 977 1400 nulla
1016 1364 1125 1408 erat,
1171 1358 1271 1400 editi
1311 1362 1447 1398 autem
1485 1354 1559 1397 alii

163 1435 259 1476 aliis
304 1434 553 1477 videbantur
598 1436 900 1479 mendosiores.
981 1435 1028 1479 ln
1071 1438 1197 1479 tantis
1241 1437 1303 1478 rei
1346 1434 1557 1490 gerendae

162 1515 366 1567 angustiis
416 1515 658 1555 constitutus
705 1527 796 1556 cum
839 1528 1005 1556 manum
1052 1516 1265 1570 scriptoris
1314 1507 1556 1555 restituendi

162 1604 257 1647 spes
303 1592 455 1645 exigua
498 1598 632 1640 esset,
677 1594 922 1634 necessario
965 1595 1101 1647 magis
1148 1593 1201 1634 ad
1238 1591 1556 1647 explicationem

159 1683 318 1718 rerum,
362 1682 532 1724 quarum
562 1670 606 1710 in
633 1668 760 1711 Bruto
788 1671 966 1723 insignis
995 1672 1118 1726 copia
1147 1677 1186 1712 et
1213 1670 1266 1711 ad
1296 1681 1556 1722 cognoscen-

162 1748 255 1790 dum
297 1747 597 1789 iucundissima
634 1753 788 1796 exstat,
830 1746 1073 1789 defluebam.
1132 1746 1238 1789 Hinc
1267 1753 1358 1788 orta
1387 1753 1450 1787 est
1479 1745 1556 1787 illa

159 1827 421 1881 eloquentiae
461 1823 677 1866 Romanae
718 1824 914 1876 historia,
954 1839 1081 1881 quae,
1121 1839 1211 1868 cum
1245 1825 1426 1867 fortasse
1460 1823 1553 1879 plus

158 1907 264 1946 iusto
315 1903 542 1959 placuisset
587 1909 626 1945 et
677 1903 837 1946 iudices
882 1906 1161 1960 aequissimos
1207 1910 1378 1960 experta
1427 1908 1552 1952 esset,

157 1983 266 2025 alios
298 1982 351 2024 ad
373 1982 678 2037 conquirendas
712 1989 921 2025 oratorum
954 1983 1178 2039 reliquias,
1211 1982 1318 2025 alios
1345 1982 1398 2024 ad
1427 1980 1553 2023 telam

158 2076 183 2104 a
223 2075 284 2103 me
327 2060 563 2103 inchoatam
609 2062 762 2103 rectius
808 2068 847 2103 et
893 2063 1103 2118 copiosius
1146 2061 1439 2118 pertexendam
1480 2073 1552 2102 ex-

156 2142 308 2182 citavit.
354 2139 484 2181 Huius
515 2140 640 2194 igitur
669 2153 821 2195 operae
852 2143 1038 2196 quamvis
1069 2140 1184 2182 rudis
1215 2147 1255 2182 et
1284 2139 1550 2195 imperfectae

156 2233 206 2261 ne
246 2232 353 2260 nunc
387 2218 550 2273 quidem
581 2219 785 2273 poenitet3
826 2232 896 2268 ea,
937 2232 1042 2274 quae
1086 2220 1128 2260 in
1164 2220 1405 2273 scriptorem
1437 2229 1549 2258 eram

157 2303 476 2344 commentatus,
508 2295 658 2337 dudum
685 2295 993 2338 damnaveram.
1054 2295 1141 2337 Sed
1171 2309 1260 2337 cum
1285 2301 1378 2336 ante
1401 2307 1550 2336 novem

157 2389 289 2418 annos
328 2374 485 2417 Romae
530 2387 745 2424 versarer,
789 2387 873 2416 non
927 2373 1061 2417 solum
1102 2373 1235 2416 libros
1280 2373 1329 2415 de
1371 2371 1549 2415 Oratore

155 2456 286 2511 copiis
316 2452 709 2508 Lagomarsinianis
750 2451 946 2494 adhibitis
983 2454 1136 2495 rectius
1172 2451 1449 2495 constituendi
1479 2464 1551 2493 co-

154 2535 264 2588 piam
307 2538 453 2574 nactus
499 2545 609 2581 sum,
655 2531 731 2573 sed
775 2533 900 2573 etiam
936 2529 1124 2581 Brutum,
1167 2532 1211 2573 in
1248 2544 1328 2587 quo
1364 2527 1549 2572 Orellius

154 2611 334 2653 editione
359 2611 544 2666 principe
571 2616 610 2652 et
635 2610 779 2653 codice
801 2609 1031 2652 Parisiensi
1054 2623 1153 2652 usus
1175 2609 1353 2666 plurima
1377 2609 1549 2664 egregie

155 2690 427 2739 correxisset,
453 2688 521 2732 hic
545 2689 634 2732 illic
660 2689 908 2732 emendandi
934 2696 976 2731 et
997 2690 1257 2732 recensionis
1281 2688 1395 2731 illius
1415 2687 1553 2730 firma-

158 2775 295 2811 menta
323 2769 577 2823 gravissima
607 2768 841 2825 reperiendi
874 2781 971 2825 spes
1001 2767 1166 2811 affulsit.
