1835 3126
266 153 394 238 24⁸6
789 186 1132 233 CICERONIS

384 296 489 339 LIV.
531 296 625 339 199.
665 296 745 348 Qui
780 306 964 355 praestat
999 301 1125 354 igitur
1157 298 1406 355 intellegens
1445 300 1662 357 imperito?

271 376 435 431 Magna
463 389 508 418 re
540 381 580 418 et
608 375 788 418 difficili:
820 378 857 418 si
887 377 1051 432 quidem
1080 390 1272 431 magnum
1298 385 1359 420 est
1381 380 1488 421 scire
1516 378 1663 434 quibus

270 454 398 498 rebus
442 454 645 496 efficiatur
688 455 945 497 amittaturve
990 454 1163 497 dicendo
1207 455 1309 497 illud
1356 457 1550 512 quicquid
1589 463 1662 506 est,

273 533 382 589 quod
424 539 493 574 aut
528 531 637 575 effici
675 532 849 575 dicendo
889 538 1048 588 oportet
1093 539 1162 574 aut
1203 533 1331 574 amitti
1374 546 1457 575 non
1493 540 1662 590 oportet.

273 610 466 653 Praestat
507 612 631 653 etiam
671 611 746 654 illo
784 611 928 653 doctus
958 610 1120 653 auditor
1163 610 1346 660 indocto,
1389 611 1495 666 quod
1527 624 1665 668 saepe,

276 702 368 731 cum
422 696 611 731 oratores
652 689 731 732 duo
777 696 846 732 aut
881 688 1021 745 plures
1059 688 1200 745 populi
1238 688 1393 731 iudicio
1429 688 1666 745 probantur,

277 766 388 823 quod
429 766 594 809 dicendi
634 780 767 823 genus
806 774 1009 824 optumum
1050 768 1122 817 sit,
1161 766 1377 821 intellegit.
1434 779 1530 808 nam
1567 766 1670 809 illud

276 845 386 901 quod
411 845 562 902 populo
589 859 671 888 non
700 846 917 903 probatur,
946 860 998 888 ne
1022 845 1279 900 intellegenti
1305 844 1468 901 quidem
1493 845 1670 888 auditori

274 922 445 981 probari
487 930 633 980 potest.
701 923 753 967 Ut
797 926 904 967 enim
950 938 1002 967 ex
1042 937 1262 966 nervorum
1300 936 1403 966 sono
1441 925 1485 965 in
1520 923 1670 965 fidibus

276 1014 400 1058 quam
438 1003 618 1044 scienter
655 1004 695 1044 ei
731 1003 840 1059 pulsi
878 1004 958 1045 sint
996 1002 1184 1056 intellegi
1225 1002 1351 1044 solet:
1390 1002 1452 1043 sic
1490 1014 1541 1043 ex
1578 1002 1669 1043 ani-

276 1092 435 1121 morum
473 1085 585 1121 motu
615 1082 795 1122 cernitur
828 1081 925 1136 quid
951 1080 1179 1122 tractandis
1209 1079 1274 1122 his
1305 1079 1489 1136 perficiat
1519 1086 1670 1121 orator.

276 1156 374 1198 200.
414 1155 556 1212 Itaque
598 1157 849 1211 intellegens
880 1158 1043 1199 dicendi
1073 1159 1341 1199 existumator
1368 1171 1451 1199 non
1479 1157 1672 1199 assidens

277 1241 318 1277 et
361 1241 512 1276 attente
557 1234 751 1286 audIcns‚
795 1235 869 1277 sed
914 1248 996 1277 uno
1043 1242 1212 1290 aspectu
1254 1241 1293 1275 et
1326 1237 1581 1290 praeteriens
1620 1234 1670 1276 de

280 1318 446 1354 oratore
479 1324 605 1367 saepe
636 1311 803 1355 iudicat.
853 1312 966 1355 videt
996 1314 1240 1354 oscitantem
1270 1311 1469 1361 iudicem7
1498 1311 1673 1367 loquen-

276 1395 360 1432 tem
390 1403 481 1432 cum
513 1388 663 1440 altero,
694 1403 777 1432 non
805 1403 1012 1446 nunquam
1037 1392 1161 1432 etiam
1192 1389 1481 1432 circulantem:
1512 1392 1673 1432 mitten-

277 1474 359 1510 tem
399 1468 453 1510 ad
490 1467 639 1519 horaS,
685 1470 981 1524 quaesitorem,
1025 1475 1068 1510 ut
1108 1468 1299 1518 dimittat,
1335 1475 1570 1522 rogantem:
1609 1470 1674 1510 in-

275 1545 437 1601 tellegit
484 1553 692 1589 oratorem
736 1548 780 1588 in
823 1560 876 1589 ea
918 1560 1050 1589 causa
1094 1560 1176 1589 non
1217 1546 1390 1597 adesse,
1436 1548 1504 1602 qui
1539 1548 1672 1602 possit

278 1626 429 1667 animis
474 1624 655 1667 iudicum
705 1625 926 1668 admovere
969 1626 1225 1675 orationem,
1277 1631 1473 1680 tanquam
1521 1624 1671 1667 fidibus

277 1715 456 1744 manum.
515 1701 628 1745 Idem
670 1704 707 1745 si
743 1705 1002 1760 praeteriens
1033 1704 1242 1760 aspexerit
1271 1709 1433 1746 erectos
1468 1703 1672 1745 intuentes

277 1780 458 1830 iudices,
497 1786 540 1822 ut
580 1787 649 1822 aut
689 1781 831 1823 doceri
869 1782 920 1823 de
960 1795 1005 1824 re
1051 1782 1174 1837 idque
1201 1783 1324 1824 etiam
1350 1781 1464 1824 voltu
1493 1781 1671 1838 probare

278 1857 498 1901 videantur
541 1864 629 1908 aut,
675 1864 717 1900 ut
761 1872 879 1901 avem
925 1866 1048 1901 cantu
1086 1860 1247 1914 aliquo⁷
1290 1861 1352 1902 sic
1390 1860 1486 1902 illos
1523 1860 1673 1902 viderit

282 1937 470 1979 oratione
512 1937 632 1992 quasi
673 1949 899 1993 suspensos
942 1939 1074 1980 teneri
1120 1943 1211 1987 aut,
1260 1937 1302 1979 id
1343 1937 1452 1993 quod
1482 1950 1670 1980 maxume

375 2079 471 2113 LIV.
521 2078 597 2113 199.
648 2079 889 2125 intelleyens]
920 2085 958 2113 ut
982 2079 1008 2124 ξ.
1035 2079 1111 2114 198.
1141 2082 1181 2104 -“·-
1219 2082 1490 2124 amittaturve]
1517 2084 1673 2117 amitta-

282 2139 396 2171 turne
429 2134 495 2171 Gu.
524 2136 556 2169 l.
581 2152 627 2161 ·—
664 2135 829 2169 dicendo
859 2136 1028 2182 oportet]
1063 2135 1230 2171 dicendo
1262 2148 1307 2170 ex
1332 2137 1512 2181 prioribus
1545 2138 1675 2172 iniuria

280 2191 449 2227 iteratum
482 2196 584 2238 putat
608 2189 765 2237 Meyer3
798 2191 902 2226 nobis
926 2192 981 2226 vis
1006 2194 1208 2226 sententiae
1232 2192 1458 2227 iterationem
1489 2195 1675 2238 postulare
1733 2223 1741 2231 i
1795 2206 1797 2218 ¹

281 2248 436 2282 videtur.
453 2268 498 2273 —
523 2248 727 2293 intelleyz‘t]
753 2248 805 2281 sic
822 2247 887 2293 Lg.
901 2247 933 2282 8.
948 2247 1002 2281 35.
1017 2248 1070 2281 51.
1087 2248 1139 2282 70.
1161 2254 1195 2282 et
1214 2260 1299 2283 mox
1317 2249 1557 2295 itztelleyenti
1572 2251 1603 2284 S.
1618 2250 1673 2286 51.

283 2302 358 2339 Ott.
372 2330 381 2346 ‚
405 2304 489 2338 item
507 2303 690 2349 intelleqi.
711 2323 758 2331 —
790 2304 1009 2350 optumum]
1035 2305 1086 2337 sic
1105 2303 1170 2350 Lg.
1189 2305 1222 2338 8.
1244 2305 1297 2338 51.
1316 2305 1370 2340 53.
1394 2324 1435 2330 ——
1462 2317 1508 2339 ne
1528 2306 1674 2340 intelle-

281 2361 404 2406 yenti]
429 2371 499 2395 nec
515 2360 634 2395 intell.
656 2359 721 2396 Gu.
740 2362 770 2397 l,
787 2379 832 2384 —
858 2360 1031 2406 cipulsi]
1057 2363 1088 2395 iz·
1101 2372 1139 2407 p.
1165 2360 1230 2406 Lg.
1245 2361 1300 2396 20.
1317 2382 1359 2386 —
1387 2361 1463 2405 his]
1490 2364 1539 2396 iis
1559 2362 1625 2396 Gu.
1642 2363 1672 2398 l.

374 2438 454 2474 200.
504 2439 746 2485 intelleyens]
771 2439 823 2473 sic
846 2437 912 2484 Lg.
933 2438 965 2473 8.
985 2437 1039 2473 39.
1061 2439 1116 2473 51.
1133 2459 1179 2465 —-
1213 2441 1391 2486 aspecta]
1418 2441 1495 2474 sine
1516 2440 1542 2474 cl
1566 2441 1672 2476 codd.

284 2505 420 2529 omnes.
444 2514 491 2520 —-
527 2496 794 2539 circulantem]
824 2495 1084 2530 calculancem
1108 2496 1164 2530 ed.
1190 2508 1243 2541 pr.
1270 2517 1317 2521 ——
1349 2501 1392 2530 ut
1418 2497 1611 2540 dimittal]
1637 2501 1673 2531 et

284 2550 378 2585 dim.
406 2550 472 2589 (ΞΠ,
495 2552 525 2586 1.
550 2571 597 2577 —
633 2552 837 2598 intelleqit]
862 2551 926 2598 Lg.
945 2551 977 2586 8.
997 2551 1052 2585 51.
1085 2550 1160 2587 Ott.
1211 2552 1406 2599 intellz'yat
1430 2553 1486 2587 20.
1535 2553 1673 2587 intelli-

283 2611 348 2652 ρει
368 2607 422 2643 70.
440 2627 487 2634 —-
510 2609 731 2655 aspeoeerit]
757 2610 835 2644 sine
854 2608 881 2642 d
905 2619 1027 2642 omnes
1043 2600 1137 2642 libi-i.
1177 2614 1360 2655 aspectus
1378 2612 1453 2644 eric
1473 2608 1539 2655 Lg.
1559 2609 1612 2644 70.
1627 2628 1671 2633 —-

284 2664 494 2708 intuentes]
529 2665 552 2700 i.
588 2677 619 2701 e.
655 2665 769 2701 oculis
800 2666 836 2700 in
870 2665 1022 2699 iudicem
1051 2663 1144 2699 fixis.
1193 2665 1280 2701 Ern.
1308 2667 1398 2701 coni.
1424 2669 1601 2701 intentos.
1629 2684 1669 2689 —

287 2718 406 2764 voltu]
437 2721 488 2756 sic
512 2720 577 2767 Lg.
601 2728 749 2768 praeter
771 2722 827 2759 20·
852 2721 907 2757 39.
932 2720 1007 2765 56.‚
1040 2721 1126 2757 item
1151 2720 1224 2758 Ott.
1256 2722 1338 2757 Vat.
1364 2723 1455 2759 Ven,
1478 2722 1512 2756 2.
1536 2738 1582 2748 ·-
1616 2723 1670 2757 vi-
