1835 3126
321 191 403 236 52
530 185 725 230 BREVIS
756 185 1150 239 ELOQUENTIAE
1183 187 1318 231 ROM.
1352 189 1494 231 HIST.

320 313 433 354 quam
464 300 597 352 plures
629 305 808 340 auctores
838 308 1136 343 commemorant
1152 301 1234 354 (¹5).
1294 303 1403 352 Quae
1434 303 1464 341 si
1495 307 1584 355 post
1614 314 1709 342 con-

318 368 484 407 sulatum
522 372 695 417 gestum,
739 372 781 406 ut
820 379 895 406 non
930 369 1046 407 nullis
1076 370 1242 421 placuit,
1285 371 1494 417 evenisset,
1538 370 1709 408 nobilior

319 439 421 481 erat,
453 445 567 485 quam
597 433 643 472 tle
669 433 777 472 euius
808 445 952 483 genere
982 436 1192 488 scriptores
1221 442 1405 476 tacerent.
1452 436 1598 476 Consul
1620 436 1708 476 Me-

317 501 432 540 tellus
464 512 546 539 cum
576 500 622 539 D.
655 500 792 541 Silano
824 513 858 540 a.
892 501 993 550 645,
1033 504 1098 554 qui
1129 516 1250 542 annus
1282 503 1460 543 Catulum
1488 509 1709 555 praetorem

317 567 470 614 habuit,
515 566 620 606 bello
666 568 704 605 in
740 567 878 607 Africa
920 568 1172 609 laudabiliter
1221 570 1391 620 gerendo
1435 576 1470 609 et
1505 572 1607 610 vires
1646 570 1709 608 Iu-

318 635 484 685 gurthae
528 633 648 685 fregit
694 639 730 673 et
772 635 936 674 nominis
981 636 1147 676 Romani
1189 636 1375 675 honorem
1417 642 1494 674 tum
1536 637 1710 685 graviter

316 702 561 741 laborantem
590 701 769 740 restituit.
817 701 1016 741 Honorum
1045 702 1216 741 cumulus
1247 714 1411 741 censura
1441 703 1604 741 accessit
1628 714 1711 740 cum

319 768 363 808 G.
391 767 556 808 Metello
586 767 631 817 Q.
656 768 905 808 Macedonici
935 769 1015 808 filio
1041 769 1285 809 severissime
1309 774 1422 819 gesta
1449 781 1483 807 a.
1517 769 1597 808 652
1628 765 1709 818 (¹¹⁵).

318 836 362 874 In
407 846 482 886 quo
527 835 758 885 magistratu
803 840 896 875 nota
933 836 1113 875 censoria
1148 836 1290 887 petitos
1328 836 1500 875 homines
1536 835 1712 874 inimicos

322 902 524 943 Glauciam
555 907 591 941 et
620 903 869 943 Saturninum
901 902 1038 942 Cicero
1071 907 1207 942 auctor
1224 900 1313 953 (¹⁷);
1353 903 1554 954 Appianus
1586 908 1711 942 autem

321 968 433 1008 docet
464 968 631 1008 futurum
657 969 791 1017 fuisse,
822 975 862 1008 ut
896 975 1032 1009 senatu
1062 974 1318 1016 moverentur,
1350 969 1425 1007 nisi
1455 969 1611 1019 collega
1642 969 1711 1007 ob-

320 1032 578 1085 stitisset(¹8).
630 1034 680 1075 Et
710 1035 891 1076 Valerius
921 1036 1118 1076 Maximus
1151 1036 1393 1083 Ciceronem,
1424 1035 1490 1085 qui
1520 1046 1603 1074 eam
1632 1046 1713 1074 rem

319 1102 455 1153 paucis
496 1101 641 1152 tangit,
683 1106 836 1140 secutus
879 1101 1105 1149 Metellum,
1152 1101 1255 1153 quod
1294 1102 1342 1140 ab
1379 1101 1556 1153 Equitio,
1601 1114 1715 1154 quem

317 1168 492 1208 libertini
523 1168 678 1219 generis
707 1169 898 1208 hominem
929 1167 1105 1208 seditiosi
1134 1179 1205 1220 pro
1239 1168 1281 1208 G.
1316 1169 1481 1209 Gracchi
1510 1168 1590 1208 filio
1621 1180 1714 1209 ven-

320 1234 515 1283 ditabant,
547 1247 700 1274 censum
725 1236 913 1275 noluisset
937 1235 1134 1286 accipere,
1166 1234 1363 1287 lapidibus
1386 1236 1544 1287 petitum
1566 1240 1714 1283 narrat,

321 1301 389 1341 sed
426 1302 643 1354 perstitisse
681 1303 719 1341 in
757 1302 948 1341 sententia
971 1299 1056 1352 (.¹‘*').
1117 1302 1241 1341 Paulo
1280 1308 1368 1354 post
1392 1303 1525 1342 Mario
1566 1308 1715 1342 sextum

323 1368 483 1408 consule
520 1381 555 1407 a.
587 1369 669 1409 654
700 1381 724 1408 a
761 1370 971 1410 Saturnino
1008 1368 1163 1408 tribuno
1204 1368 1264 1407 die
1309 1368 1429 1416 dicta,
1474 1368 1576 1421 quod
1607 1369 1713 1408 solus

321 1440 542 1474 senatorum
571 1435 610 1474 in
640 1435 768 1486 legem
800 1437 882 1475 eius
913 1435 1114 1485 agrariam
1137 1435 1270 1473 iurare
1296 1435 1492 1483 noluerat,
1523 1447 1570 1474 ne
1589 1435 1714 1475 civilis

319 1501 503 1540 tumultus
535 1506 671 1540 auctor
696 1501 824 1550 fieret,
856 1501 953 1541 urbe
984 1501 1102 1540 cessit
1134 1505 1170 1540 et
1202 1500 1378 1540 Rhodum
1412 1513 1453 1540 se
1486 1502 1646 1541 contulit
1676 1502 1715 1540 in

321 1568 513 1608 exsilium.
578 1568 701 1616 Mox,
748 1580 832 1608 cum
876 1568 995 1607 factio
1036 1568 1237 1608 Saturnini
1280 1568 1392 1607 bonis
1437 1569 1583 1609 civibus
1627 1580 1715 1608 suc-

322 1635 520 1675 cubuisset
557 1635 765 1684 rogatione
796 1635 951 1675 Calidia
995 1646 1081 1675 cum
1112 1647 1256 1674 summo
1288 1635 1454 1675 civitatis
1483 1636 1621 1676 farore
1650 1647 1714 1675 re-

321 1702 473 1741 stitutus
510 1706 567 1740 est
595 1697 685 1752 (2⁰);
717 1701 813 1740 nihil
852 1703 950 1741 enim
989 1714 1090 1741 anno
1120 1702 1323 1754 superiore
1353 1714 1490 1754 preces
1522 1703 1593 1742 filii
1621 1715 1714 1755 pro-

320 1768 496 1807 fecerant
542 1767 645 1818 apud
684 1768 877 1806 tribunum
918 1769 961 1808 P.
1000 1769 1180 1815 Furium,
1226 1768 1275 1807 ad
1320 1770 1426 1808 cuius
1472 1769 1542 1809 ille
1586 1781 1715 1820 genua

322 1834 488 1887 supplex
524 1834 743 1886 procubuit.
803 1834 913 1884 Quod
943 1840 1032 1887 post
1069 1834 1249 1873 exsilium
1280 1835 1406 1874 fracto
1439 1837 1566 1875 animo
1594 1836 1715 1875 fuisse

323 1901 479 1949 dicitur,
522 1906 559 1940 et
592 1901 762 1940 moribus
802 1901 878 1940 viri
903 1901 1092 1953 redargui
1116 1900 1269 1941 videtur
1303 1906 1339 1940 et
1371 1902 1543 1942 studiose
1572 1903 1717 1942 refutat

323 1968 461 2008 Cicero
480 1965 564 2019 (²¹).
623 1968 684 2008 Ad
714 1968 902 2009 Mariana
931 1974 1108 2020 tempora
1144 1980 1221 2007 non
1255 1968 1425 2008 duravit:
1461 1981 1586 2022 neque
1616 1970 1716 2008 enim

322 2035 445 2075 Marii
484 2035 686 2075 saevitiam
719 2036 907 2075 evasisset
937 2040 974 2075 et
1003 2035 1210 2074 secundum
1241 2035 1428 2086 quosdam
1459 2048 1483 2075 a
1518 2036 1564 2085 Q.
1594 2036 1715 2078 Vario

321 2103 474 2142 homine
505 2101 689 2142 seditioso
720 2102 896 2141 sublatus
926 2114 1073 2143 veneno
1109 2102 1248 2142 dicitur
1265 2100 1348 2153 (22).

434 2168 615 2208 Moribus
652 2169 765 2207 huius
801 2168 876 2208 viri
907 2169 1157 2207 sanctissimis
1189 2175 1225 2208 et
1253 2170 1293 2208 in
1324 2182 1470 2208 summa
1499 2170 1716 2209 constantia

321 2235 480 2275 lenitate
509 2234 676 2287 quadam
705 2235 928 2287 temperatis
955 2233 1085 2275 offecit
1111 2236 1321 2276 eommunis
1348 2236 1589 2288 optimatium
1611 2248 1714 2276 mor-

416 2377 473 2419 15)
498 2377 570 2411 Cic.
599 2389 631 2421 p.
650 2377 771 2412 Balbo
796 2378 828 2413 5.
864 2377 946 2414 Val.
974 2377 1075 2412 Max.
1101 2376 1142 2411 ll.
1170 2377 1228 2420 10,
1257 2378 1286 2413 l.
1407 2377 1462 2421 16)
1488 2378 1582 2413 Vell.
1609 2376 1633 2412 l.
1656 2377 1711 2412 31.

325 2432 397 2467 Cic.
420 2444 455 2476 p.
470 2432 596 2467 Sextio
618 2434 673 2476 47,
696 2434 770 2470 101.
797 2434 939 2468 Seneca
956 2446 1011 2479 ep.
1025 2434 1079 2467 24.
1178 2433 1234 2478 17)
1253 2435 1325 2469 Cic.
1341 2435 1363 2470 l.
1380 2446 1407 2469 e.
1506 2434 1562 2478 18)
1581 2433 1712 2478 Appia-

324 2500 389 2522 nus
412 2488 457 2523 Β.
477 2489 555 2524 Civ.
582 2489 606 2524 l.
625 2490 679 2524 ⁶28.
803 2491 858 2534 19)
884 2491 965 2526 Val.
985 2489 1086 2524 Max.
1114 2488 1174 2524 lx.
1202 2490 1232 2531 7,
1257 2491 1289 2525 2.
1404 2491 1463 2534 520)
1489 2490 1560 2525 Cic.
1586 2489 1711 2524 Planc.

324 2544 385 2586 28,
412 2544 465 2580 69.
515 2544 600 2579 Non
623 2552 724 2580 recte
742 2546 900 2582 Kritzius
926 2547 971 2581 ad
990 2547 1076 2581 Sall.
1097 2545 1169 2591 lug.
1199 2559 1231 2591 p.
1251 2547 1329 2582 246.
1356 2558 1545 2586 censorem
1568 2547 1711 2580 missum

323 2602 359 2635 in
379 2601 544 2635 exsilium
561 2601 663 2645 dicit,
682 2604 740 2647 qui
760 2604 984 2650 magistratus
999 2602 1136 2637 duobus
1152 2604 1254 2637 annis
1270 2605 1371 2648 prior
1388 2609 1452 2638 est.
1562 2602 1620 2644 21)
1639 2603 1710 2636 Cic.

324 2657 470 2692 Divers.
499 2656 559 2691 IX.
586 2657 626 2699 9,
655 2658 706 2693 16.
757 2659 814 2694 De
845 2660 959 2695 fracto
993 2660 1111 2693 animo
1145 2665 1272 2704 aperte
1305 2660 1516 2694 adversatur
1550 2659 1709 2693 narratio

324 2713 460 2748 Valerii
482 2713 632 2749 Maximi
657 2714 719 2750 lv.
748 2715 785 2759 1,
815 2716 867 2753 13.
985 2715 1045 2760 22)
1071 2716 1144 2752 Cic.
1170 2714 1216 2750 N.
1241 2714 1288 2753 D.
1314 2714 1375 2751 ΙΙΙ.
1403 2715 1465 2759 33,
1489 2715 1544 2750 81.
