1835 3126
353 217 551 261 BREVIS
581 216 976 269 ELOQUENTIAE
1010 215 1144 260 ROM.
1174 217 1317 261 HIST.
1498 220 1536 264 5

141 334 291 374 Martia
333 332 513 373 faciendo
552 344 667 384 quam
700 330 867 385 ‘dicendo
911 330 1094 371 intentior
1118 330 1184 383 (⁶)
1229 332 1344 372 rudia
1382 332 1535 372 omnino

143 401 283 440 artium
315 405 351 440 et
372 400 574 439 literarum
595 399 790 451 principia
812 399 946 438 habuit
970 399 1152 452 cultuque
1174 400 1359 452 politiore
1381 399 1535 439 omnino

143 468 284 515 caruit,
317 467 439 506 donec
470 467 633 506 subacta
658 466 776 506 Italia
800 471 857 505 est
880 472 916 506 et
940 466 1177 506 Graecorum
1209 468 1366 507 inventa
1396 479 1420 506 a
1440 466 1536 506 viris

139 535 305 574 literatis
335 534 498 574 Romam
533 534 688 586 perlata
716 534 889 573 homines
925 533 1150 584 ingeniosos
1182 533 1355 574 discendi
1386 533 1537 585 cupidi-

140 606 220 641 tate
242 601 511 654 impleverunt.
555 602 716 642 Fuerint
747 606 835 640 ante
864 601 1008 640 bellum
1030 602 1282 641 Tarentinum
1307 600 1538 640 commercia

141 669 333 721 quaedam
362 670 626 709 Romanorum
657 673 693 708 ct
724 668 980 716 Graecorum,
1014 669 1079 720 qui
1108 669 1299 719 Magnam
1331 668 1536 708 Graeciam

140 736 340 784 colebant;
371 736 489 777 suerit
511 736 658 776 Romae
688 736 827 774 notitia
857 741 893 774 et
918 736 1080 774 imitatio
1114 747 1274 787 operum
1298 736 1536 775 Graecorum

139 804 179 841 in
216 809 300 842 arte
342 803 513 853 fingendi
549 801 836 854 pingendique:
882 812 958 839 non
1005 801 1193 840 efficietur
1235 803 1323 840 hinc
1363 802 1535 840 Graecas

138 870 274 909 literas
306 869 483 918 cognitas
514 873 580 906 aut
607 856 755 906 amatas
778 866 900 905 fuisse
920 864 997 916 (Τ).
1057 866 1115 905 Ne
1144 867 1248 906 Livii
1277 866 1431 918 quidem
1453 868 1535 905 An-

138 935 289 974 dronici
317 933 459 975 Naexdi
487 934 603 973 Ennii
641 932 821 984 exempla
856 932 906 971 ad
943 933 1139 972 Romanos
1173 933 1410 974 Graecarum
1445 933 1533 973 lite-

136 1013 269 1041 rarum
309 1006 426 1052 gustu
468 999 635 1052 quodam
672 999 899 1039 imbuendos
941 1000 1035 1039 satis
1072 1000 1304 1040 valuerunt:
1345 999 1535 1040 accedere

136 1069 308 1121 oportuit
329 1068 495 1108 omnium
523 1067 784 1106 institutorum
806 1067 1047 1119 priva'torum
1077 1068 1274 1119 morisque
1298 1068 1417 1119 patrii
1446 1068 1535 1119 ipsa

137 1148 208 1175 sua
246 1128 438 1175 vetustate
482 1135 629 1174 sacrati
670 1134 930 1173 mutationem.
999 1134 1128 1174 Tanta
1169 1140 1226 1174 est
1271 1135 1370 1174 enim
1413 1135 1532 1174 moris

135 1203 301 1243 Romani
326 1202 544 1253 Graecique
574 1201 856 1253 discrepantia,
887 1206 929 1240 ut
959 1201 1143 1253 quicquid
1174 1213 1223 1241 ex
1244 1202 1315 1241 illo
1348 1201 1398 1240 ad
1418 1201 1532 1240 huius

135 1269 423 1310 similitudinem
451 1269 729 1309 informaretur
763 1268 804 1307 in
833 1269 943 1320 peius
975 1268 1142 1309 cederet.
1201 1269 1288 1308 Non
1324 1272 1533 1320 potuerunt

134 1338 255 1387 igitur
274 1337 440 1377 Romani
469 1336 672 1376 literarum
702 1334 869 1374 studium
901 1347 924 1373 a
947 1335 1107 1375 Graecis
1140 1347 1308 1384 sumere,
1339 1336 1414 1374 nisi
1446 1347 1530 1375 cnm

133 1404 225 1443 labe
253 1409 424 1444 veterum
448 1404 720 1443 institutorum.
765 1402 814 1442 Et
843 1402 1020 1454 profecto
1045 1403 1169 1444 voluit
1194 1403 1362 1443 divinum
1380 1414 1531 1450 numen,

136 1483 219 1510 cum
237 1482 360 1520 genus
383 1472 588 1510 humanum
609 1481 681 1522 per
702 1469 923 1508 seculorum
943 1469 1146 1509 decursum
1171 1470 1422 1509 admirabilia
1447 1469 1531 1508 cul-

136 1543 196 1577 tus
226 1538 463 1576 incrementa
493 1537 658 1588 ceperit,
689 1547 814 1586 neque
845 1541 979 1586 gentes
1006 1549 1136 1576 omnes
1166 1538 1206 1576 in
1228 1537 1404 1576 omnibus
1434 1548 1530 1588 pro-

136 1604 251 1644 ficere
282 1610 318 1644 et
349 1604 449 1643 alias
481 1603 569 1643 aliis
602 1603 935 1643 succrescentibus
966 1602 1014 1643 de
1042 1604 1204 1655 fastigio
1235 1615 1306 1643 suo
1338 1603 1464 1642 deiici.

780 1712 814 1765 ς.
847 1716 884 1752 3.

194 1791 317 1826 Prima
341 1797 443 1824 aetas
467 1789 698 1833 eloquentiae
722 1788 921 1822 Romanae.
970 1787 1191 1834 Eloquentia
1216 1789 1467 1824 deliberativa.

244 1874 420 1912 Aetatem
454 1873 621 1921 primam
656 1870 904 1921 eloquentiae
934 1870 1135 1910 Romanae
1175 1870 1225 1910 ad
1254 1871 1367 1910 finem
1403 1883 1529 1923 nsque

131 1939 227 1980 belli
269 1938 407 1979 Punici
450 1937 609 1976 secundi
650 1937 941 1989 producendam
985 1938 1298 1994 existimamus;=
1326 1938 1528 1976 secundam

132 2018 156 2045 a
180 2005 328 2045 Catone
359 2004 408 2043 ad
433 2004 629 2045 Gracchos
656 2016 867 2057 eorumque
897 2005 1084 2057 aequales
1109 2006 1305 2058 pertinere
1327 2010 1526 2058 putamns3

130 2075 280 2110 tertiam
323 2083 553 2122 magnorum
590 2077 790 2112 oratorum
822 2073 869 2112 L.
910 2072 1044 2113 Crassi
1090 2078 1127 2112 et
1160 2070 1219 2112 M.
1257 2073 1416 2113 Antonii
1460 2075 1529 2111 aut

132 2139 318 2191 aequales
364 2144 430 2178 aut
468 2139 588 2191 paulo
634 2140 858 2191 superiores
900 2140 1104 2192 complecti
1139 2140 1343 2188 volumus3
1389 2145 1528 2189 quarta

131 2206 178 2255 Q.
209 2206 407 2245 Hortensii
447 2210 484 2244 et
512 2206 571 2245 M.
603 2206 802 2246 Ciceronis
845 2206 896 2245 ad
936 2206 1048 2245 finem
1085 2218 1208 2257 usque
1249 2207 1304 2245 rei
1343 2205 1527 2257 publicae

130 2273 281 2311 liberae
323 2272 502 2322 pertinet.
573 2272 720 2310 Harum
763 2272 890 2324 prima
932 2272 1006 2311 illa
1048 2278 1226 2324 tempora
1271 2272 1526 2319 continentur,

133 2339 271 2390 quibus
303 2337 399 2376 nihil
425 2337 628 2378 admodum
649 2339 815 2378 Romani
846 2350 894 2378 ex
917 2339 1078 2379 Graecis
1096 2339 1366 2391 profecerunt3
1398 2338 1526 2376 altera

133 2406 306 2457 aliquam
341 2404 562 2453 literarum,
598 2406 722 2446 levem
761 2405 1009 2458 eloquentiae
1041 2406 1215 2446 Graecae
1244 2406 1419 2446 notitiam
1453 2405 1525 2444 im-

131 2473 331 2519 biberunt3
369 2473 485 2511 tertia
521 2473 663 2512 cultum
701 2477 738 2512 et
774 2484 918 2512 morem
950 2473 1108 2513 Graecis
1138 2474 1321 2513 institutis
1359 2473 1399 2512 in
1430 2472 1525 2512 civi-

132 2544 249 2579 tatem
270 2539 514 2579 influentibus
540 2540 818 2592 quadamtenus
841 2545 1044 2589 mutatum,
1075 2540 1142 2580 sed
1167 2546 1271 2581 artes
1290 2539 1524 2593 peregrinas

225 2694 262 2737 6)
296 2694 383 2729 Sall.
411 2694 515 2729 Catil.
546 2694 579 2728 S.
607 2694 651 2730 cs.
695 2694 777 2729 Liv.
803 2694 846 2729 X.
885 2694 936 2729 19.
969 2693 1023 2730 2⁴2.
1140 2695 1175 2738 7)
1207 2695 1382 2731 Niebuhr.
1408 2695 1451 2730 R.
1477 2693 1520 2729 G.

134 2750 176 2786 11.
204 2750 299 2786 343.:
336 2751 402 2786 etsi
428 2751 457 2786 is
482 2763 503 2786 a
527 2756 650 2786 nostra
675 2752 857 2787 sententia
878 2751 1060 2788 abhorret.
