1835 3126
276 199 406 244 424
705 190 1232 236 EXPLIGATIONES

282 311 368 351 loso
394 307 501 348 urhis
527 303 728 345 conditore
751 303 893 344 ducens
917 308 953 344 et
972 305 1111 344 Anicia
1128 304 1244 355 (Plin.
1266 306 1312 347 H.
1328 306 1374 346 N.
1392 303 1570 343 XXXIII.
1591 303 1669 354 1.);

283 375 442 418 Velitris
483 372 646 413 Octavia
685 371 818 421 (Suet.
860 372 942 411 Oct.
974 370 1050 422 1.);
1093 371 1269 412 Lanuvio
1312 378 1470 425 praeter
1506 371 1671 412 Anniam

285 443 401 482 etiam
428 439 581 480 Licinia
609 439 865 478 Murenarum
895 437 995 487 (Cic.
1025 438 1130 478 Mur.
1162 439 1236 486 41,
1267 439 1376 489 90.);
1411 440 1503 478 Atia
1540 438 1672 478 Atinia

283 508 462 551 Voconia
483 505 667 547 Aricinae
689 510 798 545 erant
823 504 947 555 (Suet.
963 506 1064 556 Aug.
1081 506 1120 544 4.
1149 504 1228 544 Cic.
1244 504 1413 557 Philipp.
1430 505 1496 544 111.
1513 508 1551 554 6,
1571 504 1673 555 16.);

287 575 458 617 Otacilia
486 574 706 613 Benevento
738 577 826 611 orta
856 571 976 622 (Fest.
1002 584 1039 623 p.
1069 571 1195 622 126).

400 639 615 681 LXXXVI.
672 641 767 679 296.
825 641 1014 688 Lysippus
1053 637 1189 687 aiebat]
1232 649 1280 676 ex
1315 636 1386 676 illo
1427 636 1549 674 aiebat
1587 638 1677 676 sul)-

289 707 504 748 audiendus
529 706 792 746 coniunctivus
811 705 982 753 videtur,
1009 706 1170 751 ‹lixeris3
1201 704 1381 756 quoniam
1406 703 1557 755 quidem
1581 706 1681 740 alere

289 776 363 815 illa
388 774 572 827 temporis
603 773 730 812 forma
755 777 873 812 caret.
925 772 1073 811 Atticus
1096 772 1217 822 igitur
1241 771 1314 810 hoc
1339 770 1449 809 dicit:
1478 770 1525 809 de
1547 770 1682 810 Crassi

292 847 330 882 et
359 841 518 882 Antonii
544 839 726 880 laudibus
755 840 826 878 tibi
856 839 1069 886 assentior;
1110 837 1177 877 sed
1205 849 1283 877 non
1310 843 1438 876 tamen
1466 837 1539 876 isto
1568 836 1681 876 modo

292 908 337 960 (i.
370 921 403 949 e.
433 914 474 948 ut
503 914 543 948 tu
575 919 641 947 eas
674 906 967 957 exaggerasti),
1008 906 1120 957 quasi
1152 910 1257 944 recte
1287 904 1431 944 dixeris
1464 904 1683 943 suasionem

292 976 395 1027 legis
427 974 621 1016 Serviliae
651 974 722 1013 tibi
758 974 984 1024 magistram
1014 973 1156 1021 fuisse,
1195 977 1235 1011 ut
1264 972 1458 1024 Lysippus
1490 983 1538 1010 ex
1564 970 1683 1021 Poly-

295 1043 386 1082 cleti
415 1042 649 1094 Doryphoro
689 1052 774 1079 sese
808 1046 930 1079 artem
967 1039 1148 1078 didicisse
1178 1039 1341 1078 dicebat.
1371 1061 1426 1065 —
1466 1038 1526 1078 De
1556 1037 1684 1088 Dory-

293 1110 440 1161 phoro,
481 1119 593 1159 quem
631 1112 793 1158 propter
826 1107 1083 1145 membrorum
1120 1106 1290 1144 habitum
1333 1110 1369 1144 et
1408 1105 1579 1144 rationes
1619 1115 1685 1142 ac-

296 1174 540 1213 curatissime
564 1173 793 1212 observatas
817 1167 977 1211 κανόνα
998 1172 1210 1219 vocabant,
1231 1184 1309 1211 non
1332 1172 1453 1210 minus
1474 1170 1686 1210 honorifice

297 1240 436 1281 Cicero
466 1239 612 1278 iudicat
643 1238 709 1278 Or.
741 1239 786 1284 2,
815 1236 876 1284 5.,
909 1249 1024 1288 quam
1057 1237 1319 1286 Quintilianus
1347 1237 1393 1277 V.
1426 1240 1496 1284 12,
1528 1239 1595 1276 21.

411 1303 642 1344 LXXXVII.
700 1305 794 1343 297.
852 1302 1040 1353 pepulisti]
1066 1303 1260 1342 assentior
1281 1302 1534 1353 Bernhardyo
1556 1303 1690 1352 pellere

298 1373 529 1413 translatum
565 1383 650 1411 esse
687 1383 711 1409 a
741 1369 895 1409 chordis
926 1369 1072 1422 pulsis,
1115 1381 1190 1421 quo
1229 1368 1342 1408 ducat
1378 1370 1491 1408 etiam
1527 1372 1688 1415 initium,

300 1439 406 1492 quod
435 1450 548 1487 sane,
580 1438 653 1478 etsi
675 1437 876 1477 exordium
900 1437 1089 1476 orationis
1112 1448 1306 1487 nunquam
1327 1435 1537 1486 significat,
1563 1441 1690 1474 tamen

299 1512 343 1547 ut
359 1507 597 1547 Graecorum
614 1499 852 1558 προοίμιον
876 1502 924 1542 ad
949 1502 1235 1542 similitudinem
1256 1502 1551 1542 introductionis
1574 1503 1691 1541 musi-

301 1585 373 1613 cae
413 1571 700 1612 accommodari
735 1570 877 1623 potuit,
920 1574 962 1609 ut
1001 1573 1148 1608 initium
1188 1571 1321 1620 pellere
1360 1570 1410 1609 sit
1448 1569 1550 1608 idem
1588 1569 1691 1621 qnod

302 1634 699 1694 προοιμιάζεσθαι.
760 1636 838 1677 Sed
876 1648 953 1676 non
991 1638 1183 1677 assentior
1217 1638 1381 1687 pleniore
1409 1637 1570 1686 quodam
1600 1649 1692 1674 sono

303 1707 593 1756 disputationem
616 1717 767 1754 gravem
791 1709 825 1741 et
849 1706 1038 1753 copiosam
1059 1704 1229 1741 inchoari
1252 1703 1344 1751 dici,
1374 1702 1442 1742 sed
1468 1700 1695 1755 simpliciter

303 1774 475 1811 inchoari
508 1784 735 1816 sermonem,
778 1770 886 1810 cuius
924 1769 1080 1809 facilius
1120 1771 1169 1809 sit
1206 1771 1355 1809 initium
1396 1782 1511 1822 quam
1552 1770 1694 1809 exitum

304 1838 494 1890 reperire.
551 1840 730 1881 Movere,
766 1842 807 1875 ut
839 1837 1076 1877 Graecorum
1108 1838 1260 1885 κινεῖν,
1300 1836 1434 1876 eadem
1462 1848 1524 1876 res
1556 1836 1697 1877 dicitur

305 1905 345 1943 in
377 1903 538 1954 dialogo
570 1901 617 1941 de
648 1902 869 1940 oratoribus
901 1914 932 1941 c.
966 1905 1029 1942 16.

420 1971 515 2010 299.
574 1973 660 2006 ante
688 1968 782 2016 dtoet]
815 1980 847 2007 c.
878 1969 952 2016 78,
982 1970 1076 2008 270.

421 2036 516 2074 300.
575 2036 609 2071 st
635 2034 744 2071 modo
773 2033 907 2081 licebit]
939 2028 1177 2087 εἰρωνικῶς
1205 2034 1395 2085 loquitur:
1424 2034 1568 2074 licebat
1598 2036 1697 2074 enim

309 2113 353 2142 re
375 2101 536 2154 publica
558 2098 732 2151 gerenda
754 2099 907 2138 minime
932 2103 1140 2151 occupato,
1171 2104 1212 2139 ut
1234 2101 1319 2151 ipse
1344 2099 1440 2138 dixit
1464 2112 1495 2139 c.
1513 2103 1579 2149 71,
1602 2101 1697 2141 250.

310 2168 390 2210 Sed
426 2167 634 2208 cavillatur
670 2166 912 2218 iniquitatem
948 2171 1161 2218 temporum
1200 2166 1549 2215 Caesarianorum,
1588 2169 1701 2219 quasi

310 2235 374 2277 vel
401 2235 526 2275 literis
557 2245 716 2287 operam
748 2233 833 2272 dari
863 2245 939 2272 non
968 2233 1107 2272 sinant.

420 2299 670 2340 LXXXVIII.
731 2302 824 2340 301.
884 2302 1064 2337 memoria
1093 2299 1216 2349 tanta]
1259 2300 1359 2340 hanc
1392 2299 1567 2352 plurimis
1601 2300 1701 2341 locis

311 2368 514 2421 praedicat
545 2367 703 2416 Cicero,
734 2367 841 2408 velut
872 2365 918 2406 de
949 2367 1016 2407 Or.
1040 2365 1106 2405 III.
1135 2368 1211 2414 61,
1237 2368 1331 2407 261.
1370 2367 1561 2407 Acad.11.
1595 2370 1638 2417 l,
1661 2371 1699 2407 2.

314 2436 430 2475 Tusc.
457 2435 487 2475 I.
520 2437 593 2483 24,
624 2435 714 2483 59,
750 2435 838 2473 item
871 2433 1131 2483 Quintilianus
1159 2433 1210 2473 X.
1241 2435 1287 2481 6,
1318 2435 1357 2474 4.
1392 2439 1428 2473 et
1455 2434 1524 2474 XI.
1555 2437 1601 2482 2,
1632 2437 1700 2474 24.

425 2502 529 2540 nullo
556 2501 751 2550 referente]
793 2500 926 2541 dubito
968 2512 1018 2539 an
1054 2499 1176 2538 minus
1212 2505 1317 2539 recte
1345 2500 1619 2552 Bernhardyus
1656 2501 1704 2541 de

316 2580 522 2608 causarum
547 2567 797 2608 dicendarum
822 2568 924 2607 inter
945 2566 1077 2620 plures
1102 2567 1313 2618 partitione
1340 2567 1595 2616 intellexerit,
1627 2580 1704 2619 qna

316 2647 411 2674 sane
441 2634 662 2684 accidebat,
701 2639 743 2674 ut
771 2647 848 2675 non
879 2634 1058 2674 adessent
1088 2633 1167 2673 alio
1200 2639 1366 2686 patrono
1396 2634 1459 2674 vel
1489 2634 1602 2674 etiam
1632 2634 1702 2673 ad-

317 2702 492 2742 versario
532 2701 702 2743 dicente:
742 2714 777 2743 v.
808 2702 883 2753 57,
913 2702 1007 2742 208.
1066 2700 1145 2743 Sed
1184 2701 1327 2741 rectius
1363 2700 1531 2742 fortasse
1566 2700 1704 2748 referre
