1835 3126
497 233 750 277 BRUTUS
791 233 909 277 CAP.
941 236 1008 278 92.
1039 235 1106 278 93.
1381 232 1494 279 313

114 348 277 396 absum,
314 345 388 388 sed
418 351 460 388 ut
495 345 684 389 laborem
714 353 754 388 et
784 346 1039 389 industriam.
1098 345 1194 388 319.
1233 343 1334 387 Cum
1372 345 1497 400 igitur

113 437 246 468 essem
276 425 319 466 in
344 423 542 480 plurumis
573 426 712 467 causis
738 431 777 467 et
811 426 853 466 in
882 424 1134 481 principibus
1163 426 1348 479 patronis
1379 425 1497 479 quin-

111 503 331 558 quennium
384 503 472 545 fere
516 509 732 553 versatus,
786 509 868 545 tum
922 504 964 544 in
1005 502 1235 558 patrocinio
1281 499 1496 544 Siciliensi

109 592 295 622 maxume
341 582 383 621 in
427 588 636 624 certamen
677 582 772 624 veni
818 581 1059 634 designatus
1105 579 1256 622 aedilis
1295 592 1387 622 cum
1424 579 1495 622 de-

109 659 274 713 signato
305 659 476 701 consule
506 659 740 703 Hortensio.

220 734 368 779 XCIII.
416 736 501 780 Sed
542 739 736 794 quoniam
780 737 913 779 omnis
950 734 1017 779 hic
1061 749 1197 778 sermo
1234 741 1377 778 noster
1413 749 1496 778 non

107 815 241 857 solum
281 818 630 859 enumerationem
669 817 914 864 oratoriam,
952 828 1093 857 verum
1121 816 1246 856 etiam
1275 820 1498 870 praecepta

108 894 311 948 quaedam
344 894 573 936 desiderat:
616 894 712 949 quid
751 899 947 947 tanquam
980 892 1203 934 notandum
1237 899 1277 933 et
1309 891 1497 933 animad-

105 971 340 1014 vertendum
368 974 420 1013 sit
442 973 485 1013 in
500 970 720 1013 Hortensio
747 969 932 1011 breviter
956 968 1054 1010 licet
1070 969 1222 1010 dicere.
1266 968 1362 1009 320.
1390 967 1496 1009 Nam

106 1050 142 1091 is
171 1056 263 1105 post
293 1049 571 1097 consulatum,
613 1046 761 1096 credo,
792 1046 901 1102 quod
932 1046 1090 1088 videret
1121 1058 1172 1087 ex
1204 1045 1495 1088 consularibus

103 1128 307 1169 neminem
332 1139 427 1167 esse
450 1138 591 1167 secum
617 1124 958 1181 comparandum,
982 1124 1224 1179 neglegeret
1249 1130 1383 1166 autem
1407 1137 1494 1175 eos,

104 1205 172 1260 qui
210 1204 404 1247 consules
438 1217 522 1246 non
559 1203 757 1253 fuissent,
794 1216 991 1245 summum
1030 1202 1131 1244 illud
1171 1215 1286 1244 suum
1318 1202 1494 1245 studium

102 1283 281 1333 remisit,
317 1295 396 1338 quo
434 1295 458 1324 a
487 1295 614 1338 puero
652 1282 786 1325 fuerat
826 1283 1043 1331 incensus,
1086 1287 1206 1336 atque
1242 1282 1286 1322 in
1316 1283 1495 1323 omnium

102 1373 240 1403 rerum
269 1360 523 1403 abundantia
550 1361 680 1404 voluit
708 1360 894 1410 beatius,
936 1366 978 1402 ut
1007 1361 1096 1415 ipse
1126 1358 1316 1415 putabat,
1345 1361 1494 1402 remis-

105 1439 192 1481 sius
232 1445 342 1481 certe
378 1440 533 1483 vivere.
590 1438 752 1481 Primus
793 1446 833 1481 et
871 1438 1076 1481 secundus
1110 1450 1241 1479 annus
1283 1444 1323 1479 et
1351 1439 1494 1481 tertius

104 1523 258 1559 tantum
290 1518 411 1573 quasi
439 1517 488 1560 de
519 1518 702 1574 picturae
731 1518 885 1560 veteris
918 1516 1059 1559 colore
1085 1516 1338 1566 detraxerat,
1364 1529 1493 1572 quan-

104 1601 186 1637 tum
222 1608 305 1638 non
334 1597 468 1652 quivis
508 1609 612 1638 unus
650 1609 700 1638 ex
737 1595 907 1652 populo,
948 1595 1022 1638 sed
1053 1596 1320 1637 existumator
1349 1594 1493 1637 doctus

104 1678 143 1714 et
187 1673 435 1729 intellegens
478 1681 621 1730 posset
661 1686 930 1728 cognoscere.
997 1671 1185 1728 Longius
1227 1679 1362 1715 autem
1398 1687 1493 1729 pro-

105 1751 278 1802 cedens,
316 1759 358 1794 ut
394 1754 435 1794 in
472 1754 621 1795 ceteris
657 1752 919 1808 eloquentiae
948 1751 1156 1807 partibus,
1191 1757 1274 1792 tum
1304 1763 1492 1793 maxume

102 1830 145 1870 in
175 1829 388 1872 celeritate
425 1838 464 1872 et
493 1831 798 1873 continuatione
827 1828 1047 1871 verborum
1085 1828 1391 1870 adhaerescens
1429 1831 1494 1872 sui

104 1907 347 1950 dissimilior
377 1907 594 1951 videbatur
628 1907 717 1950 fieri
757 1906 922 1950 cotidie.
982 1906 1078 1949 321.
1116 1905 1204 1949 Nos
1242 1912 1376 1949 autem
1408 1920 1492 1950 non

185 2040 244 2067 320.
282 2044 312 2067 ut
332 2041 361 2067 in
381 2040 502 2075 ceteris]
522 2044 553 2068 et
572 2042 599 2067 in
619 2041 738 2068 ceteris.

192 2153 270 2188 320.
318 2152 483 2197 videret]
510 2153 650 2187 viderit
674 2151 741 2197 Lg.
768 2151 934 2197 plerique
959 2158 995 2186 et
1020 2152 1076 2187 ed.
1098 2162 1152 2197 pr.
1178 2170 1222 2175 -
1256 2150 1489 2198 neqleqeret]

101 2211 153 2245 sic
180 2209 245 2255 Lg.
269 2209 302 2243 8.
335 2209 390 2245 35.
418 2210 473 2242 51.
501 2209 555 2243 58.
593 2207 668 2243 011.
694 2227 741 2232 -
779 2208 908 2252 quasi]
942 2219 1011 2242 om.
1047 2208 1103 2242 ed.
1130 2219 1204 2252 plu,
1241 2213 1277 2242 et
1314 2214 1368 2242 est
1403 2220 1492 2244 sane

102 2277 220 2300 rarum
254 2269 369 2310 quasi
401 2276 468 2310 pro
498 2264 584 2309 fere
616 2263 766 2306 dictum,
802 2264 848 2297 ad
878 2264 1021 2298 modum
1047 2263 1179 2298 Graeci
1205 2261 1253 2302 ὠς
1275 2275 1304 2297 3.
1330 2263 1421 2303 ὠςεί.
1446 2285 1492 2292 —

103 2322 383 2364 existumator]
409 2323 660 2355 aestumator
682 2319 750 2366 Lg.
768 2319 802 2355 8.
824 2319 878 2354 35.
898 2320 952 2354 51.
979 2319 1071 2354 Ven.
1094 2320 1124 2354 l.
1162 2323 1391 2354 extumator
1414 2319 1490 2356 011.

105 2380 313 2413 estimator
338 2376 403 2423 Lg.
429 2376 483 2412 39.
512 2377 565 2411 70.
612 2380 832 2411 estumator
857 2375 911 2410 53.
936 2375 990 2409 58.
1014 2375 1070 2411 68.
1114 2378 1330 2410 extimator
1353 2376 1408 2412 20.
1434 2377 1490 2412 56.

103 2434 160 2469 ed.
182 2446 236 2479 pr.
261 2454 306 2459 —
339 2433 577 2480 intelleyens]
602 2433 653 2468 sic
676 2432 740 2478 Lg.
759 2432 791 2468 8.
814 2432 868 2466 51.
907 2429 983 2467 011.
1007 2452 1052 2456 -
1080 2437 1221 2478 posset
1246 2434 1491 2479 coqnosoere]

95 2494 236 2537 posset
266 2501 454 2536 maslaum
485 2489 610 2524 scelus
644 2489 712 2524 Gu.
739 2489 768 2524 l.
793 2489 826 2523 2.
864 2488 930 2534 Lg.
965 2494 1111 2533 praeter
1142 2489 1175 2523 8.
1207 2488 1261 2524 35.
1292 2489 1346 2524 51.
1396 2489 1491 2525 Nam

101 2546 230 2581 falsum
254 2552 308 2581 est
334 2557 566 2593 comtos-cere
589 2546 625 2580 in
650 2545 715 2580 Gu.
735 2545 764 2581 l.
791 2546 882 2591 legi,
913 2551 951 2580 ut
976 2545 1062 2580 dicit
1085 2545 1273 2591 Meyerus.
1299 2565 1345 2570 »-
1381 2549 1424 2579 ut
1451 2548 1492 2580 in

104 2604 259 2647 ceteris]
279 2603 329 2637 sic
347 2602 413 2648 Lg.
430 2614 574 2645 omnes,
597 2602 689 2637 Ven.
705 2602 735 2636 l.
763 2599 839 2637 Ott.
865 2600 949 2636 vat.
974 2601 1088 2637 Gu.1.
1115 2601 1170 2636 ed.
1185 2612 1239 2646 pr.
1263 2601 1353 2635 Nor.
1377 2599 1492 2636 Orell.

102 2658 267 2704 Meye1·.;
293 2659 423 2704 probat
439 2658 557 2693 Hand.
577 2658 605 2693 T
611 2658 783 2694 ursell.ll.
809 2670 843 2704 p.
859 2657 936 2692 538.
985 2662 1023 2692 et
1048 2660 1090 2693 in
1113 2660 1251 2692 ceteris
1273 2657 1382 2703 vulgo
1407 2658 1491 2693 inde

104 2716 149 2750 ab
173 2715 276 2750 Aldo.
324 2719 363 2749 et
387 2726 475 2750 cum
499 2718 540 2750 z‘n
564 2718 703 2751 ceteris
734 2714 859 2749 Lamb.
883 2734 927 2739 —-
962 2714 1163 2757 maxume]
1197 2713 1250 2749 sic
1282 2712 1349 2759 Lg.
1373 2714 1406 2749 8.
1432 2713 1487 2750 35.

102 2772 157 2807 51.
183 2772 238 2807 53.
264 2771 320 2807 58.
346 2771 402 2807 68.
428 2771 481 2807 70.
519 2770 594 2807 011.
619 2792 664 2798 -—
703 2771 863 2815 cotidie]
889 2770 955 2816 Lg.
981 2769 1036 2805 53.
1072 2767 1146 2805 Ott.
