1835 3126
281 190 408 236 100
493 183 690 229 BREVIS
720 181 1115 236 ELOQUENTIAE
1147 181 1281 226 ROM.
1313 180 1456 225 HIST.

283 301 454 342 studiose
484 298 613 338 dicere
644 297 781 337 solitos
812 309 898 338 esse
923 298 1184 347 Quintilianus
1214 302 1351 337 auctor
1382 300 1439 336 est
1463 293 1544 346 (⁸⁴).
1603 293 1673 334 His

284 368 419 407 affines
451 370 537 405 sunt
569 358 808 404 ἇνασκευαί
837 370 874 403 et
903 360 1191 412 κατασκευαί,
1228 364 1367 416 quibus
1390 362 1536 402 fabulis
1566 360 1677 400 fieret

283 434 378 473 fides
406 432 470 473 vel
499 431 673 471 historiis
706 429 964 481 derogaretur
982 426 1064 481 (85).
1116 430 1195 471 Sed
1224 431 1396 470 thesibus
1428 433 1678 481 opponuntur

285 501 334 540 ab
366 500 459 539 artis
491 497 746 550 scriptoribus
776 492 1040 545 ὑποθέσεις,
1080 509 1180 548 quae
1210 502 1296 536 sunt
1329 501 1558 547 argumenta
1586 506 1678 547 per-

285 567 391 607 sonis
422 566 520 605 locis
550 565 789 616 temporibus
822 563 1027 602 coniuncta
1056 561 1138 614 (⁸⁶).
1197 564 1304 603 Haec
1341 575 1426 603 cum
1454 575 1549 603 vera
1580 566 1677 609 sunt,

287 644 389 686 quae
419 632 468 671 ab
500 632 723 671 oratoribus
753 635 988 678 tractantur,
1028 635 1106 669 tum
1135 629 1225 668 ficta
1260 629 1310 668 ad
1337 630 1512 669 veritatis
1542 629 1680 667 simili-

285 700 466 741 tudinem.
527 699 655 746 Ficta,
697 709 798 749 quae
836 698 875 736 in
912 696 1056 736 scholis
1093 696 1260 736 dictione
1297 696 1460 735 tractari
1490 695 1680 742 solebant,

287 767 427 808 Cicero
470 779 606 805 causas
643 765 757 812 dixit,
796 769 906 804 aetas
947 775 1112 815 sequens
1153 766 1446 808 controversias,
1493 761 1597 814 quod
1634 773 1682 801 ea

287 833 573 885 significatione
608 831 801 871 recentius
840 831 954 870 etiam
996 843 1110 882 quam
1140 831 1422 868 declamationis
1450 828 1683 870 vocabulum

287 902 442 943 Seneca
466 900 556 940 dicit
573 896 661 950 (37),
693 910 777 938 cum
804 898 879 937 hoc
902 898 1027 949 ipsum
1054 903 1251 937 auctorem
1279 897 1468 938 Cicerone
1499 900 1536 935 et
1558 894 1681 935 Calvo

290 969 549 1020 antiquiorem
590 978 668 1006 non
705 965 859 1005 habeat.
914 964 1076 1006 Veteres
1118 969 1245 1004 autem
1287 963 1422 1003 eodem
1459 962 1612 1002 Seneca
1647 965 1685 1000 et

288 1035 477 1076 Suetonio
515 1033 678 1073 testibus
718 1043 785 1070 eas
816 1042 955 1070 causas
993 1030 1102 1070 fictas
1134 1043 1164 1069 s.
1196 1029 1483 1070 controversias
1522 1026 1683 1067 dicendo

292 1101 623 1153 exsequebantur,
663 1109 763 1150 quae
797 1097 974 1149 proxime
1010 1096 1059 1135 ad
1098 1097 1301 1137 veritatem
1338 1095 1585 1143 accederent,
1629 1095 1686 1134 ita

289 1174 332 1208 ut
358 1167 541 1207 committi
570 1177 636 1205 eas
667 1164 842 1217 potuisse
870 1163 1079 1216 probabile
1108 1163 1306 1203 videretur
1320 1161 1402 1215 (3⁸).
1449 1164 1532 1204 Hoc
1563 1173 1686 1214 genus

290 1241 475 1286 tanquam
505 1232 670 1272 maxime
702 1230 882 1271 idoneam
913 1230 1119 1270 exercendi
1149 1220 1524 1282 ingenii‘materiem
1552 1229 1689 1269 laudat

292 1301 556 1351 Quintilianus
596 1311 749 1347 eorum,
796 1309 898 1350 quae
934 1298 982 1336 ab
1020 1298 1251 1350 aequalibus
1297 1299 1336 1337 in
1375 1310 1422 1337 ea
1460 1309 1504 1336 re
1545 1308 1687 1349 pecca-

292 1373 452 1415 rentur,
497 1378 581 1406 cum
624 1365 745 1404 tacita
790 1364 957 1416 quadam
1000 1365 1303 1417 reprehensione
1346 1363 1574 1404 recordatus
1607 1360 1687 1412 (39).

292 1434 487 1483 Quantum
517 1432 616 1471 enim
645 1432 723 1469 iam
752 1432 928 1481 Augusto
957 1431 1155 1482 principe,
1186 1432 1279 1482 quin
1309 1431 1358 1469 ab
1387 1431 1474 1483 ipso
1503 1431 1690 1478 Latrone,

295 1501 363 1552 qni
406 1499 553 1552 primus
597 1496 787 1537 celebrati
825 1497 989 1537 nominis
1028 1498 1234 1550 professor
1272 1497 1363 1546 fuit,
1408 1497 1584 1538 veritatis
1624 1496 1691 1535 lex

293 1566 444 1608 violata
475 1566 525 1604 sit
561 1563 854 1605 controversiae
884 1564 1025 1604 docent
1062 1577 1086 1604 a
1115 1565 1267 1605 Seneca
1297 1565 1561 1617 conscriptae3
1601 1576 1689 1604 sen-

294 1634 440 1673 tentiae
471 1632 569 1671 enim
603 1631 818 1683 pleraeque
845 1631 1018 1683 pueriles
1049 1636 1153 1680 sunt,
1192 1637 1424 1683 argumenta
1449 1636 1691 1685 portentosa.

295 1701 511 1741 Praeterea
555 1710 637 1738 mos
677 1698 830 1738 Graeca
868 1699 1009 1738 Latine
1043 1699 1219 1739 vertendi
1261 1704 1445 1752 tanquam
1481 1697 1616 1738 Crassi
1655 1702 1692 1737 et

298 1766 500 1807 Ciceronis
531 1764 818 1804 commendatur
854 1777 878 1804 a
908 1765 1148 1815 Quintiliano
1178 1763 1267 1816 (9⁰);
1306 1778 1417 1818 quem
1445 1766 1530 1806 veri
1567 1764 1693 1804 simile

300 1838 358 1873 est
388 1844 488 1884 quae
517 1831 662 1872 Crasso
688 1832 908 1870 tribuantur
938 1832 977 1870 in
999 1831 1113 1871 libris
1145 1832 1191 1872 de
1218 1834 1386 1873 Oratore
1417 1845 1465 1872 ex
1490 1832 1692 1873 Ciceronis

299 1900 490 1939 sententia
521 1898 598 1938 dici
629 1898 889 1937 existimasse:
930 1898 1130 1938 Ciceronis
1162 1900 1260 1939 enim
1291 1899 1337 1939 de
1365 1911 1407 1938 se
1435 1899 1693 1938 testimonium

299 1978 377 2006 non
416 1970 562 2014 exstat,
608 1965 680 2005 etsi
717 1976 827 2005 nemo
865 1965 1025 2015 ignorat
1063 1966 1269 2006 Platonica
1308 1965 1497 2018 quaedam
1538 1971 1575 2005 et
1612 1966 1693 2004 De-

299 2033 509 2073 mosthenis
546 2032 827 2083 Aeschinisque
865 2033 1062 2072 orationes
1102 2033 1148 2072 de
1185 2045 1332 2073 corona
1377 2034 1425 2072 ab
1466 2045 1511 2073 eo
1551 2032 1693 2073 Latino

300 2111 478 2139 sermone
516 2098 660 2138 donata
695 2109 793 2137 esse.
850 2098 1042 2138 Fecerunt
1079 2100 1195 2139 etiam
1231 2100 1375 2140 Brutus
1415 2105 1451 2139 et
1486 2099 1695 2147 Messalla,

301 2170 338 2205 et
369 2170 497 2205 aetate
524 2165 599 2204 illa
626 2165 809 2204 usitatum
838 2164 960 2204 fuisse
990 2166 1200 2206 Suetonius
1230 2166 1353 2206 docet.
1412 2167 1493 2206 Nec
1523 2166 1695 2214 deerant,

302 2232 369 2284 qui
399 2232 571 2271 carmina
600 2232 729 2272 soluta
751 2232 930 2272 oratione
958 2232 1185 2279 redderent3
1217 2245 1293 2286 quo
1324 2245 1470 2285 genere
1498 2233 1583 2273 solo
1607 2233 1693 2273 Ser.

302 2299 501 2351 Sulpicius
533 2299 734 2340 Ciceronis
764 2299 942 2352 aequalis
976 2311 1068 2339 usus
1106 2300 1252 2351 fertur,
1288 2300 1538 2354 reprehendit
1567 2304 1695 2340 autem

395 2428 454 2469 84)
489 2430 562 2465 Cic.
595 2428 661 2466 Or.
693 2431 752 2473 14,
783 2429 837 2464 45.
879 2429 925 2464 ad
952 2429 1025 2465 Att.
1053 2429 1116 2465 IX.
1142 2433 1174 2466 4.
1207 2436 1243 2467 et
1265 2433 1297 2467 9.
1345 2431 1496 2469 Quintil.
1528 2431 1571 2466 11.
1601 2431 1638 2473 l,
1663 2430 1694 2464 9.

305 2484 348 2519 Χ.
370 2485 409 2526 5,
428 2485 480 2519 ll.
595 2487 655 2529 85)
681 2487 832 2525 Quintil.
854 2485 898 2522 11.
918 2487 959 2528 4,
978 2487 1033 2521 24.
1063 2487 1211 2524 Sueton.
1233 2489 1276 2523 cl.
1297 2488 1404 2524 rhett.
1423 2488 1454 2522 l.
1571 2487 1631 2531 86)
1657 2497 1693 2521 v,

306 2552 373 2575 nos
394 2541 439 2574 ad
461 2541 508 2575 de
527 2540 591 2576 Or.
612 2542 656 2579 11.
682 2543 744 2586 19,
762 2543 817 2578 78.
933 2543 993 2585 87)
1021 2543 1195 2579 Coun-ov.
1213 2544 1238 2580 1.
1258 2556 1420 2590 prooem.
1443 2555 1478 2589 p.
1494 2543 1550 2578 63.
1587 2543 1695 2578 Errat

307 2597 608 2634 Westc1·mannus
627 2611 659 2644 p.
683 2599 758 2635 140.
796 2599 922 2635 Verba
939 2603 1009 2635 aut
1026 2604 1334 2637 controversiam
1355 2601 1452 2648 apud
1471 2600 1544 2636 Cic.
1564 2599 1608 2633 de
1627 2596 1694 2633 Or.

306 2652 366 2689 111.
384 2652 448 2696 28,
469 2653 544 2690 109.
570 2655 797 2691 excludenda
812 2662 905 2691 sunt.
1019 2656 1080 2703 88)
1106 2657 1248 2695 Seneca
1268 2658 1291 2694 1.
1310 2669 1341 2695 c.
1457 2656 1517 2700 89)
1542 2655 1693 2694 Quintil.

308 2708 352 2745 X.
378 2709 419 2752 5,
446 2710 499 2747 17.
615 2710 674 2755 90)
707 2712 777 2752 Qu.
802 2713 848 2751 X.
873 2711 915 2759 5,
939 2712 996 2749 20.
