1835 3126
606 160 858 206 BRUTUS
891 160 1011 204 CAP.
1040 161 1080 205 4.
1335 196 1337 198 .
1425 161 1544 207 159

158 280 301 333 spectu
337 274 479 318 omnia
512 274 716 318 viderem:
757 287 863 330 quae
902 287 993 316 cum
1024 274 1208 317 studiose
1237 278 1416 316 tractare
1448 286 1548 316 coe-

153 356 327 411 pissem,
367 355 460 410 ipsa
494 353 594 395 mihi
628 354 818 396 tractatio
855 353 1084 395 litterarum
1122 352 1319 394 salutaris
1356 352 1430 394 fuit
1470 351 1546 394 ad-

152 433 406 487 monuitque,
446 431 664 489 Pomponi,
705 438 748 474 ut
784 443 817 473 a
846 437 885 473 te
924 432 1014 487 ipso
1052 444 1255 473 sumerem
1292 430 1449 485 aliquid
1492 429 1547 473 ad

152 524 218 563 me
262 510 527 553 reficiendum
574 517 696 566 teque
740 510 1083 553 remunerandum
1131 511 1167 551 si
1208 522 1293 552 non
1334 509 1451 565 pari,
1505 515 1548 550 at

149 595 272 644 grato
300 596 440 631 tamen
468 603 657 632 munere:
692 602 923 645 quanquam
959 589 1061 630 illud
1082 587 1325 630 Hesiodium
1354 586 1549 629 laudatur

155 680 181 710 a
216 668 369 718 doctis,
400 668 510 724 quod
540 668 687 710 eadem
721 680 916 710 mensura
944 667 1119 709 reddere
1150 666 1280 716 iubet,
1312 679 1394 721 qua
1424 678 1548 708 acce-

150 747 283 801 peris,
322 753 391 788 aut
428 748 553 789 etiam
583 746 874 795 cumulatiore,
913 747 950 787 si
980 746 1133 800 possis.
1193 744 1258 785 16.
1290 742 1380 798 Ego
1412 751 1548 786 autem

152 823 406 866 voluntatem
440 824 514 866 tibi
544 824 729 879 profecto
761 823 952 871 emetiar,
989 822 1065 863 sed
1088 834 1176 862 rem
1203 822 1338 876 ipsam
1366 821 1548 863 nondum

150 914 276 956 posse
314 901 481 952 videor,
518 901 642 956 idque
680 907 722 941 ut
759 902 980 954 ignoscas,
1018 911 1044 940 a
1078 905 1118 940 te
1149 905 1255 954 peto.
1311 896 1399 939 Nec
1438 900 1549 940 enim

152 992 206 1022 ex
247 980 386 1029 novis,
431 984 473 1020 ut
520 977 736 1033 agricolae
781 977 934 1027 solent,
979 975 1180 1019 fructibus
1222 982 1285 1018 est
1327 975 1434 1017 unde
1472 975 1549 1017 tibi

150 1056 323 1098 reddam
350 1056 460 1112 quod
490 1058 655 1113 accepi:
693 1058 755 1099 sic
783 1057 916 1099 omnis
946 1055 1054 1098 fetus
1083 1067 1321 1111 repressus,
1358 1060 1549 1096 exustus-

150 1147 229 1189 que
274 1133 351 1177 flos
390 1136 459 1178 siti
497 1137 652 1178 veteris
687 1135 889 1178 ubertatis
929 1135 1109 1184 exaruit,
1153 1146 1232 1176 nec
1269 1146 1320 1175 ex
1356 1132 1550 1183 conditis,
1625 1127 1632 1136 ’

149 1213 221 1267 qui
265 1213 403 1259 iacent
441 1214 483 1256 in
521 1213 705 1257 tenebris
747 1220 786 1257 et
825 1214 880 1256 ad
918 1226 1022 1269 quos
1061 1212 1195 1255 omnis
1236 1210 1359 1253 nobis
1399 1210 1551 1259 aditus,

149 1291 220 1346 qui
260 1304 393 1347 paene
433 1292 538 1334 solis
577 1294 727 1349 patuit,
771 1291 1004 1335 obstructus
1043 1297 1119 1334 est.
1187 1287 1386 1332 Seremus
1424 1290 1554 1344 igitur

151 1368 310 1424 aliquid
353 1376 550 1426 tanquam
589 1373 634 1414 in
668 1371 823 1414 inculto
860 1377 900 1414 et
940 1369 1140 1413 derelicto
1179 1368 1296 1419 solo;
1344 1367 1454 1423 quod
1489 1369 1551 1410 ita

151 1446 374 1501 diligenter
414 1449 622 1500 colemus,
662 1456 705 1492 ut
744 1449 964 1505 impendiis
1001 1450 1125 1490 etiam
1155 1459 1310 1501 augere
1340 1448 1552 1502 possimus

152 1525 391 1580 largitatem
420 1528 476 1569 tui
506 1529 708 1579 muneris3
738 1527 861 1570 modo
890 1527 1000 1569 idem
1029 1531 1173 1568 noster
1195 1526 1356 1567 animus
1381 1524 1550 1566 efficere

151 1606 304 1660 possit,
337 1605 446 1660 quod
473 1618 595 1660 ager,
629 1607 716 1661 qui,
749 1619 871 1661 quom
901 1604 1051 1646 multos
1080 1616 1212 1645 annos
1241 1604 1416 1658 quievit,
1446 1601 1549 1644 ube-

150 1683 286 1725 riores
324 1682 472 1725 efferre
512 1684 655 1738 fruges
687 1683 805 1725 solet.
866 1682 933 1724 17.
974 1680 1081 1722 Tum
1117 1680 1211 1730 ille,
1249 1678 1340 1734 Ego
1374 1692 1474 1721 vero
1510 1685 1551 1721 et

152 1761 404 1816 exspectabo
450 1773 524 1810 ea,
574 1774 680 1816 quae
726 1760 964 1816 polliceris,
1012 1771 1091 1800 nec
1139 1758 1305 1811 exigam
1351 1758 1435 1799 nisi
1480 1764 1550 1800 tuo

151 1839 364 1882 commodo
409 1844 449 1880 et
496 1844 613 1880 erunt
663 1836 765 1880 mihi
814 1842 1034 1894 pergrata,
1088 1837 1125 1879 si
1175 1834 1367 1878 solveris.
1440 1835 1549 1897 Mihi

150 1930 333 1978 quoque,
363 1917 495 1973 inquit
522 1915 696 1967 Brutus,
727 1916 1011 1974 exspectanda
1041 1921 1134 1958 sunt
1164 1927 1239 1965 ea,
1271 1927 1378 1971 quae
1408 1897 1550 1957 Attico
1594 1906 1598 1908 Ἴ

149 2074 229 2098 rum
253 2062 298 2097 ab
315 2061 412 2097 Italis
437 2062 665 2108 scriptorum.
685 2081 726 2088 —
752 2060 1004 2105 Hesiodium]
1030 2058 1201 2095 Hesiodi
1223 2058 1290 2104 Lg.
1310 2058 1366 2094 20.
1407 2058 1549 2094 Hesio-

151 2119 246 2155 dum
270 2119 326 2155 53.
348 2119 403 2153 70.
427 2118 510 2153 Vat.
536 2137 583 2145 ——
618 2123 688 2153 aut
713 2119 852 2162 etiam]
880 2120 1004 2151 etiam
1027 2128 1097 2151 om.
1122 2116 1188 2162 Lg.
1213 2116 1270 2149 20.

245 2175 298 2209 16.
349 2176 531 2217 emetiar]
564 2177 756 2208 remetiar
788 2184 834 2207 ex
870 2174 1077 2206 coniectura
1102 2172 1201 2206 Rivii
1231 2170 1357 2205 Lamb.
1387 2169 1551 2205 VVetzel.

151 2230 319 2266 Schuetz.
341 2250 387 2255 —
415 2229 540 2274 fetus]
569 2230 621 2263 sic
645 2240 710 2273 per
736 2240 756 2262 e
780 2227 847 2274 Lg.
872 2228 905 2263 8.
931 2227 986 2262 20.
1011 2227 1067 2262 35.
1091 2226 1148 2262 39.
1175 2227 1230 2261 51.
1254 2226 1310 2261 53.
1336 2226 1390 2261 58.
1413 2226 1469 2261 68.
1494 2226 1549 2262 70.

152 2286 221 2322 Gu.
244 2287 273 2320 l.
298 2305 343 2310 —-
383 2285 459 2331 flos
492 2285 576 2328 siti]
614 2285 837 2330 transposuit
866 2283 1075 2318 Lambinus.
1123 2282 1321 2318 Librorum
1353 2294 1552 2318 consensus

152 2345 264 2378 sitim
280 2353 358 2376 cum
372 2341 539 2376 ubertate
557 2341 655 2387 iungi
669 2341 841 2387 postulat.
860 2361 901 2367 -—-
928 2339 1166 2384 obstructus]
1186 2338 1397 2374 obstrictus
1411 2338 1479 2385 Lg.
1494 2339 1550 2374 20.

153 2399 220 2434 Gu.
242 2400 272 2434 1.
296 2418 342 2424 —-
370 2398 517 2445 possit]
541 2402 677 2444 posset
702 2397 768 2443 Lg.
795 2397 849 2432 70.
874 2417 919 2423 —
955 2398 1087 2443 quom]
1111 2396 1163 2431 sic
1187 2396 1271 2430 dedi
1295 2407 1362 2441 pro
1389 2407 1478 2431 cum
1504 2407 1550 2430 ex

152 2455 218 2502 Lg.
235 2455 268 2489 8.
288 2455 341 2490 39.
358 2456 412 2490 51.
431 2454 486 2489 53.
506 2454 581 2497 56.,
606 2454 642 2489 ἰη
667 2454 796 2500 quibus
823 2465 960 2500 quam,
990 2460 1026 2488 et
1051 2453 1125 2497 35.,
1152 2454 1189 2487 in
1215 2464 1284 2497 quo
1311 2464 1431 2498 quam
1451 2464 1546 2488 corr.

152 2522 282 2557 quom.
332 2511 376 2545 V.
402 2511 536 2547 Comm.
561 2511 620 2547 Cr.
652 2511 689 2545 in
714 2511 760 2546 de
785 2509 852 2547 Or.
878 2511 903 2546 1.
932 2513 969 2554 l,
997 2512 1026 2547 l.
1048 2529 1096 2539 ·—
1131 2509 1287 2555 efferre]
1319 2509 1467 2555 afferre
1492 2508 1547 2544 ed.

151 2580 204 2614 pr.
232 2588 277 2594 -—
314 2567 450 2615 fruqes
477 2568 589 2612 solet]
616 2568 715 2603 solet
740 2568 897 2615 fructus
922 2567 988 2615 Lg.
1013 2567 1068 2604 39.

246 2625 299 2660 17.
349 2626 635 2673 exspectanda]
656 2629 695 2660 et
715 2637 823 2673 exsp.
843 2638 870 2662 s.
888 2637 976 2673 exp.
998 2624 1103 2660 codd.
1122 2634 1267 2666 omnes,
1289 2624 1396 2657 etiam
1417 2621 1481 2656 Gu.
1504 2622 1549 2664 l.,

152 2681 368 2717 deleverunt
403 2686 442 2718 et
471 2681 597 2721 Lamb.
620 2681 708 2721 Em.
734 2683 820 2718 Sch.
849 2681 935 2727 On,
972 2681 1172 2718 defendere
1201 2680 1345 2716 videtur
1368 2678 1547 2724 Meyerus
