1835 3126
620 161 877 206 BRUTUS
910 161 1029 205 GAP.
1059 165 1098 207 2.
1444 162 1561 208 155

171 288 286 320 sumo
325 280 364 318 et
399 273 655 318 beatissumo
691 276 782 318 viro
820 274 1072 328 cogitemus,
1109 275 1225 318 illum
1261 275 1398 332 potius
1437 287 1560 331 quam

167 359 329 397 nosmet
365 354 479 409 ipsos
519 353 695 408 diligere
725 353 952 396 videamur.
1011 354 1050 396 5.
1081 353 1187 396 Nam
1217 356 1255 396 si
1284 354 1328 396 id
1359 353 1562 404 dolemus,

169 432 278 488 quod
305 445 355 474 eo
387 433 471 474 iam
492 432 581 474 'frui
610 431 732 475 nobis
762 446 846 475 non
874 433 991 483 licet,
1022 440 1206 475 nostrum
1228 439 1291 475 est
1319 432 1362 474 id
1384 431 1561 474 malum:

168 510 278 566 quod
314 510 475 553 modice
512 511 715 561 feramus,
752 524 804 553 ne
843 511 885 553 id
914 525 998 554 non
1030 512 1083 554 ad
1114 513 1357 562 amicitiam,
1399 509 1474 553 sed
1506 509 1562 551 ad

168 588 439 631 domesticam
480 589 698 632 utilitatem
740 590 897 632 referre
941 590 1169 633 videamur.
1235 592 1319 641 sin,
1363 595 1561 644 tanquam

169 666 233 708 illi
269 668 350 723 ipsi
387 667 628 710 acerbitatis
667 668 824 724 aliquid
855 669 1070 720 acciderit,
1114 670 1322 724 angimur,
1361 679 1561 710 summam

169 747 259 787 eius
290 745 532 788 felicitatem
561 759 644 789 non
674 748 777 788 satis
807 754 926 801 grato
959 749 1096 790 auimo
1127 748 1454 803 interpretamur.

281 822 331 865 ΙΙ.
363 824 402 865 6.
432 822 482 866 Et
519 825 629 866 enim
666 826 703 865 si
731 826 889 866 viveret
921 823 968 874 Q.
1000 824 1266 874 Hortensius,
1305 830 1446 865 cetera
1474 822 1562 865 for-

167 908 281 944 tasse
313 900 570 943 desideraret
599 914 683 943 una
712 915 804 944 cum
833 901 1007 957 reliquis
1037 901 1159 943 bonis
1191 908 1230 943 et
1260 900 1436 943 fortibus
1460 901 1564 942 civi-

167 979 263 1030 bus,
300 979 407 1021 hunc
445 986 514 1021 aut
549 986 716 1035 praeter
750 986 913 1022 ceteros
944 985 1014 1021 aut
1043 993 1134 1022 cum
1162 980 1309 1036 paucis
1340 979 1564 1021 sustineret

167 1057 372 1105 dolorem,
412 1071 503 1100 cum
540 1057 672 1100 sorum
708 1058 849 1115 populi
884 1057 1081 1109 Romani,
1125 1058 1234 1114 quod
1264 1058 1413 1100 fuisset
1441 1057 1563 1113 quasi

164 1135 368 1178 theatrum
411 1135 524 1178 illius
569 1137 731 1192 ingeni,
774 1150 878 1180 voce
916 1137 1078 1179 erudita
1116 1143 1156 1180 et
1190 1136 1392 1180 Romanis
1431 1134 1564 1178 Grae-

165 1215 309 1271 cisque
355 1214 524 1257 auribus
569 1215 696 1271 digna
740 1216 960 1273 spoliatum
1005 1222 1127 1272 atque
1166 1216 1354 1259 orbatum
1388 1215 1565 1258 videret.

166 1294 205 1336 7.
243 1284 444 1350 Equidem
481 1307 615 1350 angor
654 1296 791 1338 animo
829 1308 914 1338 11011
947 1295 1119 1346 consili,
1155 1307 1239 1337 non
1276 1294 1441 1349 ingeni,
1479 1306 1566 1335 11011

167 1374 424 1416 auctoritatis
465 1375 591 1416 armis
629 1387 754 1429 egere
792 1388 878 1418 rem
914 1374 1142 1431 publicam,
1188 1386 1295 1429 quae
1335 1372 1565 1415 didiceram

169 1458 348 1494 tractare
385 1451 614 1507 quibusque
653 1466 717 1495 me
756 1453 1068 1496 assuefeceram
1098 1465 1286 1508 quaeque
1319 1457 1438 1494 erant
1465 1462 1565 1506 pro-

167 1532 261 1586 pria
291 1543 381 1572 cum
410 1532 660 1586 praestantis
691 1532 731 1573 in
763 1545 807 1574 re
828 1532 997 1589 publica
1015 1532 1114 1581 viri,
1140 1537 1224 1573 tum
1243 1530 1351 1573 bene
1375 1535 1566 1572 moratae

168 1616 209 1652 et
245 1609 351 1651 hene
389 1610 636 1652 constitutae
668 1611 860 1653 civitatis.
922 1609 1043 1671 Quod
1074 1611 1110 1652 si
1140 1610 1215 1652 fuit
1244 1611 1288 1652 in
1317 1622 1363 1651 re
1394 1607 1566 1664 publica

169 1696 326 1744 tempus
371 1687 519 1738 ullum,
564 1701 655 1730 cum
699 1695 943 1744 extorquere
981 1701 1099 1730 arma
1132 1694 1276 1744 posset
1312 1700 1335 1729 e
1372 1686 1567 1729 manibus

169 1769 368 1810 iratorum
398 1767 548 1809 civium
576 1766 677 1808 boni
709 1767 812 1808 civis
844 1768 1069 1809 auctoritas
1100 1773 1141 1809 et
1171 1767 1324 1816 oratio,
1354 1771 1439 1807 tum
1467 1777 1565 1821 pro-

169 1847 278 1889 fecto
308 1846 400 1896 fuit,
432 1857 524 1887 cum
552 1845 825 1901 patrocinium
856 1846 973 1901 pacis
1004 1845 1218 1888 exclusum
1245 1851 1309 1888 est
1331 1850 1400 1887 aut
1422 1857 1565 1887 errore

254 2014 280 2040 6.
317 2015 368 2040 aut
383 2015 508 2047 praeter
524 2013 653 2048 ceteros]
671 2015 772 2040 autem
789 2015 909 2047 praeter
926 2015 1056 2041 eeteros.

168 2130 208 2170 3,
232 2127 283 2162 12.
301 2146 347 2152 —-
381 2126 483 2161 hunc
508 2131 576 2161 aut
596 2130 762 2173 praeter
787 2130 936 2160 ceteros
963 2126 1047 2169 auc]
1072 2125 1125 2159 sic
1149 2125 1241 2159 coni.
1267 2123 1403 2166 Orell.;
1431 2124 1466 2159 h.
1492 2136 1567 2160 au-

171 2190 251 2220 tem
273 2203 320 2210 —-
354 2187 423 2217 aut
449 2183 536 2218 Ern.
563 2183 680 2217 Hand.
706 2182 742 2216 111
763 2181 913 2215 Turseli.
939 2194 974 2226 p.
993 2182 1070 2216 546.
1096 2187 1118 2215 t.
1137 2181 1180 2223 l.;
1207 2182 1290 2215 libri
1316 2193 1441 2216 omnes
1465 2180 1502 2215 Ῐι.
1529 2186 1568 2216 et

165 2246 328 2289 praeter
352 2243 501 2273 ceteros
526 2243 606 2273 aut.
630 2257 677 2264 ·—
715 2237 863 2282 inqenz‘]
892 2238 944 2271 sic
968 2236 1032 2283 Lg.
1058 2237 1091 2272 8.
1117 2237 1172 2272 51.
1208 2237 1299 2271 Ven.
1325 2238 1356 2273 l.
1405 2238 1569 2273 Perraro

171 2298 263 2333 haec
282 2297 462 2341 scriptura
479 2295 607 2329 emicat
631 2294 667 2328 in
689 2293 754 2328 Gu.
769 2294 821 2335 l.;
847 2294 912 2328 sed
931 2305 1009 2328 cum
1025 2306 1172 2340 semper
1188 2294 1305 2329 bonos
1323 2294 1438 2330 libros
1457 2299 1569 2330 testes

171 2355 325 2397 habeat,
349 2354 385 2387 in
411 2351 526 2386 Bruto
552 2352 654 2386 unice
677 2362 769 2386 vera
795 2351 948 2387 videtur.

266 2412 295 2446 7.
345 2421 471 2455 anqor
496 2410 646 2453 animo]
679 2419 715 2444 α.
742 2410 870 2443 animi
894 2408 1105 2451 Manutius3
1138 2408 1301 2443 codicum
1328 2407 1394 2454 Lg.
1421 2408 1445 2443 8
1472 2419 1568 2444 corr.

172 2468 283 2504 Aliud
300 2474 355 2502 est
374 2478 518 2512 anyer,
543 2466 640 2500 aliud
660 2465 811 2513 pendeo
833 2458 980 2506 an'imz·;
1005 2465 1097 2500 hanc
1117 2466 1297 2510 antiquam
1316 2476 1397 2500 esse
1421 2465 1571 2500 ablativi

174 2525 326 2560 formam
351 2523 528 2566 affirmat,
553 2535 626 2558 non
652 2523 783 2568 probat
802 2523 922 2559 Klotz.
949 2523 995 2558 ad
1013 2523 1087 2558 Cic.
1106 2522 1212 2558 Tusc.
1237 2522 1264 2558 1.
1287 2522 1343 2558 40,
1370 2534 1405 2568 p.
1426 2522 1502 2558 138.
1523 2542 1570 2549 -

175 2582 323 2627 inqenz']
351 2582 402 2615 sic
426 2581 492 2627 Lg.
517 2581 548 2616 8.
574 2581 630 2616 51.
668 2580 759 2615 Ven.
787 2581 817 2616 l.
847 2601 886 2607 -
920 2581 1045 2626 eqere]
1070 2582 1158 2627 90νί
1181 2580 1275 2616 coni.
1302 2580 1499 2615 Corradus.
1523 2596 1570 2607 ..-

175 2639 487 2684 assuefeceram]
513 2637 663 2683 adsuef.
690 2637 757 2684 Lg.
782 2638 813 2672 8.
839 2637 893 2672 51.
918 2657 963 2663 —-
999 2638 1130 2684 pacis]
1158 2639 1334 2673 civitatis
1360 2637 1417 2672 ed.
1444 2648 1498 2683 pr.
1524 2656 1570 2662 —-

175 2697 324 2741 errore]
352 2706 495 2739 omnes,
519 2701 559 2731 ut
575 2695 739 2739 videtur,
757 2694 861 2732 codd.
881 2698 1051 2737 terrore,
1068 2694 1244 2732 haerente
1259 2694 1366 2731 litera
1383 2704 1429 2729 ex
1447 2693 1570 2739 priore
