1835 3126
285 199 372 243 50
494 192 690 238 BREvlS
720 191 1113 244 ELOQUENTIAE
1145 191 1279 235 ROM.
1311 192 1454 235 HIST.

285 310 397 363 quasi
436 307 513 347 telo
553 307 592 346 in
628 307 818 345 hominem
854 308 1096 347 innocentem
1133 308 1193 346 usi
1231 312 1318 346 sunt
1356 306 1561 345 illudentes
1590 306 1672 344 eius

284 375 494 423 sanctitati,
521 373 625 425 quod
648 374 821 425 ipsorum
837 375 1060 413 exactiones
1077 380 1113 413 et
1134 375 1297 413 iniurias
1314 374 1468 424 legatus
1485 373 1531 422 Q.
1548 370 1673 411 Mucii

285 442 504 484 Scaevolae
540 441 736 492 praetoris
767 441 886 480 Asiae
925 441 1179 493 prohibuerat
1204 439 1283 491 (⁴²).
1339 443 1439 481 Acta
1469 451 1589 479 causa
1615 440 1674 479 vi-

283 510 394 549 detur
425 522 460 548 a.
486 522 523 547 u.
550 509 630 547 661
658 507 701 547 G.
726 507 885 549 Valerio
917 508 974 547 M.
997 508 1191 547 Herennio
1223 508 1458 547 consulibus.
1502 509 1673 547 Accusa-

282 584 405 616 torem
442 575 643 628 publicani
682 576 990 614 subornaverant
1028 576 1205 626 Apicium
1241 575 1448 626 quendam,
1484 575 1676 614 hominem

282 643 456 694 nequitia
495 647 531 681 et
566 642 724 681 luxuria
761 643 800 681 in
836 642 991 681 civitate
1020 653 1096 680 non
1127 643 1249 680 miuus
1279 643 1522 692 insignitum,
1563 652 1677 693 quam

284 710 453 750 Rutilius
498 709 721 748 innocentia
764 709 1019 761 praelucebat
1042 705 1119 758 (⁵).
1185 708 1235 749 Et
1279 709 1462 760 quoniam
1503 707 1676 746 homines

284 777 535 816 infensissimi
573 777 612 815 iu
652 788 699 815 ea
738 788 858 815 causa
886 775 1128 825 iudicabant,
1169 788 1244 815 non
1276 776 1465 815 credimus
1498 773 1678 814 Ciceroni
1719 819 1730 825 -

285 855 489 883 evasurum
512 843 655 891 fuisse,
686 843 719 881 si
746 843 912 882 aliorum
936 844 1113 895 exemplo
1136 845 1317 896 precihus
1343 842 1408 883 vel
1430 841 1679 881 miseratione

284 912 340 950 uti
378 910 577 951 voluisset.
639 910 717 950 Sed
755 914 859 949 recte
890 911 1034 950 excelsi
1067 912 1183 950 animi
1211 912 1271 951 vir
1300 911 1531 961 ignavorum
1561 919 1677 960 prae-

285 977 386 1016 sidia
424 990 448 1016 a
486 989 527 1015 se
564 977 695 1016 aliena
731 977 907 1016 iudicans
944 989 1014 1016 nec
1050 979 1135 1029 ipse
1171 977 1319 1029 aliquid
1357 978 1480 1015 miuus
1518 976 1678 1014 honeste

285 1056 357 1096 pro
395 1055 437 1082 se
478 1043 630 1083 locutus
669 1049 726 1082 est
765 1049 802 1082 et
840 1043 886 1092 Q.
925 1044 1157 1084 Scaevolam
1194 1050 1231 1083 et
1268 1045 1310 1084 C.
1344 1044 1495 1083 Cottam
1529 1041 1677 1080 sororis

286 1122 380 1150 suae
410 1110 549 1157 filium,
580 1122 656 1162 quo
688 1111 810 1149 minus
842 1111 1037 1158 facerent,
1066 1111 1277 1162 prohibuit.
1335 1110 1419 1149 Hoc
1451 1109 1589 1149 Cicero
1618 1108 1677 1148 vi-

287 1183 458 1229 tuperat:
490 1178 690 1216 nobiscum
719 1178 872 1217 virtutis
903 1182 1097 1216 amatores
1129 1178 1295 1217 oninium
1316 1182 1531 1228 temporum
1559 1176 1678 1215 mira-

285 1245 440 1284 buntur.
488 1244 656 1283 Rutilius
686 1244 887 1283 damnatus
905 1245 1107 1295 Smyrnam
1132 1245 1321 1284 concessit
1341 1245 1379 1282 iu
1405 1243 1581 1283 exsilium
1600 1238 1677 1292 (6),

286 1312 354 1350 ubi
377 1310 514 1350 Cicero
546 1322 674 1350 senem
703 1311 819 1358 vidit,
851 1323 934 1350 cum
964 1316 1052 1363 post
1082 1323 1238 1350 causam
1263 1312 1354 1351 Sex.
1378 1310 1511 1350 Roscii
1539 1309 1678 1348 dictam

287 1378 324 1415 in
347 1378 480 1416 Asiam
509 1378 706 1429 profectus
735 1377 888 1427 estff).
935 1378 1028 1418 Cum
1060 1379 1157 1418 enim
1178 1378 1342 1418 Romani
1368 1388 1498 1417 omnes
1521 1375 1679 1415 Mithri-

287 1443 376 1481 date
400 1455 495 1493 rege
521 1444 743 1494 impellente
766 1456 838 1495 per
857 1445 991 1483 Asiam
1013 1445 1300 1491 occiderentur,
1326 1444 1495 1483 Rutilius
1515 1442 1679 1494 pallium

290 1510 480 1549 Graecum
518 1509 642 1548 induit
682 1510 815 1562 itaque
850 1511 1055 1561 ignoratus
1094 1510 1308 1563 periculum
1337 1511 1460 1549 evasit
1484 1506 1570 1559 (⁸);
1608 1519 1680 1547 nec

288 1589 313 1615 a
343 1576 457 1616 Sulla
486 1575 676 1616 dictatore
705 1578 926 1628 permoveri
954 1579 1081 1630 potuit
1109 1583 1149 1617 ut
1180 1583 1376 1616 cruentam
1408 1577 1489 1616 eius
1521 1576 1567 1616 de
1587 1575 1680 1616 Ma-

287 1643 409 1681 rianis
439 1643 643 1682 victoriam
672 1644 834 1683 Romam
863 1656 1044 1685 reversus
1074 1644 1223 1685 videret
1241 1642 1317 1695 (9).

381 1761 417 1804 4)
444 1761 620 1794 Asconius
645 1761 691 1794 ad
709 1761 780 1796 Cic.
806 1762 841 1795 in
859 1761 984 1798 Pison.
1003 1764 1059 1798 26.
1108 1764 1183 1797 Pro
1209 1769 1379 1808 praetore
1397 1763 1518 1796 Asiam
1543 1761 1681 1796 rexisse

290 1816 434 1851 videtur
460 1817 503 1853 Q.
528 1815 670 1850 Mucius
703 1824 785 1862 post
815 1819 1058 1864 magistratum
1095 1819 1129 1852 in
1162 1820 1250 1853 urbe
1282 1831 1313 1853 a.
1340 1819 1407 1853 656
1441 1824 1595 1864 gestuum
1627 1824 1681 1852 est

290 1873 318 1906 is
336 1873 457 1907 Crassi
482 1873 516 1906 in
539 1874 725 1907 consulatu
751 1874 892 1919 collega
917 1887 948 1910 a.
968 1876 1046 1910 659.
1089 1875 1315 1909 personatus
1333 1875 1507 1909 Asconius
1532 1875 1578 1908 ad
1592 1874 1679 1909 Div.

290 1930 326 1963 in
352 1929 457 1964 Caec.
487 1929 540 1971 17,
566 1929 619 1963 57.
648 1936 876 1973 quaestorem
899 1930 1012 1965 Mucii
1036 1931 1207 1965 Rutilium
1233 1931 1337 1964 facit:
1372 1942 1405 1965 v.
1433 1932 1572 1976 Zumpt.
1598 1931 1621 1964 l.
1649 1942 1677 1964 c.

290 1997 325 2030 p.
352 1985 407 2020 40.
525 1984 561 2028 5)
598 1985 806 2020 Athenaeus
832 1986 893 2022 IV.
928 2000 961 2032 p.
993 1987 1067 2023 168.
1094 1999 1124 2022 e.
1173 1987 1412 2033 Conspirasse
1443 1987 1478 2020 in
1511 1986 1681 2021 Rutilium

291 2041 502 2086 publicanos
526 2041 644 2075 inultis
668 2043 757 2077 locis
784 2043 914 2078 Cicero
941 2044 1118 2089 prodidit:
1146 2056 1180 2078 v.
1207 2042 1312 2078 Brut.
1339 2044 1402 2085 30,
1430 2043 1504 2078 115.
1544 2044 1589 2077 de
1614 2040 1679 2077 Or.

292 2097 317 2132 1.
337 2096 401 2138 53,
423 2096 501 2131 2⁸29.
536 2109 569 2142 p.
591 2097 711 2132 Balbo
740 2099 790 2132 13.
829 2112 863 2144 p.
891 2099 1043 2134 Fonteio
1073 2100 1124 2134 13.
1151 2100 1277 2134 confer
1296 2099 1436 2135 Livium
1463 2101 1546 2145 epit.
1566 2100 1679 2136 LXX.

293 2151 386 2186 Vell.
414 2151 456 2185 ll.
486 2153 537 2188 13.
578 2153 724 2187 Florum
748 2154 804 2189 lll.
833 2155 885 2189 17.
925 2155 1006 2189 Val.
1031 2156 1134 2190 Max.
1160 2155 1203 2190 ll.
1235 2156 1295 2198 lo,
1320 2157 1351 2192 5.
1403 2156 1436 2191 ls
1469 2157 1610 2201 quidem
1636 2156 1681 2190 ab

292 2208 440 2242 urbibus
458 2208 586 2252 Asiae,
613 2221 691 2243 cum
712 2222 756 2244 eo
782 2211 917 2245 abisset
942 2212 1161 2254 exsulatum,
1186 2224 1304 2257 paene
1329 2213 1458 2247 divinis
1484 2213 1682 2247 honoribus

293 2265 425 2298 cultum
458 2271 589 2300 narrat.
707 2267 742 2309 6)
777 2266 861 2301 Tac.
895 2269 988 2303 Ann.
1020 2267 1082 2303 lV.
1116 2268 1171 2303 43.
1289 2269 1324 2312 7)
1359 2269 1433 2304 Cic.
1464 2269 1554 2314 Rep.
1588 2269 1611 2304 Ι.
1646 2269 1680 2304 8.

292 2320 329 2363 8)
355 2321 426 2356 Cic.
456 2333 487 2366 p.
516 2321 662 2356 Rabirio
688 2323 862 2358 Postumo
889 2324 941 2359 lo.
1059 2325 1095 2367 9)
1121 2324 1269 2361 Quintil.
1294 2325 1354 2361 M.
1385 2326 1419 2368 l,
1448 2325 1498 2361 12.
1539 2326 1682 2359 Seneca

293 2376 387 2422 Epp.
413 2377 466 2410 2-1.
494 2377 547 2411 79.
571 2378 625 2413 98.
676 2379 832 2417 Quando
856 2379 1008 2415 Rutilius
1033 2386 1193 2416 mortuus
1217 2382 1261 2416 sit
1287 2387 1535 2416 non-constat.
1585 2380 1679 2415 Nam

294 2433 391 2477 quod
403 2432 578 2467 Ernestus
598 2442 633 2469 et
647 2436 861 2472 Schuetzius
879 2438 913 2471 in
931 2437 1056 2471 lexicis
1071 2437 1316 2472 Ciceronianis
1331 2450 1375 2471 ex
1389 2438 1530 2472 Tuscul.
1548 2437 1609 2473 lv.
1628 2438 1680 2473 17.

293 2494 444 2533 repente
464 2496 641 2526 mortuum
658 2492 779 2527 dicunt
795 2500 946 2539 propter
962 2494 1081 2528 fratris
1102 2493 1293 2538 repulsam,
1314 2505 1391 2527 cum
1408 2495 1537 2529 leviter
1553 2505 1681 2540 aegro-

294 2551 405 2586 taret,
436 2545 471 2579 id
498 2545 542 2581 P.
570 2547 777 2594 Rupilium
809 2551 991 2585 consulem
1016 2561 1048 2585 a.
1072 2549 1132 2584 621
1164 2551 1294 2595 tangit,
1327 2561 1419 2595 quae
1444 2552 1589 2586 nomina
1613 2551 1680 2585 sre-

294 2606 445 2645 quenter
486 2603 653 2638 confundi
682 2612 846 2642 constat.
907 2607 1054 2642 Monuit
1090 2607 1294 2640 Wetzelius
1333 2608 1448 2652 praef.
1492 2608 1538 2642 ad
1571 2606 1676 2642 Brut.

294 2669 328 2702 p.
344 2656 528 2694 LXXVH.
571 2659 709 2695 Eodem
735 2674 859 2698 errore
884 2676 929 2698 ex
951 2663 1108 2698 confusis
1133 2663 1336 2697 nominibus
1360 2664 1493 2698 labitur
1507 2663 1680 2698 Brossius

295 2714 373 2756 (des
396 2713 589 2759 Brosses)‚
613 2717 709 2751 vitae
729 2720 856 2756 Scauri
880 2720 1034 2766 scriptor
1059 2721 1093 2754 in
1113 2719 1203 2755 Hist.
1226 2720 1337 2756 Acad.
1357 2720 1475 2757 Paris.
1499 2720 1677 2766 Inscriptt.
