1835 3126
261 158 384 240 160
785 189 1125 235 CICERONIS

261 301 494 361 polliceris,
525 300 603 342 etsi
634 299 814 343 fortasse
842 315 921 356 ego
953 315 979 344 a
1007 309 1047 345 te
1075 303 1196 345 liuius
1223 303 1479 346 voluntarius
1501 316 1648 360 procu-

261 388 375 424 rator
398 385 551 435 petam,
585 379 694 434 quod
722 379 834 435 ipse,
864 381 929 421 0111
952 379 1098 431 debes,
1129 383 1388 426 incommodo
1412 389 1648 425 exacturum

260 464 399 513 negat.

375 535 425 578 V.
456 535 522 577 18.
553 533 608 576 At
643 547 762 585 vero,
798 535 985 590 inquam,
1021 535 1096 577 tibi
1126 548 1226 590 ego,
1265 535 1408 587 Brute,
1449 551 1533 579 11011
1562 536 1648 579 501-

260 628 375 666 vam,
405 615 487 656 nisi
515 614 628 669 prius
657 626 683 655 a
712 619 750 655 te
778 626 928 656 cavero
961 614 1134 670 amplius
1165 628 1214 656 eo
1244 617 1408 657 nomine
1429 617 1647 665 neminem,

262 695 377 736 euius
402 693 542 749 petitio
575 692 645 741 sit,
676 693 904 747 petiturum.
962 690 1056 734 Non
1081 704 1144 733 me
1169 690 1366 742 Hercule,
1397 693 1546 746 inquit,
1574 691 1650 732 tibi

260 772 542 828 repromittere
574 771 679 812 istuc
717 769 879 826 quidem
916 771 1061 812 ausim.
1119 782 1216 811 nam
1245 769 1371 819 1111110,
1410 770 1478 824 (1111
1512 774 1650 823 negat,

260 850 381 893 video
414 848 711 903 flagitatorem,
747 861 830 890 non
860 848 975 891 illum
1006 847 1170 904 quidem
1201 847 1274 890 tibi
1302 847 1517 890 molestum
1536 880 1545 897 ,
1577 846 1652 888 sed

263 927 475 971 assiduum
513 933 651 968 tamen
688 932 727 967 et
764 939 903 968 acrem
944 926 1045 968 sore.
1107 925 1213 967 Tum
1249 925 1520 982 Pomponius,
1558 923 1650 979 Ego

260 1020 378 1056 vero,
422 1005 570 1060 inquit,
612 1003 779 1046 Brutum
822 1004 925 1046 nihil
969 1005 1131 1046 mentiri
1175 1010 1284 1060 puto.
1351 1002 1508 1045 Videor
1542 1003 1652 1044 0111111

262 1085 430 1126 iamiam
467 1089 505 1124 te
539 1095 714 1123 ausurus
745 1095 840 1123 esse
873 1082 1104 1138 appellare,
1143 1083 1338 1137 quoniam
1367 1082 1494 1136 longo
1526 1082 1651 1122 inter-

260 1161 373 1204 vallo
429 1160 550 1201 modo
606 1160 779 1215 primum
827 1160 1099 1201 animadverti
1146 1159 1270 1215 paulo
1315 1166 1353 1201 te
1396 1159 1649 1200 hilariorem.

262 1240 330 1282 19.
357 1237 507 1293 {Itaque
553 1238 746 1292 quoniam
789 1236 878 1288 hic,
924 1237 1033 1292 quod
1072 1236 1172 1278 mihi
1217 1236 1453 1286 deberetur,
1499 1249 1544 1278 se
1583 1249 1653 1277 ex-

263 1324 446 1360 acturum
483 1315 698 1371 professus
737 1321 818 1367 est3
856 1315 967 1370 quod
995 1314 1090 1357 huic
1122 1315 1271 1365 debes,
1312 1328 1390 1369 ego
1418 1327 1445 1356 a
1476 1322 1515 1356 te
1545 1320 1653 1370 peto.

261 1395 467 1446 Quidnam
496 1393 567 1434 id}
612 1394 791 1448 inquam.
852 1392 903 1434 Ut
933 1393 1119 1441 scribas,
1150 1394 1298 1448 inquit,
1339 1392 1508 1447 aliquid.
1567 1393 1652 1433 iam

258 1472 416 1530 pridem
455 1471 564 1512 enim
595 1471 877 1512 conticuerunt
913 1477 1008 1512 tuae
1038 1470 1199 1513 literae.
1257 1468 1364 1511 Nam
1392 1475 1434 1511 ut
1471 1469 1569 1511 illos
1601 1469 1652 1510 de

258 1563 303 1593 re
338 1548 507 1607 publica
534 1547 674 1602 ,libros
713 1548 900 1600 edidisti,
941 1547 1042 1590 nihil
1082 1561 1108 1590 a
1143 1554 1182 1591 te
1221 1560 1323 1591 sane
1353 1553 1500 1604 postea
1530 1559 1653 1590 acce-

344 1707 388 1732 18.
423 1705 534 1740 ausim]
555 1713 646 1731 ausus
666 1706 729 1732 sim.

346 1753 387 1779 19.
424 1754 551 1777 veterum
568 1751 681 1786 rerum]
702 1753 834 1778 veterum
853 1751 1011 1778 annalium.

260 1876 382 1912 verbis
407 1872 538 1908 Handii
565 1872 610 1906 de
634 1877 728 1918 part.
746 1872 827 1908 Lat.
856 1873 930 1908 vol.
954 1872 998 1907 11.
1021 1885 1055 1918 p.
1078 1873 1156 1908 524.
1183 1884 1364 1919 „quoque
1383 1873 1428 1907 ad
1447 1883 1652 1919 personam,

261 1936 298 1966 et
326 1931 372 1965 ad
395 1941 471 1965 rem
496 1930 652 1975 pertinet
679 1940 747 1962 nec
773 1929 958 1974 quicquam
980 1929 1172 1963 offenditur
1192 1930 1228 1963 in
1248 1931 1475 1974 cogitationis
1495 1932 1649 1966 ratione.

259 1988 357 2033 Virg.
374 1988 463 2021 Aen.
486 1985 509 2019 Ι.
529 1986 570 2018 5:
595 1984 720 2019 multa
745 1996 894 2030 quoque
921 1990 959 2019 et
984 1985 1079 2019 bello
1096 1996 1253 2031 passus.
1269 1989 1294 2005 “
1328 1985 1441 2019 Recte
1461 1986 1651 2031 Virgilius:

259 2055 388 2089 passus
422 2043 514 2076 enini
553 2048 588 2075 et
625 2042 713 2075 alias
747 2053 852 2086 quani
885 2042 971 2076 belli
1004 2053 1191 2075 aerumnas
1220 2042 1360 2076 Aeneas
1399 2048 1473 2082 est3
1503 2043 1569 2076 sed
1593 2042 1651 2076 hic

258 2100 346 2134 nihil
370 2098 468 2132 aliud
492 2096 575 2130 fieri
599 2097 752 2138 dicitur,
785 2108 887 2140 quam
917 2098 1122 2142 exspectari
1146 2097 1309 2141 pollicita
1332 2098 1463 2132 Attico.
1487 2117 1533 2122 —
1559 2099 1651 2142 etsi]

260 2155 403 2190 divisim
426 2153 591 2198 plerique
617 2152 718 2194 libri,
744 2157 782 2186 ut
806 2153 936 2187 solent.
964 2172 1010 2177 ——
1044 2153 1307 2196 incommodo]
1334 2164 1374 2186 se
1402 2155 1649 2189 incommodo

259 2215 324 2246 tao
347 2209 564 2251 Lambinus,
589 2208 688 2242 nullo
712 2208 805 2243 libro
832 2208 1039 2243 adiuvante.
1063 2227 1109 2233 -—

348 2267 393 2300 V.
445 2266 497 2301 18.
547 2276 609 2299 me
636 2263 817 2308 Hercule]
852 2266 904 2299 sic
941 2266 1084 2300 divisim
1117 2264 1183 2310 Lg.
1208 2264 1240 2299 8.
1268 2265 1322 2299 51.
1349 2265 1404 2300 53.
1431 2266 1485 2301 56.
1509 2266 1563 2301 58.
1595 2267 1650 2302 70.

260 2323 349 2358 Ven.
365 2324 394 2358 l.
409 2322 442 2357 2.
469 2321 537 2357 Gu.
557 2323 587 2356 l.
610 2327 646 2355 et
664 2333 726 2355 me
742 2320 884 2356 Hercle
899 2321 966 2366 Lg.
979 2321 1034 2356 20.
1051 2341 1097 2346 -
1122 2321 1266 2364 ausim]
1286 2321 1337 2355 sic
1353 2319 1465 2357 Orell.
1484 2334 1527 2356 ex
1544 2324 1652 2359 codd.

257 2380 341 2421 suis,
362 2378 486 2424 quibus
503 2378 671 2412 addicunt
685 2377 778 2413 Ven.
797 2379 825 2412 l.
847 2377 915 2413 Gu.
933 2378 981 2419 l.;
1004 2378 1082 2413 rell.
1105 2389 1223 2412 ausus
1241 2379 1318 2411 sim
1336 2383 1395 2411 aut
1412 2389 1533 2413 ausus
1549 2390 1650 2420 sum,

257 2442 296 2470 ut
313 2435 395 2469 Vat.
418 2434 483 2480 Lg.
501 2434 556 2469 20.
573 2435 627 2470 51.
675 2434 816 2469 Probat
834 2445 953 2470 ausus
973 2436 1051 2468 sim
1068 2433 1244 2479 Meyerus
1268 2433 1398 2469 oblitus
1418 2436 1650 2479 potentialem

257 2493 331 2527 vim
367 2491 411 2526 ab
443 2490 511 2525 hac
541 2491 658 2526 forma
691 2491 832 2528 abesse.
861 2511 907 2515 —
949 2490 1174 2536 assiduum]
1208 2490 1424 2525 adsiduum
1455 2490 1523 2537 Lg.
1547 2492 1580 2526 8.
1605 2510 1650 2517 —

259 2549 357 2592 iam]
384 2550 550 2583 iamiam
575 2548 631 2582 ed.
657 2559 712 2594 pr.
736 2568 782 2573 —
805 2547 948 2595 paulo]
980 2547 1030 2581 510
1055 2547 1160 2582 codd.
1187 2547 1256 2581 mei
1279 2558 1425 2592 semper
1450 2554 1486 2581 et
1510 2559 1646 2584 omnes,

352 2605 403 2639 19.
451 2607 640 2649 quoniam
670 2605 747 2648 hic]
784 2616 818 2650 q.
857 2604 900 2640 id
933 2603 998 2650 Lg.
1025 2603 1080 2638 20.
1110 2623 1155 2627 -
1187 2605 1270 2637 iam
1296 2603 1474 2649 pridem]
1509 2604 1649 2639 divisim

258 2661 324 2707 Lg.
350 2666 499 2706 praeter
514 2660 569 2696 20.
590 2661 645 2696 35.
663 2661 787 2704 -flcl
810 2666 988 2697 veterum
1011 2660 1158 2702 rerum]
1185 2660 1236 2693 sic
1250 2659 1315 2704 Lg.
1343 2671 1484 2701 omnes;
1514 2660 1648 2693 addunt

258 2717 526 2762 naturalium,
555 2718 651 2763 quod
668 2724 723 2754 est
749 2718 855 2754 etiam
876 2719 911 2755 in
932 2716 1000 2755 Gu.
1023 2717 1052 2752 l.
1081 2721 1116 2752 et
1142 2715 1196 2752 ed.
1218 2726 1291 2762 pr.‚
1318 2722 1356 2752 ut
1378 2722 1497 2752 tamen
1526 2715 1571 2751 ab
1591 2714 1647 2750 his
