1835 3126
308 189 395 234 32
519 183 715 227 BREvls
745 182 1140 234 ELOQUENTIAE
1169 183 1304 227 ROM.
1335 160 1484 227 HisTss

308 300 468 354 publica
500 299 564 336 Gn.
596 296 812 334 Dolabellae
839 297 885 336 L.
915 297 959 336 F.
990 297 1080 345 fuit,
1121 310 1232 350 quem
1260 297 1560 350 repetundarum
1588 309 1696 337 reum

306 371 442 406 eontra
468 365 511 405 C.
539 364 750 404 Caesarem
780 362 1065 403 adolescentem
1095 364 1285 414 defendit3
1315 367 1349 405 is
1381 378 1464 405 eum
1495 365 1695 404 absolutus

307 437 424 479 esset,
463 436 573 470 actor
603 442 710 469 reum
746 430 904 481 patroni
933 433 1197 483 praepotentis
1226 433 1266 473 vi
1300 433 1375 472 sibi
1406 433 1504 484 eripi
1538 437 1695 484 questus

306 505 363 539 est
388 497 466 549 (9).
511 499 610 537 Acta
641 508 761 535 eausa
792 509 827 535 a.
853 498 953 545 676;
986 499 1046 537 eui
1077 500 1169 550 quia
1193 500 1329 539 Cicero
1361 500 1538 550 adiungit
1560 499 1696 538 Cottae

303 579 372 616 pro
409 569 468 604 M.
503 565 678 602 Gmmleto
718 563 940 612 dictionem,
984 577 1060 604 non
1094 567 1239 605 iniuria
1278 567 1421 606 eisdem
1459 567 1696 618 temporibus

305 633 548 683 assignatur:
581 643 801 683 quanquam
831 643 894 670 res
924 636 1007 670 tota
1036 632 1185 671 incerta
1215 638 1283 671 est.
1333 633 1457 682 Quam
1487 633 1601 672 Cotta
1627 645 1696 681 pro

304 713 343 737 se
373 700 450 748 ἴαμα
484 701 603 736 Varia
637 699 849 750 putabatur
885 699 1068 738 hahuisse
1098 700 1333 748 orationem,
1372 711 1455 738 eam
1484 699 1529 738 L.
1562 697 1697 737 Aelius

305 766 406 807 Stilo
439 766 577 806 Cottae
606 771 751 815 rogatu
776 763 1088 818 scripserat(¹⁰).
1132 767 1357 807 Orationem
1380 766 1517 805 Cottae
1540 764 1580 804 in
1605 776 1698 803 eon-

305 834 434 873 sulatu
460 833 672 873 Sallustius
704 832 911 872 seeundum
933 834 1105 886 aliquam
1131 835 1215 874 veri
1245 833 1503 873 similitudinis
1531 831 1699 884 speciem

303 900 412 940 finxit
435 897 520 951 (¹¹).
580 899 657 939 Sed
693 899 796 952 quod
828 900 1029 940 Charisius
1061 900 1192 949 affert,
1227 901 1342 941 Cotta
1371 913 1438 950 pro
1468 901 1515 935 L.
1551 901 1696 935 Veterio

303 968 406 1007 libro
439 968 563 1020 primo
582 964 669 1016 (¹2),
703 967 975 1016 corrigendum
1010 970 1159 1005 Veturio
1178 969 1191 1013 (
1200 965 1268 1018 13);
1300 966 1367 1005 sed
1398 964 1602 1004 admodum
1627 964 1697 1002 du-

302 1035 384 1073 bito
423 1047 472 1072 an
503 1034 564 1072 hic
596 1033 710 1072 Cotta
748 1033 857 1071 illam
888 1046 1044 1072 eausam
1074 1034 1227 1072 dixerit.
1286 1033 1425 1072 Exstat
1454 1031 1552 1070 enim
1584 1031 1696 1071 Cice-

302 1101 410 1140 ronis
461 1100 718 1138 testimonium
759 1100 889 1139 verbis
934 1100 1126 1139 accuratis
1169 1099 1365 1151 prolatum
1417 1099 1515 1138 nihil
1563 1098 1697 1150 scripti

302 1167 511 1218 reliquisse
543 1166 696 1206 Cottam
721 1162 803 1216 (¹4).

414 1233 579 1272 Doctior
602 1233 715 1273 Cotta
738 1234 938 1286 plerisque
962 1234 1184 1285 aequalium
1207 1233 1360 1274 ridetur
1382 1233 1516 1272 fuisse.
1558 1231 1696 1272 Cicero

304 1301 404 1339 enim
441 1305 477 1339 et
518 1301 705 1339 sermonis
747 1300 793 1340 de
831 1305 989 1340 oratore
1027 1301 1156 1352 capita
1197 1312 1282 1339 sese
1322 1300 1370 1338 ab
1411 1311 1456 1339 eo
1499 1299 1698 1350 accepisse

302 1366 413 1417 fingit
443 1372 479 1405 et
503 1367 723 1406 Stoicorum
755 1373 791 1406 et
815 1368 1095 1418 Epicureorum
1126 1367 1325 1406 doetrinae
1357 1366 1402 1405 de
1431 1371 1572 1405 natura
1603 1365 1696 1404 deo-

303 1445 387 1471 rum
425 1433 668 1472 refellendae
697 1434 937 1484 provinciam
969 1434 1004 1471 ei
1032 1434 1184 1472 tribuit:
1224 1444 1324 1484 quae
1362 1444 1426 1470 res
1464 1433 1537 1470 etsi
1570 1432 1696 1470 neuti-

304 1512 418 1551 quam
457 1500 627 1551 probant
657 1499 821 1538 artificio
857 1499 1033 1539 oratorio
1073 1500 1323 1539 cultissimum
1359 1505 1395 1538 et
1422 1498 1697 1550 philosophiae

305 1566 432 1606 studio
478 1565 646 1605 deditum
682 1566 825 1614 fuisse,
873 1571 1001 1605 tamen
1052 1578 1135 1606 cum
1175 1566 1310 1618 aliqua
1349 1566 1524 1606 veritatis
1567 1566 1698 1618 specie

302 1633 416 1672 fictae
454 1633 529 1672 sint
567 1638 731 1684 oportet.
787 1633 836 1672 Et
875 1645 986 1681 sane,
1025 1634 1059 1672 si
1098 1633 1189 1685 quid
1229 1633 1365 1673 Cicero
1406 1632 1453 1672 de
1491 1633 1574 1672 eius
1613 1638 1696 1672 arte

305 1699 458 1739 dicendi
501 1699 645 1738 iudicet
690 1699 1022 1749 consideraveris,
1072 1713 1157 1740 eam
1199 1700 1376 1748 laudem,
1430 1711 1697 1752 quameunque

303 1767 439 1806 habuit
467 1778 543 1806 non
573 1778 667 1805 sane
699 1767 1031 1816 contemnendam,
1071 1767 1198 1807 studio
1232 1769 1360 1819 potius
1391 1781 1505 1820 quam
1533 1774 1698 1808 naturae

304 1833 484 1873 debuisse
504 1833 718 1880 videbitur3
751 1834 853 1885 quod
876 1834 1042 1874 studium
1062 1834 1263 1874 literarum
1285 1834 1402 1886 plane
1428 1848 1566 1888 expers
1591 1835 1698 1875 credi

303 1912 381 1940 non
417 1905 556 1952 potest.
614 1901 718 1939 Inter
756 1901 942 1952 aequales
981 1903 1079 1941 enim
1111 1902 1225 1941 Cotta
1255 1901 1430 1953 Sulpicio
1467 1908 1504 1941 et
1534 1903 1698 1942 Caesari

303 1979 378 2019 par
408 1967 563 2006 habitus
594 1972 672 2014 est3
709 1966 776 2005 sed
806 1968 987 2019 princeps
1017 1974 1287 2020 patronorum,
1317 1974 1523 2021 postquam
1554 1969 1699 2008 exstitit

303 2034 555 2082 Hortensius,
587 2034 803 2073 existimari
832 2034 980 2074 desivit.
1030 2036 1152 2074 Acute
1183 2036 1423 2084 inveniebat,
1453 2037 1698 2088 partiebatur

305 2106 418 2152 apte,
458 2101 632 2139 limatum
666 2106 702 2139 et
734 2101 895 2151 elegans
929 2101 1081 2140 dicendi
1117 2114 1239 2152 genus
1273 2103 1588 2141 consectabatur:
1629 2103 1697 2142 sed

305 2172 342 2206 et
371 2166 592 2206 infirmitate
615 2167 723 2207 vocis
753 2167 997 2219 laterumque
1028 2173 1064 2207 et
1093 2174 1234 2207 natura
1257 2170 1381 2219 magis
1412 2169 1462 2208 ad
1485 2169 1696 2208 docendum

306 2245 421 2285 quam
464 2232 514 2272 ad
553 2234 781 2274 movendum
824 2234 930 2274 facta
974 2235 1023 2274 ab
1065 2236 1168 2275 omni
1215 2236 1458 2275 contentione
1502 2235 1697 2276 abstinere

307 2304 463 2339 coaetus
502 2300 672 2351 plurima
710 2301 862 2353 quidem
893 2303 1100 2354 perspicue
1140 2308 1176 2342 et
1212 2303 1377 2343 iucunde
1415 2302 1586 2351 dicebat,
1628 2302 1697 2342 sed

305 2367 403 2406 nihil
438 2368 631 2417 graviter,
671 2369 769 2409 nihil
802 2370 1067 2418 vehementer,
1106 2370 1202 2409 nihil
1233 2370 1281 2409 ad
1312 2370 1597 2410 miserationem
1628 2381 1698 2409 ex·

397 2485 434 2528 9)
462 2498 494 2520 v.
516 2485 620 2531 Pigh.
645 2488 705 2523 ΙΙΙ.
736 2501 768 2534 p.
787 2489 865 2524 280.
916 2489 1004 2523 Erat
1029 2490 1120 2523 enim
1147 2491 1236 2525 alius
1260 2490 1457 2525 Dolabella
1480 2489 1694 2535 praetoriuS,

308 2553 410 2587 quem
426 2542 583 2576 Scaurus
602 2545 814 2580 adolescens
834 2547 1035 2587 danmavit3
1061 2546 1142 2580 huic
1161 2548 1245 2581 olim
1258 2547 1394 2582 Verres
1414 2558 1480 2592 pro
1501 2550 1694 2591 quaestore

306 2599 435 2633 suerat.
556 2599 610 2643 10)
647 2601 718 2635 Cic.
753 2601 857 2639 Brut.
894 2603 954 2645 56,
987 2602 1065 2637 205.
1185 2603 1240 2645 ll)
1274 2615 1307 2648 p.
1342 2603 1416 2637 113.
1451 2603 1506 2639 ed.
1531 2601 1692 2637 Haverk.

308 2655 365 2745 ἐξ)
380 2654 568 2746 (ἐὶἐῆῑὶιῗὲῐ.
585 2669 618 2702 p.
634 2657 696 2692 195
707 2657 749 2692 P.
856 2659 911 2705 13)
927 2659 1132 2695 Secundum
1144 2658 1303 2695 Nonium
1319 2671 1352 2704 p.
1367 2659 1440 2695 149.
1545 2658 1600 2702 14)
1619 2657 1692 2692 Cic.

346 2722 373 2748 r.
392 2732 400 2743 ‹
447 2738 457 2754 2
499 2734 506 2743 ·
546 2741 553 2748 .
