1835 3126
268 157 390 206 228
792 154 1141 199 CICERONIS

268 277 407 312 tamen
443 266 544 318 (non
581 270 718 307 metuo
755 278 807 306 ne
845 265 946 307 mihi
982 265 1245 308 acclametis:
1286 271 1350 308 est
1381 271 1515 308 autem
1547 264 1656 321 quod

271 346 429 389 sentias
459 342 623 384 dicendi
653 342 762 384 liber
791 341 929 392 locus)
960 342 1101 384 malim
1129 343 1229 384 mihi
1257 342 1402 385 Crassi
1432 357 1555 386 unam
1582 356 1657 399 pro

269 422 330 465 Μ’
363 421 488 464 Curio
520 421 743 463 dictionem
775 433 896 476 quam
927 419 1182 462 castellanos
1212 421 1436 476 triumphos
1468 422 1560 464 duo.
1606 422 1662 463 At

272 501 365 557 plus
396 499 579 541 interfuit
607 500 669 540 rei
698 497 891 554 publicae
923 497 1139 540 castellum
1169 498 1261 552 capi
1290 495 1506 551 Ligurum,
1541 512 1664 554 quam

271 578 379 621 hene
417 577 584 619 defendi
618 590 789 619 causam
820 575 878 617 Μ’
911 574 1021 618 Curi.
1082 574 1230 617 Credo.
1287 575 1383 617 257.
1423 574 1508 617 Sed
1535 576 1664 618 Athe-

272 657 480 699 niensium
521 668 681 711 quoque
720 654 813 711 plus
850 654 1034 696 interfuit
1067 653 1185 695 firma
1214 659 1324 695 tecta
1360 654 1402 694 in
1443 653 1664 696 domiciliis

272 734 450 784 habere,
482 746 604 789 quam
633 732 852 775 Minervae
884 733 1045 788 signum
1076 745 1127 773 ex
1157 731 1282 774 ebore
1314 730 1664 787 pulcherrumum3

274 820 415 856 tamen
444 825 524 867 ego
554 825 619 854 me
647 810 835 853 Phidiam
869 824 963 853 esse
998 810 1184 860 mallem,
1219 822 1341 865 quam
1368 808 1436 851 vel
1462 815 1668 864 optumum

275 891 439 934 fabrum
481 891 715 944 tignarium.
775 902 857 946 qua
892 903 938 932 re
971 902 1055 931 non
1092 895 1285 944 quantum
1316 888 1488 942 quisque
1526 888 1669 943 prosit,

276 969 353 1012 sed
384 970 524 1024 quanti
553 969 726 1023 quisque
759 969 810 1009 sit
841 966 1150 1024 ponderandum
1181 972 1263 1007 est:
1300 966 1544 1022 praesertim
1578 978 1669 1008 cum

275 1048 397 1104 pauci
427 1047 598 1102 pingere
629 1047 799 1100 egregie
829 1046 989 1101 possint
1020 1050 1088 1086 aut
1117 1043 1291 1098 fingere,
1322 1044 1504 1099 operarii
1535 1050 1670 1086 autem

278 1131 348 1167 aut
374 1123 505 1165 baiuli
536 1122 684 1164 deesse
714 1136 797 1164 non
825 1124 996 1178 possint.

391 1198 583 1242 LXXIV.
621 1198 717 1240 258.
753 1198 839 1240 Sed
875 1211 1022 1254 perge,
1059 1196 1277 1252 Pomponi,
1318 1197 1368 1238 de
1407 1196 1591 1240 Caesare
1631 1205 1671 1241 et

279 1279 407 1321 redde
443 1291 549 1333 quae
582 1283 752 1319 restant.
811 1275 955 1318 Solum
985 1274 1168 1330 quidem,
1200 1275 1329 1329 inquit
1357 1274 1453 1325 ille,
1483 1281 1522 1317 et
1552 1278 1673 1331 quasi

278 1356 586 1399 fundamentum
614 1357 793 1398 oratoris
822 1354 939 1397 vides
962 1354 1211 1396 locutionem
1237 1352 1496 1394 emendatam
1521 1360 1560 1395 et
1586 1352 1673 1396 La-

282 1436 431 1485 tinam,
467 1435 582 1476 cuius
611 1446 739 1489 penes
774 1446 876 1489 quos
909 1432 1002 1474 laus
1035 1431 1168 1473 adhuc
1198 1431 1291 1481 suit,
1327 1444 1409 1473 non
1437 1431 1511 1473 fuit
1544 1433 1673 1474 ratio-

281 1514 348 1555 nis
381 1518 450 1555 aut
486 1513 710 1562 scientiae,
750 1512 825 1554 sed
854 1512 974 1567 quasi
1005 1510 1141 1552 bonae
1172 1509 1493 1552 consuetudinis.
1553 1508 1673 1554 Mitto

368 1667 427 1693 256.
465 1667 587 1702 Crassi]
608 1666 641 1694 L.
662 1667 771 1694 Crassi.
791 1681 823 1685 -
851 1665 925 1699 duo]
947 1666 1036 1692 duos,

284 1779 466 1824 maqmcs]
490 1780 559 1821 sic,
585 1790 657 1813 non
676 1778 799 1812 multo
818 1780 969 1823 melfis,
991 1777 1089 1823 quod
1105 1783 1330 1823 corruptum,
1357 1788 1435 1813 cum
1454 1788 1526 1812 non
1543 1764 1689 1814 habeat⁸

286 1846 358 1879 quo
392 1834 591 1876 reseratur,
622 1834 689 1879 Lg.
717 1846 862 1876 omnes,
897 1834 989 1868 Ven.
1010 1835 1038 1869 l.
1075 1833 1151 1868 Ott.
1182 1834 1239 1868 ed.
1264 1846 1318 1878 pr.
1346 1853 1391 1859 —
1426 1845 1504 1869 non
1527 1836 1675 1879 metuo]

285 1902 364 1925 non
396 1902 464 1927 om.
498 1891 554 1925 ed.
582 1902 633 1936 pr.
661 1910 706 1915 —
744 1901 791 1924 ne
824 1888 939 1932 mihi]
971 1889 1072 1923 mihi
1105 1901 1175 1923 om.
1209 1890 1274 1924 Gu.
1304 1891 1333 1925 l.
1360 1909 1405 1915 —
1447 1890 1597 1934 Crassi]
1629 1890 1674 1927 L.

285 1948 464 1993 praeponi
498 1947 641 1981 solitum
669 1958 738 1981 om.
765 1946 830 1991 Lg.
857 1956 1002 1988 omnes,
1037 1945 1127 1979 Ven.
1146 1946 1176 1979 l.
1207 1943 1303 1987 Ott.,
1340 1957 1408 1979 nec
1432 1948 1677 1981 necessarium

288 2008 343 2037 est
370 2003 404 2037 in
430 2015 469 2037 re
494 2003 688 2037 notissima.
712 2022 758 2027 —-
798 2001 861 2036 Μ’
890 2001 1022 2044 Curio]
1051 2000 1109 2035 M.
1142 2012 1265 2035 omnes
1290 2001 1382 2037 libri.
1408 2022 1454 2026 —
1493 2002 1585 2047 dno]
1612 2005 1677 2047 sic,

288 2064 327 2092 ut
352 2059 435 2093 sch.
465 2058 563 2092 dedit
589 2070 634 2093 ex
661 2058 724 2092 Gu.
747 2060 795 2099 l.,
830 2057 896 2103 Lg.
924 2069 1049 2091 omnes
1074 2064 1221 2102 praeter
1243 2057 1298 2092 20.
1325 2057 1380 2091 35.
1412 2057 1503 2093 Ven.
1528 2061 1557 2094 l.
1593 2060 1676 2096 vat.

287 2113 327 2149 In
351 2114 406 2148 35.
432 2113 486 2149 58.
513 2126 605 2150 corr.
634 2115 741 2149 duos,
766 2133 813 2141 ·—
850 2114 914 2148 Μ’
942 2114 1049 2157 Curi]
1078 2125 1151 2147 non
1176 2119 1341 2148 enotatur
1366 2116 1382 2148 i
1407 2126 1452 2149 ex
1472 2115 1576 2149 codd.

379 2170 459 2206 257.
509 2172 728 2218 optumum]
761 2172 812 2205 sic
841 2170 906 2217 Lg.
931 2170 962 2205 8.
988 2170 1043 2205 51.
1080 2169 1154 2205 Ott.
1185 2189 1229 2195 —-
1265 2172 1497 2216 ti9narium]
1529 2175 1681 2217 [iynim-

288 2231 397 2263 rz'um
415 2226 482 2274 Lg.
501 2235 646 2273 praeter
663 2229 719 2263 20.
736 2228 809 2270 35„
830 2228 922 2262 Ven.
942 2225 1017 2262 Ott.
1053 2229 1293 2274 tiqurtzrz'um
1309 2228 1376 2263 Gu.
1394 2229 1483 2262 l.·—
1500 2229 1678 2274 possint]

282 2290 447 2331 possunt
472 2285 539 2330 Lg.
564 2285 618 2320 39.
653 2284 744 2321 Nor.
769 2285 918 2319 Ascens.

380 2340 548 2377 LXXIV.
596 2341 674 2376 258.
726 2341 973 2384 locutionem]
998 2339 1282 2385 eloquutz‘onem
1297 2339 1364 2375 Gn.
1381 2341 1410 2376 l.
1426 2359 1472 2365 —-
1495 2340 1679 2384 rationis]

292 2400 488 2431 orationis
511 2398 579 2433 Gn.
603 2400 631 2432 l.
647 2418 693 2423 ——
728 2397 867 2441 bonae]
895 2397 990 2431 bono
1017 2396 1080 2441 Lg.
1101 2397 1133 2430 8.
1154 2396 1208 2432 39.
1228 2397 1282 2430 51.
1302 2396 1357 2432 56.
1376 2417 1420 2421 —
1456 2395 1504 2430 Ρ.
1528 2395 1683 2443 Scipio·

290 2454 395 2497 nem]
434 2453 475 2488 P,
513 2465 581 2488 0111.
615 2455 682 2488 Gn.
709 2456 738 2490 l,
768 2475 807 2479 —
845 2456 917 2497 sir]
955 2453 1023 2486 secl
1056 2454 1121 2486 (iu.
1148 2454 1177 2488 l.
1205 2472 1250 2477 ——-
1286 2464 1354 2487 nec
1384 2454 1573 2496 omnium]
1606 2464 1683 2487 non

294 2513 470 2544 omniurn
500 2510 660 2556 Rsteph.
692 2511 773 2546 Ald.
797 2530 843 2537 ›—-
879 2509 1097 2552 barbaries]
1136 2509 1321 2543 barbaria
1359 2510 1415 2543 ed.
1444 2521 1497 2554 pr.
1532 2509 1597 2555 Lg.
1624 2509 1681 2544 35.

293 2566 386 2600 Ven.
402 2567 434 2601 2.
471 2565 646 2613 Meyerus
666 2568 750 2602 dicit
767 2568 934 2603 Ciceroni
954 2566 1176 2600 barbariem
1196 2567 1364 2601 indictam
1382 2578 1481 2609 esse,
1503 2572 1539 2600 et
1558 2571 1684 2599 contra.

293 2626 520 2659 wlnlc’rl‘am.
570 2624 650 2659 Hoc
679 2624 825 2668 falsum,
856 2637 891 2660 v.
919 2623 1052 2658 comm.
1080 2623 1136 2657 Cr.
1170 2624 1205 2656 in
1231 2623 1276 2657 de
1302 2621 1362 2658 Or.
1388 2623 1412 2658 Ι.
1441 2623 1481 2665 3,
1508 2622 1581 2664 10.,
1614 2632 1683 2655 nec

297 2678 383 2713 illud
410 2682 542 2716 rectius
566 2681 768 2726 videbitur,
800 2693 879 2717 cuin
909 2681 990 2717 libri
1022 2684 1189 2715 accurate
1220 2679 1352 2714 suerint
1381 2678 1509 2715 exacti.
1535 2698 1580 2704 -
1615 2678 1682 2712 do-
