1835 3126
298 154 430 215 250
813 166 1156 212 CICERONIS

295 279 460 334 scriptis
504 276 629 317 etiam
671 276 761 331 ipse
804 278 997 328 interfui,
1045 292 1135 321 cum
1180 293 1317 323 essem
1363 281 1469 336 apud
1513 280 1679 322 Aelium

296 356 544 399 adolescens
583 367 755 408 eumque
795 355 937 396 audire
978 357 1236 410 perstudiose
1269 359 1458 401 solerem.
1520 358 1681 401 Cottam

295 442 429 477 autem
460 434 587 475 miror
616 446 813 474 summum
844 433 974 488 ipsum
998 440 1204 475 oratorem
1230 437 1475 492 minimeque
1501 438 1680 493 ineptum

295 513 499 556 Aelianas
529 510 635 553 levis
671 511 953 553 oratiunculas
982 511 1167 553 voluisse
1198 514 1436 555 existumari
1466 528 1577 557 suas.

406 588 529 631 LVII.
585 588 659 631 His
705 589 863 631 duobus
910 589 1095 631 eiusdem
1144 591 1292 632 aetatis
1337 593 1682 634 annumerabatur

293 682 413 711 nemo
458 668 629 709 tertius:
679 667 753 709 sed
797 667 895 709 mihi
940 667 1132 723 placebat
1175 667 1424 724 Pomponius
1469 682 1679 720 maxume3

292 747 359 790 vel
398 747 552 796 dicam,
591 746 756 787 minime
797 745 1057 801 displicebat.
1126 743 1264 788 Locus
1307 753 1395 788 erat
1436 749 1600 789 omnino
1638 749 1682 788 in

295 827 496 868 maxumis
541 825 681 866 causis
723 830 888 879 praeter
917 836 1011 874 eos,
1049 823 1098 865 de
1131 824 1278 879 quibus
1309 838 1434 880 supra
1468 825 1570 875 dixi,
1608 837 1682 866 ne-

293 905 413 946 mini:
444 910 662 960 propterea
691 902 799 957 quod
826 903 1054 952 Antonius,
1087 904 1154 957 qui
1186 915 1373 944 maxume
1405 902 1681 959 expetebatur,

292 982 431 1025 facilis
476 983 519 1022 in
560 982 699 1023 causis
738 980 989 1036 recipiendis
1030 987 1142 1031 erat3
1187 981 1448 1023 fastidiosior
1488 979 1681 1030 Crassus,

293 1061 366 1103 sed
405 1067 541 1102 tamen
578 1058 824 1114 recipiebat3
868 1058 1012 1100 horum
1047 1060 1114 1114 qui
1154 1066 1339 1100 neutrum
1370 1058 1551 1100 habebat
1581 1072 1680 1101 con-

293 1138 478 1192 fugiebat
518 1136 571 1178 ad
604 1135 832 1191 Philippum
872 1136 958 1178 sere
1000 1143 1068 1177 aut
1106 1137 1158 1178 ad
1191 1135 1441 1186 Caesarem3
1482 1135 1602 1179 Cotta
1642 1142 1681 1178 et

291 1216 500 1272 Sulpicius
532 1213 769 1266 [secundum
794 1211 1021 1268 Philippum
1044 1215 1079 1252 ἃ
1106 1212 1347 1264 Caesarem]
1374 1214 1679 1268 expetebantur.

289 1293 350 1336 Ita
381 1294 431 1335 ab
459 1292 524 1334 his
558 1304 632 1333 sex
654 1292 839 1346 patronis
867 1303 1021 1332 causae
1050 1290 1234 1332 illustres
1264 1291 1515 1345 agebanturg
1546 1305 1680 1347 neque

289 1379 372 1414 tam
410 1370 538 1413 multa
571 1383 692 1425 quam
720 1376 865 1411 nostra
895 1376 1030 1411 aetate
1061 1369 1217 1411 iudicia
1246 1369 1397 1411 fiebant
1427 1383 1558 1424 neque
1589 1369 1680 1420 hoc,

291 1450 398 1506 quod
429 1463 535 1491 nunc
566 1448 628 1498 fit,
669 1454 711 1490 ut
741 1461 895 1490 causae
929 1448 1119 1502 singulae
1152 1448 1468 1490 defenderentur
1498 1461 1522 1489 a
1552 1447 1680 1504 pluri-

288 1529 392 1579 bus,
446 1541 525 1583 quo
570 1526 673 1568 nihil
721 1533 783 1568 est
824 1528 1029 1569 vitiosius.
1104 1527 1199 1569 208.
1245 1527 1693 1591 Respondeinuseis„

290 1621 392 1663 quos
441 1620 524 1649 non
569 1605 824 1648 audivimus:
870 1607 913 1647 in
958 1618 1037 1661 quo
1072 1607 1244 1661 primum
1288 1618 1413 1660 saepe
1460 1605 1580 1647 aliter
1617 1611 1679 1647 est

290 1670 628 1735 ‹lictumsaliter
661 1672 726 1726 ad
770 1697 846 1726 nos
892 1683 1088 1734 relatum3
1137 1684 1284 1726 deinde
1332 1685 1471 1738 magni
1510 1684 1681 1725 interest

291 1778 429 1807 coram
470 1764 611 1805 videre
656 1776 719 1805 me
759 1776 877 1818 quem
922 1762 973 1803 ad
1007 1762 1169 1805 modum
1202 1762 1468 1804 adversarius
1496 1761 1545 1803 de
1577 1774 1679 1817 qua-

290 1855 365 1898 que
394 1855 438 1883 re
470 1847 703 1890 asseveret,
735 1842 913 1881 maxumi
939 1847 1093 1890 autem,
1127 1854 1245 1895 quem
1277 1840 1329 1881 ad
1360 1840 1521 1882 modum
1552 1853 1679 1895 quae-

373 1974 435 2001 207.
472 1973 646 2007 [secundum
666 1972 843 2006 Philippum
863 1973 889 1997 ct
910 1971 1082 2006 Caesarem]
1104 1973 1169 1997 sine
1190 1972 1284 1998 uncis.
1301 1985 1335 1990 -
1360 1970 1397 1996 ab
1418 1970 1479 2004 his]
1501 1972 1535 1996 ab
1555 1972 1601 1997 iis.

377 2085 457 2118 ⁴207,
505 2084 681 2129 Scriptis]
706 2082 922 2116 scribendis
942 2082 1138 2115 Lambinus
1156 2082 1333 2126 speciose.
1370 2081 1468 2115 Dicit
1490 2082 1535 2115 ad
1555 2082 1678 2116 lectio-

288 2152 369 2175 nem
387 2151 513 2174 recens
532 2141 742 2184 scriptarum
761 2140 952 2173 admissum
968 2150 1018 2172 se.
1033 2157 1080 2163 —
1106 2138 1213 2182 levis]
1232 2139 1283 2171 sic
1298 2137 1363 2183 Lg.
1380 2149 1516 2179 omnes,
1541 2137 1629 2172 Ven.
1644 2138 1677 2172 2.

290 2196 363 2233 Ott.
397 2197 463 2231 Gn.
491 2198 519 2231 l.
547 2196 602 2230 ed.
630 2208 682 2241 pr.

381 2252 495 2287 LVll.
546 2252 818 2299 eatpctebatur]
844 2249 1152 2297 coespcctabatur,
1169 2249 1237 2283 Gn.
1264 2251 1292 2283 l.
1320 2249 1375 2283 ed.
1399 2260 1451 2294 pr.
1476 2267 1521 2272 -—
1563 2247 1679 2282 Cotta

290 2312 341 2354 el]
374 2314 411 2343 et
444 2321 513 2343 om.
539 2309 604 2353 Lg.
631 2309 661 2342 S.
688 2308 742 2342 51.
768 2307 822 2341 56.
849 2308 903 2342 58.
932 2307 987 2341 eil.
1015 2318 1068 2351 pr.
1119 2309 1239 2339 eliam.
1264 2305 1330 2350 Lg.
1359 2305 1411 2339 70.
1440 2325 1484 2329 --
1525 2309 1680 2350 expele-

292 2367 446 2409 banlur]
471 2365 804 2411 «ntus-pectamur(m·
827 2363 892 2408 Lg.
910 2364 963 2396 ⁸20.
1012 2363 1205 2396 Lambinus
1231 2362 1444 2406 interposuit
1469 2361 1679 2394 Secundum

291 2423 523 2470 Philippum
543 2427 580 2455 ct
603 2422 834 2460 suas-arem,
862 2419 1025 2465 profecto
1051 2419 1141 2452 hand
1169 2420 1302 2463 inepte.
1342 2418 1484 2452 Clarum
1506 2422 1559 2450 est
1586 2417 1679 2450 enim

291 2480 453 2515 ordinem
490 2486 670 2512 oratorum
703 2476 1004 2511 recensenilorum
1040 2487 1119 2508 eum
1146 2475 1331 2508 observari
1365 2486 1385 2506 a
1410 2474 1605 2515 Cicerone,
1641 2479 1679 2507 ut

291 2537 406 2581 primo
427 2536 509 2569 loco
536 2535 765 2568 nobilissimis
787 2532 976 2566 nominatis
996 2531 1234 2564 descendatur
1260 2531 1303 2564 ad
1325 2529 1570 2576 ignobiliores.
1609 2529 1679 2563 Mi-

293 2595 385 2627 nime
409 2592 513 2637 igitur
539 2592 709 2625 convenit
726 2591 868 2624 Cottam
894 2594 925 2622 et
948 2588 1143 2631 Sulpicium
1167 2587 1333 2620 laudibus
1359 2598 1465 2630 supra
1487 2586 1678 2620 Caesarem

293 2656 327 2683 et
356 2648 560 2693 Philippum
595 2646 743 2687 efferre,
778 2646 903 2690 quibus
937 2644 1032 2677 hand
1063 2643 1170 2676 dubie
1199 2648 1321 2677 essent
1351 2642 1553 2676 inferiores.
1608 2641 1679 2674 Re-

293 2706 380 2739 tinui
415 2706 542 2749 igitur,
577 2704 642 2738 sed
672 2703 802 2738 seclusi
836 2714 858 2736 a
882 2699 1141 2737 Ciceronianis.
1180 2711 1215 2735 ν.
1241 2699 1303 2741 47,
1333 2699 1408 2733 173.
1446 2697 1490 2733 cs.
1513 2697 1576 2740 50,
1602 2696 1678 2733 180.
