1835 3126
305 228 421 286 318
822 235 1169 279 emenonis

306 351 413 392 enim
437 358 568 401 genus
592 344 695 386 illud
718 345 881 387 dicendi
906 348 1161 388 auctoritatis
1175 346 1356 389 habebat
1370 360 1526 403 parum,
1549 352 1687 389 tamen

304 432 439 482 aptum
484 436 578 465 esse
618 425 744 465 aetati
779 423 1015 466 videbatur:
1061 430 1100 465 et
1138 431 1268 474 certe,
1314 426 1422 480 quod
1463 432 1503 468 et
1544 426 1687 479 ingeni

303 503 507 559 quaedam
544 501 678 543 forma
709 500 876 544 lucebat
913 508 951 543 et
989 502 1229 543 exercitatio
1267 502 1452 557 perfecta
1482 510 1571 546 erat
1595 516 1687 545 ver-

246 609 253 615 ·
301 582 527 636 horumque
566 580 737 621 astricta
779 578 1112 636 comprehensio,
1149 592 1349 621 summam
1378 579 1585 623 hominum
1615 580 1689 623 ad-

302 661 561 702 mirationem
586 657 804 700 excitabat.
852 656 938 700 Sed
965 671 1055 700 cum
1078 659 1161 699 iam
1186 657 1367 700 honores
1392 664 1431 700 et
1453 657 1529 699 illa
1549 660 1690 701 senior

303 740 528 781 auctoritas
567 737 736 791 gravius
778 736 972 792 quiddam
1011 738 1259 792 requireret,
1303 735 1545 778 remanebat
1580 735 1690 777 idem

301 829 379 858 nec
422 814 597 857 decebat
638 814 769 865 idem3
813 814 1002 870 quodque
1050 815 1387 857 exercitationem
1433 813 1690 869 studiumque

302 895 532 941 dimiserat,
563 893 672 948 quod
702 894 744 934 in
774 905 824 935 eo
856 893 991 935 suerat
1022 905 1297 943 acerrumum,
1330 893 1586 935 concinnitas
1615 891 1692 933 illa

303 972 585 1027 crebritasque
611 972 905 1015 sententiarum
927 972 1103 1027 pristina
1126 970 1338 1021 manebat,
1370 971 1444 1013 sed
1468 983 1520 1012 ea
1543 970 1694 1012 vestitu

302 1050 376 1092 illo
412 1049 636 1100 orationis,
667 1062 746 1104 quo
778 1056 1016 1099 consuerat,
1054 1056 1202 1092 ornata
1225 1063 1308 1092 non
1338 1056 1438 1091 erat.
1497 1047 1587 1091 Hoc
1614 1047 1690 1090 tihi

303 1128 397 1176 ille,
435 1126 580 1176 Brute,
620 1128 753 1168 minus
790 1127 970 1170 fortasse
1003 1127 1176 1183 placuit,
1219 1141 1339 1183 quam
1369 1127 1617 1183 placuisset,
1654 1126 1690 1167 si

302 1205 417 1246 illum
456 1203 699 1258 flagrantem
743 1205 877 1246 studio
909 1212 947 1246 et
977 1204 1189 1247 florentem
1218 1205 1414 1248 facultate
1446 1205 1588 1247 audire
1618 1217 1692 1260 po-

298 1285 466 1326 tuisses.

414 1357 561 1401 XCVI.
603 1357 697 1400 328.
736 1357 842 1400 Tum
871 1357 1043 1408 Brutus,
1072 1356 1163 1413 Ego
1193 1371 1311 1407 vero,
1342 1360 1488 1414 inquit,
1529 1365 1569 1401 et
1596 1361 1690 1409 ista,

303 1452 408 1495 quae
435 1438 562 1488 dicis,
586 1437 709 1480 video
737 1437 879 1493 qualia
906 1438 986 1479 sint
1017 1443 1055 1479 et
1079 1435 1342 1480 Hortensium
1374 1450 1566 1493 magnum
1595 1450 1690 1480 ora-

301 1610 392 1644 baec
416 1607 578 1653 pluribus
603 1605 861 1651 displicuerunt
891 1616 959 1640 nec
986 1604 1294 1648 desiderarentur,
1330 1605 1359 1640 si
1388 1605 1566 1640 abessent.
1615 1603 1692 1638 Sed

300 1666 395 1700 bene
429 1663 604 1698 intellexit
633 1661 852 1707 Bernhardy
886 1662 1035 1696 retineri
1070 1674 1199 1708 posse,
1235 1663 1317 1696 dum
1353 1661 1598 1707 superioribus
1630 1660 1693 1694 ad·

302 1723 489 1767 iungantur
515 1725 550 1753 et
574 1719 790 1753 vocabulum
816 1718 1042 1754 adolescens
1066 1718 1302 1754 subtrahatur.
1351 1719 1412 1752 Sic
1435 1718 1541 1764 igitur
1565 1716 1634 1751 feci
1656 1722 1692 1750 et

300 1778 404 1812 simul
438 1776 545 1822 paulo
578 1775 718 1821 longius
750 1775 906 1821 produxi
937 1775 965 1821 ἓ.
991 1775 1077 1819 326,
1107 1787 1153 1810 ne
1183 1775 1405 1810 divideretur
1431 1774 1620 1809 sententia.
1646 1792 1691 1799 -

300 1834 418 1879 volyi]
446 1833 496 1866 sic
520 1832 587 1877 Lg.
607 1831 661 1866 58.
688 1831 742 1868 70.
777 1830 902 1868 ottob.

394 1922 471 1956 3²27.
522 1924 559 1954 et
585 1920 732 1965 ingeni]
766 1924 803 1954 et
827 1931 896 1956 om.
924 1920 990 1955 Gu.
1015 1921 1043 1955 l.
1094 1924 1225 1967 inqeni
1249 1921 1315 1966 Lg.
1334 1921 1366 1955 S.
1391 1920 1447 1954 35.
1472 1921 1527 1955 51.
1554 1920 1609 1955 53.
1635 1919 1690 1955 70.

300 1980 391 2014 Ven.
408 1978 438 2012 l.
452 1978 483 2011 2.
502 1996 548 2001 —
574 1975 739 2019 lucebat]
769 1975 944 2011 elucebat
966 1976 1091 2011 Lamb.
1141 1976 1231 2010 Illud
1253 1977 1415 2021 gravius;
1442 1976 1541 2019 qnasi
1560 1975 1692 2009 lumine

302 2034 454 2080 quodam
474 2043 539 2066 suo
560 2031 893 2076 exsplendescebat.
910 2053 955 2056 —
981 2035 1267 2067 exercitatione
1280 2031 1519 2079 perfectum]
1545 2034 1690 2066 exerci-

302 2094 401 2126 tatio
426 2088 531 2136 perf.
559 2087 614 2121 ed.
637 2098 712 2131 plu,
738 2088 836 2131 quod
860 2089 997 2132 recepit
1014 2089 1233 2133 Bernhardy
1263 2088 1428 2122 editionis
1450 2086 1690 2132 Meyerianae

301 2147 511 2181 moderator
530 2155 723 2189 perperam
740 2143 933 2178 immissum
956 2148 993 2178 et
1012 2149 1095 2190 post
1112 2143 1264 2178 lucebat
1281 2144 1483 2177 arbitratus.
1518 2144 1565 2177 At
1583 2155 1690 2178 nemo

302 2203 415 2238 nescit
447 2206 485 2235 et
515 2200 659 2234 minime
692 2211 836 2245 semper
862 2205 1080 2235 connectere
1110 2199 1271 2235 membra
1294 2200 1373 2245 pari
1399 2199 1571 2245 dignitate
1596 2211 1691 2234 com-

301 2260 421 2306 posita
453 2256 711 2303 (coordinirte
744 2255 945 2299 Glieder),·
982 2258 1067 2302 quin
1100 2257 1171 2291 (luo
1207 2260 1245 2290 et
1275 2266 1387 2301 saepe
1419 2255 1590 2299 deinceps
1626 2267 1690 2300 po-

301 2321 451 2357 nuntur,
478 2324 628 2359 quorum
649 2313 747 2358 prius
773 2313 946 2348 inferiora
969 2314 1165 2359 subiungit,
1191 2313 1341 2347 alterum
1365 2312 1568 2346 sententiae
1592 2317 1691 2345 ante-

302 2372 444 2407 cedenti
464 2382 508 2404 ex
526 2369 664 2404 duobus
680 2370 848 2404 membris
868 2371 1090 2415 compositae
1107 2380 1241 2404 novam
1257 2368 1366 2403 addit.
1400 2368 1520 2412 Supra
1534 2367 1591 2409 91,
1604 2367 1689 2401 314:

302 2429 372 2463 scd
402 2439 493 2462 cum
523 2437 718 2461 censerem
748 2428 978 2461 remissione
1010 2431 1048 2460 et
1077 2425 1351 2460 moderatione
1381 2427 1488 2459 vocis
1520 2427 1558 2457 et
1590 2435 1690 2458 com-

301 2489 451 2520 mutato
477 2494 613 2529 (seuere
634 2482 795 2517 dicendi
817 2494 880 2516 me
896 2504 941 2507 —
958 2486 1080 2518 vitare
1098 2494 1219 2529 posse
1238 2485 1301 2516 &a
1339 2479 1580 2526 opponuntur
1599 2480 1692 2513 inter

301 2554 342 2578 se
366 2541 435 2576 secl
458 2559 503 2564 -
525 2541 632 2573 vocis
665 2543 699 2572 et
725 2543 762 2573 et
787 2560 831 2564 —
857 2540 1036 2580 dicendi;
1068 2541 1166 2585 prius
1191 2544 1310 2572 autem
1334 2537 1529 2571 membrum
1556 2536 1628 2570 alio
1653 2540 1691 2569 et

301 2600 337 2633 in
372 2597 443 2631 duo
477 2596 588 2629 incisa
619 2594 771 2629 divisum
803 2601 867 2630 est.
916 2597 975 2631 De
999 2594 1064 2632 Or.
1093 2595 1133 2632 Π.
1160 2596 1224 2638 21,
1247 2594 1311 2628 88:
1350 2595 1530 2629 oratione
1558 2596 1691 2627 autem

303 2654 422 2690 celeri
441 2657 479 2686 et
500 2653 718 2693 concitata,
746 2652 851 2697 qnod
867 2658 954 2688 erat
973 2655 1125 2700 inqem‘,
1154 2657 1191 2687 et
1207 2650 1333 2686 verbis
1353 2648 1691 2695 effervescentibus

305 2715 342 2745 et
362 2709 482 2757 paulo
502 2711 668 2743 nimium
687 2708 1017 2753 redundantibus,
1042 2710 1147 2756 quod
1168 2713 1253 2743 erat
1273 2709 1428 2743 aetatis.
1478 2706 1691 2741 Sententiae

304 2772 385 2801 sunt
416 2768 596 2802 (macione
618 2786 664 2793 -—
689 2768 858 2813 inqenz‘z‘,
896 2773 933 2803 et
964 2773 1001 2803 el
1032 2765 1162 2802 verbis
1186 2785 1230 2791 —-
1254 2766 1424 2805 aetatis,-
1457 2767 1540 2799 sunt
1572 2766 1689 2796 autem
