1835 3126
269 157 385 237 124
479 185 675 230 BREVIS
706 185 1099 239 ELOQUENTIAE
1130 186 1264 231 ROM.
1296 186 1438 230 HIST.

267 302 471 354 aequalem
511 300 549 337 G.
589 300 782 337 Curionem
817 301 937 341 verbo
973 303 1233 342 transmittere
1273 302 1376 341 licet.
1434 301 1470 340 Is
1509 314 1651 341 summo

267 369 422 419 ingenio
453 365 651 419 praeditus
679 378 703 404 a
723 366 850 417 prima
873 367 1136 407 adolescentia
1160 370 1199 408 in
1223 370 1324 409 omni
1347 380 1491 419 genere
1514 369 1650 420 probri

265 435 459 476 volutatus
486 444 567 472 rem
595 431 791 483 publicam
819 433 1011 480 turbavit,
1041 433 1108 472 sed
1137 446 1207 473 nec
1237 435 1286 474 ad
1311 435 1466 474 laudem
1492 435 1652 474 maturi-

264 502 354 543 tatis
384 493 583 540 oratoriae
610 499 786 550 pervenit
813 510 884 537 nec
914 499 1048 550 scripti
1078 501 1283 551 quicquam
1311 502 1482 553 reliquit.

380 568 480 607 Gens
526 565 665 606 Caelia
708 565 861 604 summis
908 566 1120 604 honoribus
1164 566 1296 605 functa
1338 580 1415 606 non
1461 572 1519 607 est
1563 571 1652 605 ante

266 634 309 675 C.
338 633 513 675 Caelium
543 632 705 672 Caldum
735 632 931 672 consulem
962 643 1046 671 cum
1077 631 1147 672 Cn.
1176 633 1345 672 Domitio
1377 646 1411 672 a.
1443 635 1545 680 6603
1585 632 1654 671 sed

264 702 376 740 huius
406 700 575 746 familia,
607 700 715 738 cuius
740 699 854 738 etiam
882 698 984 750 apud
1010 699 1236 739 Ciceronem
1260 700 1415 750 saepius
1437 699 1577 737 mentio
1600 698 1654 746 fit,

265 780 350 807 cum
381 767 515 807 Caelio
555 771 713 805 oratore
751 766 861 804 nulla
899 767 1133 816 cognatione
1160 766 1292 805 iuncta
1321 765 1405 804 suit.
1463 767 1522 802 M.
1555 764 1655 802 enim

267 835 412 872 Caelius
435 834 561 880 Rufus
586 838 697 884 patre
720 833 848 884 equite
867 833 1063 881 Romano,
1093 834 1159 885 qui
1181 832 1354 873 Puteolis
1376 831 1656 882 negotiaretur,

265 901 417 952 genitus
449 905 506 938 est
533 899 665 939 eodem
689 912 763 951 quo
792 899 834 940 C.
859 900 1032 939 Licinius
1057 900 1200 940 Calvus
1226 911 1346 946 anno,
1379 899 1447 938 Cn.
1473 897 1654 937 Carbone

263 969 416 1007 tertium
447 972 483 1005 et
507 965 548 1006 C.
571 966 704 1006 Mario
728 965 768 1006 C.
793 966 837 1005 F.
873 967 1114 1015 consulibus,
1146 979 1182 1005 a.
1207 979 1244 1006 u.
1270 968 1350 1005 672
1369 962 1446 1015 (²).
1495 964 1654 1004 Artibus

265 1046 289 1073 a
318 1040 430 1086 patre
451 1034 536 1074 viro
563 1033 808 1073 severissimo
835 1032 1044 1084 diligenter
1076 1033 1248 1072 eruditus
1275 1037 1331 1072 est
1359 1037 1395 1070 et
1425 1030 1653 1069 adolescens

264 1101 315 1139 ad
356 1101 582 1140 Ciceronem
612 1100 645 1137 ὣ
672 1099 730 1138 Μ.
762 1097 944 1138 Crassum
981 1099 1183 1148 deductus,
1224 1110 1386 1150 quorum
1425 1095 1654 1148 disciplinae

264 1172 302 1206 et
338 1167 507 1206 moribus
548 1166 785 1204 insuesceret
811 1162 888 1215 (3).
948 1165 1026 1206 Sed
1055 1166 1182 1205 forma
1213 1165 1390 1217 corporis
1422 1163 1564 1202 eximia
1592 1162 1652 1200 in-

264 1234 379 1284 genio
406 1233 581 1271 mutabili
608 1238 643 1271 et
665 1232 775 1271 facili
807 1232 857 1271 ad
882 1233 977 1273 vitia
1003 1232 1220 1284 praeditus,
1252 1244 1335 1271 cum
1362 1235 1450 1269 ante
1472 1230 1654 1270 Ciceroni

264 1300 502 1340 consulatum
531 1300 678 1350 petenti
709 1298 877 1337 dedisset
907 1311 1085 1350 operam,
1124 1311 1213 1338 mox
1244 1299 1452 1339 Catilinam
1480 1296 1654 1336 libidini-

262 1368 333 1405 bus
361 1367 394 1405 85
430 1366 586 1404 luxuria
623 1365 889 1403 adolescentes
926 1364 1000 1403 sibi
1037 1366 1305 1417 pignerantem
1337 1370 1549 1403 assectatus
1582 1368 1651 1402 est.

262 1431 413 1471 Deinde
461 1444 544 1470 cum
587 1431 632 1479 Q.
672 1432 857 1482 Pompeio
901 1438 1177 1482 propraetore,
1224 1443 1335 1482 quem
1372 1431 1652 1469 sanctissimum

262 1499 383 1539 virum
414 1498 505 1536 dicit
535 1497 672 1536 Cicero
691 1494 778 1546 (⁴),
809 1497 848 1535 in
874 1497 1011 1536 Africa
1039 1497 1123 1537 suit.
1181 1497 1275 1536 Inde
1303 1508 1482 1536 reversus
1508 1496 1549 1535 C.
1571 1498 1652 1535 An-

261 1566 367 1604 tonio
407 1564 605 1603 consulari
640 1563 793 1602 homine
833 1564 1054 1615 turpissimo
1087 1563 1305 1603 accusando
1335 1564 1499 1616 primum
1533 1562 1651 1602 docu—

262 1637 427 1671 mentum
463 1631 672 1671 voluntatis
713 1631 753 1668 in
785 1642 865 1669 rem
896 1631 1091 1683 publicam
1121 1631 1237 1670 dedit.
1297 1630 1550 1679 Quaestorem
1580 1631 1652 1669 etsi

260 1700 422 1749 Pighius
456 1711 492 1737 a.
523 1698 604 1737 697
645 1697 766 1736 fuisse
803 1698 903 1746 vult,
945 1698 1119 1749 equidem
1151 1699 1250 1737 hunc
1279 1698 1546 1748 magistratum
1574 1708 1651 1735 non

261 1771 349 1804 ante
377 1764 601 1816 Pompeium
631 1764 665 1803 gc
696 1763 876 1803 Crassum
906 1765 1110 1804 secundum
1140 1765 1316 1805 consules
1346 1765 1395 1803 ab
1427 1776 1472 1803 eo
1503 1769 1652 1815 gestum

262 1831 503 1872 crediderim.
548 1830 652 1869 Inter
682 1837 929 1882 quaesturam
953 1837 989 1871 et
1013 1833 1247 1871 tribunatum
1271 1843 1371 1870 anno
1396 1833 1476 1870 702
1500 1835 1650 1881 gestum

260 1899 463 1938 interiecta
489 1897 641 1937 videtur
664 1898 790 1936 altera
813 1899 1009 1937 accusatio
1034 1899 1178 1946 Caelii,
1210 1911 1286 1949 qua
1307 1899 1354 1937 L.
1382 1898 1649 1948 Sempronium

260 1966 477 2005 Atratinum
504 1969 713 2015 praeturae
745 1964 989 2003 candidatum
1020 1964 1067 2003 de
1098 1966 1242 2004 ambitu
1270 1976 1376 2003 reum
1406 1963 1509 2002 fecit.
1569 1962 1648 2003 Sed

261 2044 351 2071 mox
388 2032 437 2070 ab
467 2032 578 2070 huius
611 2030 692 2070 filio
724 2032 957 2071 subornante
987 2031 1129 2072 Clodia
1158 2032 1250 2071 olim
1280 2043 1304 2070 a
1334 2042 1375 2069 se
1405 2035 1534 2068 amata
1563 2030 1648 2080 ipse

260 2099 308 2138 de
343 2099 382 2138 vi
413 2104 449 2137 et
476 2097 661 2138 veneficio
690 2098 906 2149 postulatus
939 2103 1012 2136 est:
1051 2103 1186 2137 contra
1219 2110 1333 2148 quam
1363 2097 1648 2135 accusationem

260 2170 297 2204 et
326 2166 409 2216 ipse
438 2174 481 2203 vse
511 2164 681 2203 defendit
711 2169 748 2202 et
771 2163 996 2204 Ciceronem
1024 2170 1230 2217 patronum
1258 2164 1410 2213 habuit,
1440 2165 1546 2204 cuius
1577 2176 1648 2204 cx-

260 2324 296 2351 et
321 2318 366 2350 ad
387 2316 448 2351 Iul.
469 2316 589 2351 Rufin.
617 2328 651 2361 p.
671 2317 747 2351 211.
774 2324 809 2351 et
834 2318 959 2352 confer
972 2319 1146 2352 mendose
1163 2319 1297 2363 scripta
1316 2319 1410 2363 apud
1430 2318 1524 2353 Plin.
1540 2318 1582 2353 Η.
1599 2317 1647 2352 N.

260 2373 340 2406 VII.
366 2373 419 2407 49.
463 2373 617 2407 Dionem
651 2374 812 2408 Cassium
836 2373 948 2407 XLII.
974 2374 1030 2409 2⁶2.
1066 2377 1097 2408 <sc
1128 2375 1329 2420 Appianum
1365 2375 1524 2419 pluribus
1560 2374 1648 2407 locis

261 2429 342 2463 libri
369 2430 514 2463 secundi
541 2430 585 2463 de
613 2430 711 2464 bello
736 2430 844 2465 civili.
897 2429 1054 2464 Caelius
1088 2443 1131 2465 an
1163 2431 1318 2465 Coelius
1345 2430 1573 2464 scribendum
1602 2430 1647 2463 sit

260 2486 432 2519 incertum
459 2492 528 2523 est:
566 2486 610 2520 de
644 2487 756 2521 numis
787 2499 823 2521 v.
852 2486 991 2530 Zumpt.
1027 2487 1071 2520 ad
1097 2487 1201 2522 Verr.
1231 2488 1358 2521 Aecus.
1384 2486 1444 2519 IV.
1471 2486 1534 2528 70,
1560 2485 1647 2527 181„

262 2541 308 2575 de
341 2542 521 2575 codicibus
549 2541 786 2588 Oudendorp.
822 2543 868 2576 ad
892 2542 991 2577 Suet.
1020 2542 1124 2578 Caes.
1149 2544 1204 2578 48.
1253 2543 1311 2578 Ex
1344 2543 1453 2577 titulis
1486 2543 1646 2586 utrisque

260 2599 457 2643 scripturae
472 2599 686 2634 documenta
706 2601 776 2644 peti
790 2604 957 2645 possunt:
978 2611 1012 2633 v.
1027 2605 1150 2633 nostra
1164 2601 1209 2633 ad
1223 2601 1294 2635 Cic.
1312 2600 1356 2634 de
1372 2598 1435 2633 Or.
1452 2598 1475 2632 I.
1491 2598 1552 2640 25,
1570 2598 1643 2631 117.

353 2654 389 2694 2)
419 2654 513 2690 Plin.
532 2655 574 2688 II.
591 2655 637 2692 N.
655 2656 732 2692 VII.
753 2657 808 2694 49.
925 2655 962 2699 3)
990 2655 1063 2690 Cic.
1085 2655 1183 2690 Cael.
1200 2657 1232 2692 4.
1268 2656 1416 2695 Quintil.
1436 2654 1514 2691 XII.
1535 2653 1594 2695 11,
1610 2653 1642 2687 6.

262 2713 298 2753 4)
325 2710 398 2747 Cic.
424 2710 523 2748 Cael.
549 2711 604 2746 31.

1796 2858 1799 2939 l

1796 2942 1799 3026 J

1796 3027 1804 3126 l
