1835 3126
361 163 579 206 .BREV18
607 163 1004 217 ELOQUENTIAE
1035 167 1171 212 ROM.
1201 169 1343 212 HIST.
1436 168 1555 216 149

161 282 197 319 in
230 291 341 331 quem
365 283 634 328 excurrerent,
666 290 841 331 campum
864 293 941 320 non
965 281 1201 332 invenirent,
1231 283 1554 324 declamationum

158 346 414 386 insulsitatem
459 358 484 384 a
525 351 697 386 veterum
743 348 910 387 sanitate
949 350 1243 390 remotissimam
1283 351 1554 391 increbescere

157 424 314 452 necesse
357 417 441 452 erat
472 410 554 463 (⁶⁴).
613 413 712 452 Hinc
751 425 776 452 a
813 425 991 454 verarum
1022 428 1224 456 causarum
1251 418 1405 458 ratione
1435 418 1554 457 animi

155 479 344 531 paulatim
382 479 481 519 adeo
521 479 794 528 desueverunt,
842 486 884 520 ut
920 482 1083 523 Porcius
1121 484 1264 533 Latro,
1305 485 1370 537 qui
1405 484 1553 537 primus

156 546 255 584 clari
282 547 445 585 nominis
474 546 678 598 professor
708 547 800 595 fuit,
832 559 915 587 cum
945 561 1103 589 causam
1133 556 1312 591 oraturus
1343 563 1392 591 ex
1417 551 1552 603 priva-

154 617 280 652 torum
317 614 508 665 parietum
549 614 740 665 angustiis
778 615 818 654 in
854 615 979 656 lucem
1018 617 1212 657 forensem
1249 617 1447 670 prodiret,
1490 617 1551 657 in-

155 680 323 719 solentia
358 680 436 720 loci
480 686 516 719 et
554 682 736 733 strepitus
776 681 874 722 adeo
907 689 1188 732 exterreretur,
1223 690 1265 724 ut
1293 690 1436 735 rogatu
1467 684 1551 724 eius

154 746 299 786 iudicia
328 748 377 786 ab
407 748 584 798 Augusto
612 748 653 787 in
679 748 934 787 basilicarum
963 751 1093 801 spatia
1122 751 1448 802 compellerentur
1462 747 1551 802 (⁶⁵).

153 813 233 853 Nec
273 815 522 853 recitationes
571 814 620 852 ab
662 814 800 853 Asinio
840 814 1021 854 Pollione
1063 817 1189 867 primo
1237 817 1435 857 institutae
1477 830 1550 857 nec

153 880 440 920 commissiones
467 880 508 919 C.
533 879 716 919 Caesaris
741 891 813 918 nec
838 880 1145 931 quinquennales
1169 881 1252 921 ludi
1276 895 1302 921 a
1322 882 1547 923 Domitiano

152 947 296 986 conditi
318 951 508 998 perpetua
529 944 836 986 versificatorum
852 946 886 985 Sc
903 946 1207 987 declamatorum
1231 949 1396 988 materia
1411 954 1549 989 contra

151 1013 256 1052 mala
283 1013 357 1051 illa
378 1012 580 1053 valebant:
612 1024 637 1052 a
658 1012 916 1053 remediorum
942 1014 1041 1053 enim
1063 1020 1204 1054 natura
1232 1016 1438 1068 plurimum
1458 1016 1549 1068 ipsa

150 1079 346 1119 distabant
361 1076 445 1130 (⁶5).
503 1079 602 1119 Nam
632 1079 698 1131 qui
726 1081 818 1120 novi
845 1080 980 1120 videre
1007 1081 1212 1130 volebant,
1248 1094 1296 1122 ne
1326 1095 1351 1122 a
1379 1082 1547 1122 morosis

147 1146 338 1186 iudicibus
364 1147 697 1199 improbarentur,
738 1147 946 1187 verborum
974 1149 1108 1188 inania
1138 1150 1336 1198 acumina,
1369 1159 1547 1201 exagge-

148 1219 256 1254 ratas
294 1214 525 1262 sementim,
571 1225 748 1254 enervem
788 1216 1105 1267 compositionem
1142 1217 1373 1268 captabant,
1416 1216 1547 1256 omnia

149 1281 303 1321 dicendi
339 1293 487 1332 genera
524 1280 832 1329 confundebant,
878 1283 1081 1334 antiquata
1116 1284 1242 1336 poetis
1283 1294 1471 1324 concessa
1508 1288 1547 1324 et

148 1360 283 1388 recens
319 1360 490 1400 procusa
526 1348 722 1388 vocabula
756 1349 866 1389 iuxta
894 1349 1110 1398 habehant3
1150 1362 1263 1402 quem
1293 1362 1467 1392 errorem
1494 1362 1546 1389 ne

149 1415 285 1455 summi
313 1415 467 1466 quidem
495 1416 571 1455 viri
599 1415 794 1463 nonnulli,
834 1420 876 1455 ut
906 1416 1086 1465 Tacitus,
1117 1417 1363 1468 defugerunt.
1421 1417 1546 1457 Erant

148 1494 243 1522 sane
282 1482 349 1534 qui
378 1482 625 1533 antiquorum
652 1482 813 1521 lectioni
840 1483 1016 1522 innutriti
1042 1484 1139 1524 vitia
1177 1484 1285 1523 illius
1314 1483 1453 1523 aetatis
1482 1484 1544 1523 in·-

146 1550 371 1600 telligerent
409 1554 446 1588 et
484 1554 668 1601 quantum
696 1554 879 1600 poterant
911 1549 1149 1598 devitarent;
1186 1562 1258 1590 nec
1286 1562 1384 1603 opus
1413 1549 1544 1589 multis

144 1616 311 1656 laudare
351 1615 394 1656 G.
426 1616 594 1656 Plinium
631 1620 686 1664 et,
726 1617 792 1668 qui
831 1622 867 1656 et
896 1617 1112 1669 simplicior
1142 1622 1201 1656 est
1232 1622 1269 1657 et
1299 1617 1544 1668 elegantiore

143 1684 307 1731 iudicio,
337 1683 395 1723 M.
424 1683 588 1723 Fabium
611 1682 903 1732 Quintilianum.
953 1684 1004 1722 Hi
1033 1684 1131 1722 enim
1163 1688 1200 1722 et
1228 1684 1366 1722 horum
1395 1683 1543 1722 similes

145 1751 242 1791 solis
279 1751 475 1791 veteribus
513 1755 712 1789 oratorum
749 1761 887 1788 nomen
925 1750 1149 1789 tribuebant
1177 1750 1271 1789 satis
1300 1750 1463 1789 honeste
1494 1748 1542 1789 de

145 1818 377 1871 aequalibus
415 1816 630 1856 existimari
666 1821 868 1868 putantes,
908 1817 942 1855 si
972 1816 1110 1855 diserti
1139 1821 1177 1855 et
1205 1815 1394 1856 causidici
1420 1827 1541 1856 voca.-

143 1891 278 1928 rentur
298 1881 384 1935 (⁶⁷).
443 1883 616 1932 Quorum
643 1883 924 1923 vocabulorum
952 1883 1149 1935 posterius
1178 1883 1218 1922 in
1246 1883 1382 1935 primis
1407 1894 1542 1924 verum

143 1958 220 2002 est,
252 1964 337 1992 cum
368 1956 527 2004 praeter
553 1950 700 1990 iudicia
729 1950 884 2002 privata
913 1955 950 1990 et
979 1950 1249 1990 accusationes
1273 1949 1541 1989 defensiones-

143 2032 218 2074 que
256 2018 360 2072 apud
388 2023 563 2058 senatum
595 2018 766 2069 agitatas
806 2017 904 2057 nihil
935 2017 1158 2057 oratoribus
1192 2016 1381 2056 materiae
1416 2016 1539 2056 relin-

142 2092 339 2142 queretur.
407 2084 486 2125 Sed
522 2097 616 2136 pars
654 2090 853 2124 oratorum
886 2084 994 2124 illius
1034 2084 1173 2123 aetatis
1212 2084 1333 2134 longe
1368 2084 1539 2123 maxima

144 2156 223 2195 suis
266 2153 449 2193 laudibus
492 2151 707 2190 insolenter
749 2150 1024 2202 praedicandis
1068 2151 1182 2188 unice
1217 2150 1355 2188 intenti
1391 2153 1540 2188 tantum

145 2223 328 2268 aberant,
364 2223 407 2257 ut
445 2229 487 2256 se
518 2217 686 2267 antiquis
715 2215 854 2255 cedere
887 2216 1122 2263 faterentur,
1159 2220 1201 2254 ut
1229 2215 1305 2254 soli
1335 2219 1447 2254 acute
1476 2215 1539 2254 in-

140 2289 274 2330 venire
312 2286 515 2335 eleganter
548 2282 679 2333 eloqui
718 2281 928 2321 artificiose
958 2293 1189 2334 componere
1226 2286 1386 2321 venuste
1416 2293 1539 2332 agere

143 2357 219 2396 sibi
248 2353 489 2398 viderentur,
527 2354 677 2390 veteres
706 2349 927 2389 inventione
956 2350 1109 2401 ineptos
1139 2348 1358 2388 enarrando
1385 2348 1535 2388 otiosos

143 2423 272 2463 verbis
316 2417 498 2460 horridos
542 2416 820 2469 compositione
862 2416 1015 2456 hiulcos
1058 2416 1212 2456 actione
1256 2415 1456 2456 obsoletos
1496 2420 1535 2457 et

236 2583 298 2626 64)
325 2582 383 2617 De
397 2582 600 2618 discrimine
616 2583 791 2618 orationis
809 2589 845 2618 et
861 2582 1131 2618 declamationis
1145 2594 1181 2617 v.
1197 2581 1281 2617 dial.
1297 2581 1343 2616 de
1356 2585 1461 2616 oratt.
1474 2580 1531 2616 35.

143 2640 323 2674 Senecam
338 2640 460 2675 Contr.
479 2639 506 2675 1.
530 2653 565 2686 p.
583 2639 638 2676 61.
655 2638 740 2685 Bip.
767 2638 829 2674 lV.
847 2650 1009 2686 prooem.
1125 2638 1184 2682 65)
1213 2638 1337 2676 Quint.
1351 2637 1396 2676 X.
1416 2637 1456 2680 5,
1476 2636 1529 2672 18,

138 2695 198 2740 66)
225 2695 322 2730 Suet.
348 2696 459 2743 Calig.
485 2696 540 2732 53.
656 2696 717 2740 67)
742 2695 837 2731 Dial.
864 2696 908 2731 de
934 2699 1038 2731 oratt,
1064 2693 1088 2730 Ι.
1116 2693 1168 2732 14.
1193 2693 1248 2733 38.
