1835 3126
269 108 400 161 264
792 103 1139 149 CICERONIS

271 230 436 267 eorum,
481 227 585 270 quos
628 215 671 256 in
709 214 869 272 Sulpici
914 223 1047 259 aetate
1090 216 1232 273 posui,
1276 226 1487 257 numerum
1531 212 1657 256 facile

270 298 540 352 pervenerat3
577 298 616 334 et
647 305 745 334 suos
775 294 881 334 inter
911 294 1101 348 aequalis
1130 293 1189 336 M.
1219 293 1414 336 Pisonem
1443 291 1502 334 M.
1535 290 1662 333 Cras-

272 385 363 415 sum
407 369 480 413 Cn.
511 369 730 412 Lentulum
766 369 811 411 P.
843 368 1061 411 Lentulum
1091 368 1240 412 Suram
1277 371 1401 425 longe
1439 370 1665 427 praestitit3

273 456 315 493 et
358 463 422 492 me
462 448 771 490 adolescentem
807 454 952 490 nactus
991 454 1082 490 octo
1123 448 1242 488 annis
1281 450 1499 498 minorem,
1544 459 1665 503 quam

275 534 367 570 erat
396 529 505 583 ipse,
536 526 686 568 multos
711 538 842 568 annos
865 527 908 566 in
932 525 1066 567 studio
1092 524 1279 566 eiusdem
1302 524 1440 566 laudis
1464 525 1668 574 exercuit3

277 611 319 647 et
348 612 482 647 tecum
513 604 656 654 simul,
696 605 802 646 sicut
832 617 911 658 ego
942 616 1015 660 pro
1047 602 1205 653 multis,
1237 603 1299 644 sic
1329 602 1401 644 ille
1431 615 1505 657 pro
1534 601 1668 658 Appio

279 681 455 725 Claudio
487 683 588 724 dixit
615 681 739 739 paulo
773 688 866 724 ante
898 688 1080 724 mortem.

391 758 523 803 LXV.
559 761 656 802 231.
698 759 825 802 Vides
864 761 1008 814 igitur,
1049 764 1091 801 ut
1121 757 1175 800 ad
1202 763 1242 799 te
1274 762 1499 805 oratorem,
1534 753 1672 804 Brute,

278 840 588 894 pervenerimus
625 846 709 880 tam
746 838 883 880 multis
922 839 1029 879 inter
1068 842 1253 879 nostrum
1291 842 1481 890 tuumque
1512 834 1671 875 initium

281 916 446 958 dicendi
472 917 725 972 interpositis
752 916 1009 958 oratoribus:
1040 928 1091 957 ex
1115 913 1284 969 quibus,
1314 915 1507 968 quoniam
1530 912 1573 952 in
1595 909 1675 953 hoc

281 1008 473 1037 sermone
503 1001 646 1037 nostro
679 995 801 1036 statui
831 994 1035 1035 neminem
1067 1004 1230 1041 eorum,
1270 992 1335 1045 qui
1367 992 1570 1038 viverent,
1600 1000 1676 1030 no-

282 1074 466 1121 minare,
505 1085 558 1113 ne
594 1085 671 1115 vos
707 1072 914 1114 curiosius
944 1070 1153 1112 eliceretis
1185 1082 1236 1110 ex
1266 1081 1328 1110 me
1365 1068 1462 1123 quid
1493 1067 1542 1108 de
1575 1079 1676 1121 quo-

284 1162 362 1205 que
396 1148 646 1199 iudicarem,
677 1162 750 1190 eos
784 1150 851 1203 qui
882 1150 965 1189 iam
997 1154 1089 1189 sunt
1118 1147 1265 1188 mortui
1288 1145 1523 1188 nominabo.
1569 1143 1675 1185 Tum

282 1225 457 1277 Brutus,
495 1225 589 1268 Non
627 1232 712 1275 est,
750 1226 903 1280 inquit,
942 1226 1024 1266 ista
1060 1236 1211 1273 causa,
1250 1235 1371 1278 quam
1412 1222 1517 1264 dicis
1555 1234 1676 1276 quam

286 1304 338 1347 ob
370 1317 456 1345 rem
488 1304 537 1346 de
569 1305 650 1353 eis,
688 1305 757 1359 qui
785 1304 943 1352 vivunt,
977 1301 1080 1343 nihil
1109 1301 1216 1343 velis
1247 1301 1399 1343 dicere.
1460 1297 1677 1350 Quaenam

284 1381 431 1435 igitur,
469 1383 657 1437 inquam,
698 1385 788 1424 est‘}
844 1380 992 1422 Vereri
1024 1387 1085 1430 te,
1118 1381 1266 1435 inquit,
1303 1378 1481 1420 arbitror
1516 1390 1567 1418 ne
1605 1389 1679 1432 per

284 1472 363 1501 nos
401 1458 469 1501 hic
511 1473 646 1502 sermo
687 1466 779 1502 tuus
811 1464 974 1501 emanet
1004 1464 1043 1500 et
1082 1459 1111 1500 ii
1136 1457 1211 1499 tibi
1242 1462 1534 1505 succenseant,
1576 1466 1679 1510 quos

283 1539 565 1593 praeterieris.
625 1537 760 1589 Quid?
799 1551 897 1588 vos,
941 1538 1126 1592 inquam,
1163 1543 1303 1578 tacere
1345 1548 1428 1576 non
1465 1533 1680 1590 poteritis?

283 1613 373 1657 Nos
416 1615 604 1671 quidem,
648 1617 800 1671 inquit,
842 1615 1074 1657 facillume:
1121 1613 1195 1656 sed
1238 1621 1376 1655 tamen
1418 1618 1457 1654 te
1504 1610 1683 1652 arbitror

284 1692 413 1734 malle
444 1695 577 1749 ipsum
606 1700 746 1735 tacere
778 1705 900 1748 quam
929 1693 1248 1734 taciturnitatem
1276 1697 1460 1732 nostram
1491 1689 1680 1745 experiri.

285 1770 383 1813 232.
423 1769 529 1811 Tum
559 1784 664 1824 ego,
703 1769 810 1812 Vere
841 1770 936 1820 tibi,
979 1771 1168 1825 inquam,
1209 1768 1355 1819 Brute,
1388 1768 1532 1809 dicam.
1590 1765 1683 1808 Non

285 1860 352 1889 me
393 1832 626 1890 eisstimavi
667 1848 710 1889 in
743 1846 822 1890 hoc
861 1860 1050 1889 sermone
1092 1860 1222 1902 usque
1265 1846 1318 1889 ad
1357 1845 1465 1888 hanc
1505 1851 1681 1887 aetatem

289 1991 375 2025 item
402 1990 495 2026 Ven.
519 1991 552 2026 1.
590 1992 673 2026 Vat.
709 1990 776 2025 Gn.
804 1991 834 2025 l.
867 2009 913 2017 »-
959 1989 1130 2038 Sulpici]
1164 1990 1215 2025 sic
1248 1989 1315 2035 Lg.
1353 1995 1500 2035 praeter
1531 1989 1584 2023 20.
1615 1989 1683 2031 56„

288 2049 374 2082 item
408 2048 499 2082 Ven.
526 2049 556 2083 l.
581 2066 626 2073 ·—-
665 2046 859 2091 aequalis]
897 2045 959 2091 Lg.
998 2053 1145 2091 praeter
1169 2046 1224 2080 35.
1265 2046 1358 2080 Ven.
1388 2047 1416 2080 l.
1450 2064 1495 2069 -—
1536 2045 1682 2089 stadio]

289 2104 422 2138 stadio
445 2103 662 2146 Lambinus,
688 2103 732 2136 de
750 2102 846 2136 Rivii
871 2102 1098 2144 coniectura,
1125 2112 1228 2145 quain
1253 2102 1494 2134 recentiorum
1520 2101 1684 2145 plerique

290 2165 497 2205 sequuntur.
546 2160 650 2194 Male
674 2159 805 2193 sactum
829 2164 1013 2204 putamus:
1040 2170 1075 2193 v.
1095 2157 1234 2203 Explic.
1262 2157 1348 2191 adl.
1375 2158 1419 2192 de
1439 2157 1503 2193 Or.
1525 2159 1587 2200 32,
1610 2160 1685 2202 147,

383 2226 498 2262 LXV.
546 2227 625 2262 231.
676 2226 883 2268 eliceretis]
910 2226 1107 2271 elz‘sseretz‘s
1133 2223 1196 2269 Lg.
1223 2231 1369 2269 praeter
1388 2225 1444 2261 20.
1466 2225 1520 2260 53.
1544 2226 1598 2261 68.
1619 2227 1686 2269 70„

292 2283 386 2318 Ven.
414 2285 444 2318 1.
479 2283 562 2318 Vat.
599 2283 667 2318 Gu.
691 2284 721 2317 l.
743 2301 790 2309 e—
828 2281 876 2314 de
903 2285 959 2316 eis
986 2282 1067 2326 qui]
1097 2281 1144 2314 de
1171 2280 1232 2316 his
1260 2284 1326 2326 qni
1355 2282 1408 2316 ed.
1436 2294 1487 2327 pr.
1514 2302 1557 2306 —
1595 2287 1631 2316 et
1655 2285 1688 2317 iz·

293 2339 380 2382 tibi]
408 2343 445 2372 et
467 2344 509 2373 ut
532 2339 606 2373 cibi
631 2340 686 2374 ed.
714 2350 766 2384 pr.
809 2342 851 2372 ut
876 2340 906 2371 ii
931 2337 1002 2371 [ibi
1026 2337 1090 2383 Lg.
1115 2337 1169 2372 53.
1198 2358 1237 2362 —
1276 2339 1394 2372 malle
1418 2339 1563 2385 ipsum]
1594 2338 1687 2372 hanc

293 2395 438 2431 Ernesti
463 2397 675 2441 scripturam
702 2395 757 2430 ed.
782 2406 856 2440 pin,
882 2394 961 2427 libri
988 2393 1052 2438 Lg.
1080 2405 1203 2427 omues
1229 2401 1373 2439 praeter
1398 2395 1451 2430 20.
1480 2402 1515 2430 et
1540 2395 1631 2429 Ven.
1655 2396 1684 2431 l.

294 2452 548 2498 suppeditant3
577 2451 644 2497 Lg.
670 2452 724 2485 20.
751 2451 869 2485 malle
893 2455 1021 2485 tacere
1047 2452 1186 2496 ipsum.
1213 2469 1258 2475 ———

386 2518 463 2554 232.
514 2519 619 2562 vere]
650 2530 738 2552 vero
767 2518 829 2564 Lg.
856 2518 879 2552 8
903 2529 993 2552 corr.
1018 2535 1063 2544 »-
1100 2518 1191 2559 tibi,
1227 2518 1403 2562 inquam]
1437 2519 1489 2552 sic
1523 2518 1608 2553 Par.
1637 2518 1683 2553 D.

298 2574 365 2609 Gu.
388 2575 417 2609 l.
444 2574 509 2621 Lg.
529 2581 676 2621 praeter
693 2575 748 2609 20.
768 2575 823 2610 53.
845 2574 1025 2620 probabat
1041 2572 1166 2608 Lauib.
1192 2573 1337 2619 Meyer.
1357 2595 1398 2600 —-
1423 2575 1478 2608 ad
1497 2574 1685 2617 minores]

300 2633 455 2668 (interis
482 2631 549 2668 Gu.
578 2634 608 2669 l.
656 2633 824 2668 minoris
856 2631 913 2669 ed.
937 2641 992 2677 pr.
1025 2635 1061 2665 et
1092 2629 1158 2676 Lg.
1185 2641 1319 2667 omnes,
1346 2650 1390 2656 —
1425 2630 1684 2678 pervenerim]
