1835 3126
558 189 813 235 BRUTUS
853 188 973 233 CAP.
1003 192 1070 234 36.
1101 192 1168 235 37.
1454 195 1564 240 21⁷

175 320 252 363 que
287 306 377 356 vix,
419 310 462 347 ut
498 303 647 345 dudum
685 303 738 345 ad
777 302 1096 346 Demosthenem
1134 309 1173 347 et
1203 302 1460 360 Hyperiden,
1499 309 1562 350 sic

173 397 280 426 nunc
325 383 379 426 ad
417 382 641 425 Antonium
684 380 962 438 Crassumque
1003 384 1276 439 pervenimus.
1344 397 1440 449 nam
1482 399 1562 442 ego

173 463 236 504 sic
276 463 482 526 *existumo
533 460 610 503 hos
656 468 844 503 oratores
889 462 1019 504 fuisse
1064 474 1277 521 maxumos
1320 468 1367 523 ι01
1384 443 1589 507 Μί11ψ11ἰὲώ

172 521 344 596 primum
389 553 479 582 eum
523 538 778 582 Graecorum
821 540 959 595 gloria
998 538 1146 582 Latine
1193 540 1358 583 dicendi
1402 543 1564 598 copiam

175 626 407 674 aequatum.

285 695 502 738 XXXVII.
549 697 642 739 139.
690 695 840 739 Omnia
877 697 1100 740 veniebant
1137 697 1319 740 Antonio
1364 700 1407 740 in
1450 712 1565 742 men-

172 781 273 825 tem;
305 789 436 831 eaque
469 789 543 818 suo
575 789 761 832 quaeque
791 776 908 825 loco,
942 776 1012 817 ubi
1042 776 1267 831 plurumum
1293 776 1492 831 proficere
1525 785 1565 820 et

173 852 315 895 valere
353 860 542 910 possent,
587 861 629 895 ut
674 853 725 895 ab
767 854 1014 908 imperatore
1060 853 1219 907 equites
1257 852 1417 907 pedites
1457 854 1564 898 levis

175 939 405 982 armatura,
452 933 513 973 sic
555 930 606 972 ab
647 930 720 973 illo
770 932 813 971 in
851 943 1039 972 maxume
1085 931 1322 986 opportunis
1364 933 1565 975 orationis

172 1010 356 1065 partibus
380 1008 705 1051 collocabantur.
746 1006 845 1051 Erat
868 1009 1069 1051 memoria
1094 1022 1271 1059 summa,
1297 1009 1414 1052 nulla
1435 1010 1566 1053 medi-

172 1088 340 1130 tationis
373 1088 568 1143 suspioio.
614 1088 839 1143 imparatus
871 1101 1034 1144 semper
1065 1088 1240 1142 aggredi
1271 1087 1324 1129 ad
1349 1088 1566 1132 dicendum

171 1165 412 1208 videbatur:
453 1166 528 1207 sed
564 1167 622 1207 ita
660 1173 749 1207 erat
785 1172 974 1222 paratus,
1018 1172 1059 1207 ut
1096 1166 1255 1208 iudices
1294 1166 1367 1209 illo
1405 1168 1566 1210 dicente

173 1257 256 1286 non
289 1257 497 1300 nunquam
533 1244 771 1286 viderentur
806 1257 890 1286 11011
931 1245 1034 1286 satis
1072 1247 1208 1300 parati
1248 1245 1302 1287 ad
1338 1247 1567 1289 cavendum

174 1322 317 1364 fuisse.
378 1322 471 1365 140.
511 1321 651 1365 Verba
688 1324 779 1379 ipsa
813 1336 896 1365 11011
936 1323 1013 1364 illa
1048 1323 1212 1378 quidem
1243 1323 1566 1379 elegantissumo

177 1413 392 1443 sermone:
432 1403 570 1456 itaque
606 1402 828 1456 diligenter
863 1401 1060 1456 loquendi
1090 1401 1213 1444 laude
1246 1404 1395 1453 caruit,
1432 1417 1566 1459 neque

175 1486 314 1521 tamen
358 1486 421 1521 est
465 1478 682 1521 admodum
726 1481 937 1535 inquinate
982 1478 1166 1529 locutus3
1220 1480 1295 1522 sed
1340 1480 1416 1523 illa
1461 1495 1567 1537 quae

175 1559 339 1613 proprie
378 1557 471 1599 laus
510 1560 689 1600 oratoris
732 1565 794 1600 est
834 1559 878 1599 iu
914 1557 1078 1600 verbis:
1120 1570 1216 1599 nam
1255 1560 1389 1614 ipsum
1417 1558 1567 1603 Latine
1624 1584 1627 1586 >

175 1635 294 1691 loqui
330 1643 391 1677 est
430 1635 533 1677 illud
573 1636 754 1691 quidem,
798 1643 840 1678 ut
878 1636 1002 1692 paulo
1049 1642 1142 1677 ante
1183 1636 1287 1686 dixi,
1332 1638 1375 1678 in
1414 1651 1569 1693 magna.

175 1713 300 1756 laude
331 1715 583 1770 ponendum,
624 1715 698 1756 sed
735 1727 817 1756 11011
853 1720 938 1755 tam
978 1725 1056 1755 sua
1095 1720 1260 1769 sponte,
1301 1727 1423 1769 quam
1461 1718 1570 1772 quod

177 1800 240 1834 est
272 1806 297 1834 a
324 1792 532 1849 plerisque
562 1795 816 1847 neglectum,
854 1804 938 1834 11011
968 1792 1077 1833 enim
1106 1797 1189 1832 tam
1216 1793 1476 1847 praeclarum
1508 1802 1571 1838 est

178 1872 288 1926 scire
307 1868 476 1921 Latine,
508 1883 631 1927 quam
654 1877 769 1927 turpe
795 1871 981 1920 nescire,
1011 1883 1145 1926 neque
1168 1876 1253 1913 tam
1283 1871 1326 1914 id
1348 1871 1447 1915 mihi
1474 1886 1570 1916 ora-

264 2026 321 2054 138.
359 2026 547 2062 Hyperiden]
568 2027 758 2062 Hyperidem.

178 2139 270 2174 haec
296 2138 439 2173 Graeca
464 2139 598 2180 forma,
633 2149 736 2182 quam
770 2144 934 2173 accurate
964 2138 1104 2173 collatis
1132 2138 1236 2173 libris
1265 2140 1491 2176 multifariam
1516 2153 1573 2177 re-

180 2197 339 2230 stitutum
360 2196 401 2229 iri
420 2195 656 2239 scriptoribus
678 2194 883 2239 opinamur,
900 2196 993 2229 inest
1013 2196 1048 2228 in
1067 2194 1131 2239 Lg.
1149 2195 1182 2229 8.
1203 2195 1258 2230 39.
1277 2196 1332 2230 51.
1349 2197 1405 2232 68.
1432 2198 1524 2233 Ven.
1540 2199 1570 2233 l.

181 2250 306 2286 Ottob.
336 2251 417 2285 Vat.
466 2250 561 2285 Nam
585 2251 730 2283 nomina
754 2252 920 2295 propria,
950 2262 1041 2295 quae
1067 2253 1395 2296 patronymicorum
1420 2252 1572 2299 figuram

180 2308 360 2349 referunt,
381 2318 453 2341 non
476 2318 519 2340 ea
535 2307 733 2341 severitate
752 2318 833 2341 esse
854 2307 1065 2349 iudicanda,
1089 2319 1160 2352 qua
1180 2309 1300 2353 qualia
1316 2316 1398 2344 sunt
1416 2310 1574 2346 Aeschi-

181 2376 250 2399 nes
278 2362 564 2399 Demosthenes
595 2362 816 2407 similiaque,
848 2370 947 2398 recte
974 2364 1106 2398 iudicat
1126 2364 1374 2400 'Schneiderus
1400 2366 1463 2402 Gr.
1488 2366 1571 2404 Lat.

182 2422 256 2456 vol.
278 2421 319 2456 11.
351 2433 383 2465 p.
404 2420 458 2454 43.

274 2486 461 2522 XXXVII.
514 2485 587 2520 139.
637 2486 839 2529 maxume]
875 2486 925 2520 sic
957 2485 1022 2532 Lg.
1047 2487 1078 2521 8.
1107 2487 1162 2523 39.
1188 2488 1244 2523 51.
1275 2489 1329 2525 53.
1356 2490 1411 2526 58.
1437 2491 1492 2525 68.
1518 2491 1572 2526 70.

184 2543 310 2580 Ottob.
342 2546 448 2578 iterat
480 2545 657 2577 maxime
690 2547 772 2576 ante
806 2542 1101 2580 collocabantur
1134 2544 1202 2581 Gu.
1233 2546 1261 2580 1.
1289 2564 1334 2572 —-
1373 2558 1449 2581 non
1479 2558 1573 2582 nun-

185 2602 319 2646 qnam]
350 2600 491 2635 divisim
519 2598 583 2642 Lg.
608 2599 641 2633 8.
668 2598 722 2633 39.
751 2599 804 2633 56.
830 2599 883 2635 70.

279 2668 354 2704 140.
406 2667 722 2713 eleqantissumo]
745 2667 1052 2713 diliqentz‘ssimo
1073 2667 1138 2714 Lg.
1156 2668 1201 2703 39
1214 2680 1310 2704 corr.
1324 2689 1370 2695 —
1388 2671 1574 2717 proprie]

180 2727 352 2772 propria
375 2723 500 2760 Lamb.
519 2744 566 2752 »-
590 2728 648 2760 est
671 2723 769 2761 illud
794 2725 966 2771 quidem]
991 2726 1123 2761 iterant
1145 2730 1203 2762 est
1228 2732 1312 2773 post
1334 2725 1425 2762 haec
1449 2726 1518 2764 Gu.
1541 2728 1572 2763 l.
