1835 3126
277 174 364 217 60
486 166 680 210 BREVIS
711 164 1104 218 ELOQUENTIAE
1136 166 1271 212 ROM.
1303 168 1445 211 HIST.

276 290 383 324 tanta
410 282 533 321 fuisse
568 280 810 320 innocentiae
839 281 1001 330 fiducia,
1038 287 1079 322 ut
1109 295 1192 322 cum
1222 284 1392 322 absentis
1422 294 1559 322 nomen
1592 283 1659 322 de-

275 351 394 389 latum
425 352 543 395 esset,
581 359 802 399 quanquam
831 348 1018 387 festinans
1055 349 1095 387 in
1127 352 1364 402 provinciam
1400 363 1424 389 a
1452 350 1659 389 Brundisio

274 417 313 455 in
343 416 477 453 urbem
499 414 662 462 rediret,
695 414 802 452 cuius
826 415 884 453 rei
905 416 1173 455 necessitatem
1201 417 1267 456 lex
1287 417 1473 457 Memmia
1494 416 1662 455 sustule-

275 488 337 522 rat
352 480 436 533 (⁶⁵).
479 483 589 521 Anno
621 486 687 520 aut
717 478 867 520 duobus
894 482 1003 520 annis
1031 488 1120 534 post
1146 483 1357 523 credendus
1390 489 1446 522 est
1469 483 1537 524 Cn.
1562 483 1661 523 Car-

274 550 413 589 bouem
458 559 677 587 accusasse.
752 547 860 586 Hunc
903 549 1062 587 honoris
1111 561 1230 589 causa
1282 551 1321 588 in
1365 551 1546 590 iudicium
1590 549 1661 589 ad—

275 617 444 663 ductum,
477 621 517 654 ut
548 628 571 654 a
602 615 648 663 Q.
678 615 811 654 Mucio
845 614 886 654 C.
908 615 1133 663 Albucium,
1166 628 1190 653 a
1217 617 1261 655 P.
1287 617 1461 668 Sulpicio
1494 617 1535 656 C.
1559 617 1661 657 Nor-

274 684 433 731 hanum,
474 695 497 721 a
528 682 570 722 C.
595 681 703 721 Fufio
734 682 790 721 Μ’
814 682 1033 732 Aquilium,
1065 694 1089 721 a
1120 681 1163 722 C.
1190 681 1359 721 Curione
1390 683 1435 730 Q.
1458 683 1663 722 Metellum

274 750 461 802 Apuleius
493 750 626 788 scribit
641 746 732 798 (‘⁵5);
775 749 1053 796 accusationis,
1091 748 1159 787 sed
1196 761 1272 788 non
1303 748 1432 789 addito
1466 750 1664 789 criminum

277 829 439 867 genere,
472 817 586 855 etiam
618 817 756 855 Cicero
787 815 957 854 meminit
981 813 1067 867 (⁰⁷).
1128 816 1202 865 Qui
1232 828 1315 855 cum
1347 816 1414 856 Cn.
1447 816 1664 865 Carbonem

278 884 346 924 Cn.
378 889 436 922 ter
468 883 636 922 consulis
666 888 815 934 patrem
846 888 1026 922 accurate
1056 883 1267 933 significet,
1298 895 1375 922 non
1404 888 1533 935 potest
1562 883 1663 921 alius

276 951 464 1000 intelligi,
502 951 576 988 nisi
606 950 693 997 ille,
732 950 797 1001 qui
827 962 863 990 a.
888 952 971 989 640
1008 963 1032 989 a
1062 950 1226 989 Cimbris
1263 950 1312 988 ad
1341 950 1525 989 Noreiam
1554 949 1663 987 fusus

277 1022 313 1056 et
353 1017 525 1056 exercitu
566 1022 701 1055 exutus
742 1021 812 1055 est.
873 1017 1004 1056 Causa
1040 1017 1161 1066 igitur
1205 1017 1418 1055 maiestatis
1459 1016 1551 1054 fuit:
1597 1014 1665 1054 sed

277 1089 386 1123 actor
412 1096 519 1122 reum
550 1083 752 1122 damnasse
788 1094 864 1121 non
894 1080 1151 1133 videtu1·(ssS).
1212 1083 1468 1122 Tribunatum
1502 1081 1590 1121 inde
1629 1086 1666 1121 et

277 1150 513 1189 aedilitatem
549 1151 757 1198 Antonius,
803 1150 918 1188 etiam
958 1162 1006 1188 ea
1041 1161 1085 1189 re
1124 1149 1269 1190 Crasso
1309 1149 1465 1196 similis,
1506 1149 1664 1188 tacitum

277 1218 412 1268 gessit.
458 1217 518 1256 Ex
542 1222 728 1269 praetura
759 1229 794 1255 a.
818 1217 900 1256 650
931 1222 1044 1267 gesta
1072 1217 1347 1269 proconsulari
1374 1217 1460 1255 iure
1487 1215 1664 1256 Ciliciam

276 1284 515 1336 provinciam
550 1284 701 1323 videtur
738 1284 941 1331 hahuisse,
979 1296 1027 1322 ex
1064 1297 1142 1335 qua
1176 1284 1282 1323 hello
1321 1283 1511 1322 maritimo
1548 1294 1664 1335 prae-

277 1352 396 1390 dones
431 1356 656 1402 persecutus
696 1351 943 1402 triumphavit
974 1348 1057 1400 (⁶9).
1118 1351 1263 1390 Consul
1304 1355 1456 1389 creatus
1498 1362 1581 1388 cum
1615 1352 1661 1389 A.

275 1418 472 1457 Postumio
502 1417 644 1456 Albino
676 1430 711 1455 a.
738 1416 820 1456 655
857 1418 897 1455 in
926 1418 1060 1468 primis
1096 1417 1320 1456 seditiosum
1351 1417 1542 1455 hominem
1572 1416 1664 1456 Sex.

278 1484 420 1523 Titium
457 1484 650 1522 tribunum
688 1483 815 1534 plebis
854 1483 1057 1522 adversum
1094 1484 1247 1531 habuit,
1284 1484 1351 1534 qui
1387 1483 1432 1522 L.
1465 1483 1665 1523 Saturnini

276 1551 386 1600 leges
426 1554 462 1588 et
504 1550 580 1589 vim
622 1550 843 1588 instaurare
881 1549 1091 1590 videretur.
1148 1550 1257 1589 Hunc
1299 1561 1385 1589 sese
1424 1550 1585 1589 dicendo
1629 1554 1666 1588 et

278 1616 431 1667 agendo
455 1617 623 1666 fregisse
654 1622 690 1655 et
719 1622 807 1668 post
827 1621 1048 1668 opportuna
1071 1617 1277 1656 occasione
1306 1617 1397 1656 data
1421 1618 1549 1656 omnia
1572 1628 1664 1656 con-

278 1684 424 1723 sulatus
456 1684 512 1721 sui
537 1683 702 1722 consilia
733 1684 959 1735 exposuisse
990 1684 1074 1735 ipse
1105 1684 1207 1736 apud
1232 1684 1461 1724 Ciceronem
1487 1684 1664 1737 pluribus

277 1751 406 1791 verbis
448 1750 672 1801 exsequitur
703 1747 786 1801 (7⁰).
850 1750 1063 1791 Censuram
1105 1763 1141 1789 a.
1179 1751 1259 1791 657
1292 1763 1376 1791 cum
1416 1752 1463 1791 L.
1501 1751 1663 1793 Valerio

369 1902 428 1944 65)
465 1902 543 1935 Val.
569 1901 671 1936 Max.
697 1901 755 1936 111.
783 1903 821 1943 7,
847 1904 878 1937 9.
924 1903 985 1939 VI.
1010 1903 1050 1945 S,
1081 1904 1108 1938 l.
1148 1904 1192 1938 cs.
1220 1903 1411 1939 Asconium
1446 1904 1491 1937 ad
1525 1903 1596 1938 Cic.
1628 1916 1663 1948 p.

278 1957 358 1993 Mil.
383 1959 434 1993 12.
485 1958 581 1995 Quid
605 1958 798 2003 Meyerum
823 1970 856 2003 p.
876 1959 953 1994 282.
981 1961 1154 2002 moverit,
1178 1966 1214 1993 ut
1235 1960 1426 1994 Antonium
1452 1959 1667 1994 immisceret

279 2027 407 2049 causae
426 2014 624 2048 Vestalium
650 2015 775 2049 incesti
798 2015 1065 2058 damnatarum,
1092 2027 1237 2059 quarum
1258 2016 1433 2050 Liciniam
1452 2016 1494 2051 L.
1516 2016 1664 2051 Crassus

278 2071 458 2112 defendit,
484 2071 685 2115 intelligere
711 2083 782 2105 non
808 2083 963 2116 possum.
1081 2071 1140 2114 66)
1167 2072 1273 2116 Apul.
1300 2072 1396 2116 apol.
1418 2084 1508 2117 mag.
1534 2085 1567 2117 p.
1587 2072 1665 2106 316.

280 2125 374 2161 Oud.
491 2126 549 2169 67)
577 2127 650 2161 Cic.
678 2127 822 2162 Divers.
852 2127 912 2162 lx.
939 2127 993 2160 21.
1033 2127 1076 2161 cs.
1101 2126 1173 2161 Off.
1199 2127 1241 2161 ll.
1270 2127 1320 2163 14.
1359 2127 1502 2173 Meyer.
1532 2140 1566 2172 p.
1587 2128 1664 2163 283.

277 2182 336 2225 68)
373 2182 435 2216 Sic
468 2182 702 2226 intelligenda
734 2183 851 2217 verba
876 2183 1060 2217 Ciceronis
1095 2183 1241 2218 Divers.
1272 2183 1334 2218 IX.
1361 2183 1415 2218 21.
1458 2195 1493 2217 v.
1523 2184 1664 2228 Zumpt.

278 2239 324 2273 ad
356 2239 429 2274 Cic.
466 2238 511 2272 de
542 2236 613 2272 Off.
642 2237 685 2273 ll.
715 2238 775 2280 14,
800 2239 832 2273 8.
951 2239 1011 2283 69)
1048 2239 1121 2275 Cic.
1158 2240 1202 2273 de
1238 2237 1302 2274 Or.
1332 2239 1358 2275 Ι.
1387 2240 1451 2283 18,
1482 2240 1536 2276 82.
1582 2240 1664 2275 Liv.

280 2296 364 2340 epit.
390 2293 557 2329 LXVIII.
607 2294 675 2328 Hic
704 2296 956 2340 proconsulem
982 2296 1087 2330 dicit:
1125 2295 1212 2329 nihil
1246 2297 1339 2330 enim
1370 2296 1531 2332 usitatius
1564 2308 1666 2341 quam

279 2351 330 2384 sic
353 2351 478 2384 vocari
503 2362 587 2393 eos,
612 2352 670 2395 qui
695 2358 778 2397 post
800 2358 1006 2397 praeturam
1031 2352 1282 2397 proconsulari
1306 2353 1380 2387 iure
1406 2354 1441 2386 in
1460 2353 1668 2397 provincias

279 2407 519 2441 mittebantur.
638 2408 695 2450 70)
723 2408 795 2443 Cic.
822 2409 867 2442 de
890 2407 953 2443 Or.
977 2407 1018 2442 ll.
1041 2408 1101 2450 ll,
1127 2408 1182 2442 48.
1219 2407 1368 2454 Pighius
1393 2414 1415 2444 t.
1438 2408 1498 2444 111.
1528 2409 1602 2443 157.
1630 2409 1666 2444 in

282 2463 469 2497 consulatu
485 2461 742 2497 Macedoniam
766 2465 988 2509 provinciam
1014 2464 1059 2498 ab
1082 2475 1125 2497 eo
1148 2471 1282 2498 rectam
1299 2466 1404 2507 dicit,
1429 2477 1502 2499 non
1522 2466 1666 2510 ignarus

281 2519 352 2553 loci
378 2518 624 2561 Ciceroniani,
663 2532 768 2564 quem
802 2521 910 2555 modo
947 2521 1198 2566 apposuimus,
1234 2521 1299 2555 sed
1325 2521 1419 2566 quod
1454 2521 1499 2555 de
1527 2519 1592 2556 Or.
1619 2520 1664 2557 ll.

281 2574 343 2615 48,
370 2575 445 2609 197.
495 2574 534 2609 C.
562 2575 757 2610 Norbanus
789 2582 871 2622 post
905 2577 949 2612 ab
978 2589 1022 2611 eo
1057 2576 1223 2611 defensus
1258 2577 1326 2622 ipsi
1359 2584 1531 2622 quaestor
1557 2577 1666 2611 fuisse

283 2631 430 2666 dicatur.
479 2630 614 2665 Verum
638 2643 754 2676 neque
781 2638 864 2667 tunc
886 2633 1018 2668 bellum
1045 2638 1122 2667 erat
1145 2633 1179 2666 in
1200 2632 1439 2676 Macedonia,
1464 2639 1502 2668 ut
1525 2634 1559 2667 in
1584 2633 1665 2678 ipso

283 2688 491 2732 magistratu
517 2688 698 2724 consulem
725 2700 769 2724 eo
795 2690 883 2724 mitti
908 2700 1058 2726 necesse
1076 2694 1192 2731 esset,
1218 2694 1252 2724 et
1271 2689 1466 2733 Antonius,
1489 2690 1519 2724 si
1540 2689 1665 2724 consul
