1835 3126
503 166 760 212 BRUTUS
800 165 919 210 CAP.
950 167 1017 210 69.
1049 168 1114 212 70.
1401 167 1509 212 2¹21

122 281 211 326 dire
232 279 404 336 tempori
434 279 731 334 multorumque
760 278 828 322 vel
852 278 999 322 honori
1031 279 1098 323 vel
1128 277 1312 335 periculo
1338 279 1509 321 servire.

121 359 216 402 243.
261 357 336 400 His
379 358 487 400 enim
532 357 656 400 rebus
702 357 837 400 infimo
881 357 975 401 loco
1018 364 1138 399 natus
1174 364 1214 398 et
1251 355 1432 399 honores
1471 363 1511 399 et

118 437 333 493 pecuniam
387 442 427 478 et
469 438 648 491 gratiam
692 443 938 479 consecutus
984 437 1109 478 etiam
1159 435 1202 476 in
1245 441 1510 490 patronorum

119 516 209 557 sine
242 514 430 557 doctrina
466 516 555 556 sine
594 515 761 568 ingenio
797 514 976 570 aliquem
1012 525 1222 555 numerum
1252 519 1509 568 pervenerat.

120 591 207 634 Sed
245 598 286 634 ut
322 592 486 648 pugiles
522 593 805 642 inexercitati,
851 594 973 634 ctiam
1010 593 1046 633 si
1086 604 1246 648 pugnos
1286 597 1325 633 et
1359 590 1511 647 plagas

120 668 401 726 Olympiorum
428 670 563 726 cupidi
589 670 696 713 serre
721 677 903 727 possunt,
933 669 1065 712 solem
1092 676 1230 712 tamen
1253 682 1378 726 saepe
1402 669 1510 712 serre

118 762 202 791 non
240 755 433 804 possunt:
479 750 541 791 sic
583 748 678 798 ille,
722 762 813 791 cum
850 749 959 790 omni
1002 749 1086 789 iam
1115 747 1279 789 fortuna
1314 759 1511 803 prospere

118 827 281 869 functus
311 826 481 868 labores
512 828 636 867 etiam
668 838 844 879 magnos
872 825 1125 879 excepisset,
1156 824 1270 865 illius
1299 824 1511 867 iudiciaHs

118 906 216 948 anni
243 905 504 947 severitatem
527 903 647 957 quasi
673 901 802 944 solem
828 914 910 943 non
932 900 1035 943 tulit.
1078 899 1175 942 244.
1203 899 1312 942 Tum
1335 900 1511 951 Atticus,

118 982 184 1024 Tu
209 981 371 1037 quidem
412 980 462 1021 de
493 979 633 1030 faece,
673 980 822 1034 inquit,
862 977 1028 1028 hauris,
1065 978 1188 1034 idque
1227 980 1310 1021 iam
1341 978 1512 1029 dudum;

115 1060 190 1103 sed
213 1058 426 1102 tacebam:
457 1056 537 1100 hoc
558 1070 658 1100 vero
688 1071 772 1100 non
794 1056 988 1114 putabam
1012 1063 1050 1099 te
1077 1070 1207 1112 usque
1236 1057 1289 1099 ad
1313 1055 1511 1100 Staienos

117 1143 157 1181 et
186 1137 415 1179 Autronios
447 1149 543 1178 esse
572 1142 798 1178 venturum.
856 1133 950 1179 Non
978 1141 1097 1192 puto,
1132 1136 1320 1190 inquam,
1360 1136 1514 1178 existu-

117 1229 232 1259 mare
262 1222 301 1257 te
334 1214 558 1257 ambitione
588 1228 652 1256 me
675 1214 786 1264 labi,
819 1216 965 1270 quippe
996 1213 1046 1256 de
1072 1214 1262 1255 mortuis:
1293 1211 1369 1255 sed
1401 1212 1513 1255 ordi-

117 1307 212 1337 nem
248 1306 424 1349 sequens
454 1294 497 1335 in
529 1293 770 1334 memoriam
792 1298 931 1335 notam
959 1298 998 1334 et
1026 1291 1243 1348 aequalem
1268 1292 1513 1334 necessario

118 1373 297 1415 incurro.
366 1369 472 1413 Volo
517 1376 653 1413 autem
686 1369 766 1413 hoc
804 1371 984 1426 perspici
1027 1370 1217 1414 omnibus
1255 1370 1513 1424 conquisitis,

119 1452 190 1506 qui
236 1451 279 1492 in
323 1448 579 1491 multitudine
625 1449 763 1491 dicere
810 1449 903 1490 ausi
951 1449 1058 1499 sint,
1105 1449 1305 1490 memoria
1349 1447 1514 1503 quidem

118 1528 268 1582 dignos
305 1540 559 1583 perpaucos,
602 1540 743 1571 verum
783 1527 852 1582 qui
889 1527 1053 1569 omnino
1092 1539 1241 1569 nomen
1280 1525 1513 1576 habuerint,

117 1619 201 1649 non
238 1607 297 1648 ita
334 1606 484 1649 multos
523 1606 667 1649 fuisse.
728 1603 815 1648 Sed
845 1604 897 1648 ad
928 1616 1161 1648 sermonem
1190 1605 1416 1648 institutum
1445 1617 1512 1647 re-

117 1690 336 1728 vertamur.

229 1760 366 1804 LXX.
410 1760 508 1803 245.
552 1760 603 1802 Τ.
641 1759 879 1815 Torquatus
915 1758 965 1801 T.
1003 1757 1047 1800 F.
1087 1765 1128 1802 et
1169 1758 1313 1802 doctus
1353 1759 1418 1802 vir
1463 1772 1515 1802 ex

118 1840 283 1883 Rhodia
313 1839 536 1895 disciplina
559 1837 764 1889 Molonis,
797 1843 837 1879 et
866 1852 891 1879 a
919 1842 1070 1880 natura
1093 1837 1147 1880 ad
1170 1837 1387 1880 dicendum
1409 1838 1514 1880 satis

116 1973 209 2008 Ven.
231 1973 261 2007 l.
305 1974 438 2020 cepasi
460 1973 517 2008 20.
538 1971 592 2007 39.
613 1971 668 2007 53.
690 1971 744 2006 70.
779 1968 855 2006 Ott.
881 1969 963 2005 vat.
986 1990 1029 1995 —
1059 1972 1320 2017 praeterisse]
1345 1972 1414 2013 sic,
1438 1982 1512 2006 non

108 2032 370 2076 praeteriisse
406 2028 474 2074 Lg.
509 2035 658 2074 praeter
689 2028 765 2069 20„
802 2033 838 2061 et
871 2024 947 2062 Ott.
973 2045 1018 2053 —-
1054 2028 1333 2071 secundarum]
1366 2029 1436 2069 sic,
1476 2033 1514 2061 ut

116 2086 248 2131 primus
275 2085 468 2128 Lambinus
493 2084 611 2126 dedit,
635 2085 728 2117 Ven.
752 2083 780 2117 l.
798 2083 829 2116 2.
860 2080 936 2118 Ott.
963 2083 1047 2118 Vat.
1078 2083 1145 2116 Gu.
1166 2084 1196 2119 l.
1215 2084 1248 2118 2.
1278 2084 1344 2129 Lg.
1366 2089 1514 2129 praeter

116 2142 189 2183 35„
216 2143 252 2175 in
279 2152 348 2185 quo
374 2145 428 2174 est
452 2140 708 2174 secundarius
734 2149 826 2172 corr.
853 2139 1154 2179 secundarium,·
1184 2140 1429 2175 secundanos
1453 2139 1511 2176 ed.

117 2209 168 2243 pr.
188 2217 234 2221 —
267 2197 496 2239 multorum]
531 2207 600 2230 om.
629 2194 694 2228 Gu.
719 2194 751 2229 2.
780 2193 1017 2239 probantibus
1047 2194 1147 2231 Grut.
1176 2196 1390 2231 Schneider.
1418 2196 1509 2232 aliis.

118 2253 271 2287 Iteratur
295 2252 513 2286 vocabulum
539 2252 586 2286 ad
610 2251 810 2286 accuratius
834 2251 1029 2285 notandam
1052 2250 1206 2287 hominis
1230 2253 1511 2287 industriam.—

117 2310 278 2352 servz’re]
308 2310 496 2343 inservire
522 2308 577 2345 ed.
605 2319 657 2354 pr.
708 2307 904 2342 deservire
927 2306 995 2353 Lg.
1020 2306 1076 2341 20.

206 2364 285 2400 243.
336 2367 420 2399 sine
443 2385 488 2390 —
513 2366 611 2409 sine]
645 2366 727 2400 sive
750 2384 795 2389 —
818 2365 898 2398 sive
926 2363 982 2398 ed.
1008 2374 1063 2408 pr.
1091 2383 1133 2390 —
1175 2364 1313 2412 cupidi
1335 2385 1380 2390 —
1402 2365 1513 2410 ferre

116 2421 211 2465 non]
242 2433 312 2455 om.
341 2420 406 2455 Gu.
428 2422 460 2456 1.

207 2477 286 2513 244.
337 2480 420 2513 iam
445 2478 607 2522 dudum]
633 2477 774 2511 divisim
793 2475 857 2522 Lg.
879 2480 1027 2521 praeter
1044 2474 1075 2509 8.
1093 2474 1149 2509 20.
1164 2474 1218 2509 35.
1237 2494 1282 2501 Ἶ-
1307 2473 1509 2519 Staienos]

116 2533 174 2567 hic
207 2533 272 2567 Gu.
293 2534 322 2568 l.
349 2537 376 2569 i.
423 2534 483 2569 De
514 2534 580 2580 Lg.
613 2546 648 2570 v.
680 2534 708 2579 ξ.
734 2533 812 2567 242.
848 2534 932 2567 item
966 2532 1011 2566 (le
1042 2532 1186 2566 nomine
1217 2531 1438 2568 Autronios.
1464 2553 1510 2559 -——-

107 2590 306 2636 perspici]
327 2594 516 2638 prospici
537 2591 604 2637 Lg.
629 2590 685 2625 20.
711 2590 766 2625 ed.
793 2601 847 2636 pr.
874 2609 919 2615 —
956 2591 1045 2624 ausi
1071 2589 1164 2631 sint]
1193 2599 1229 2622 a.
1254 2593 1342 2623 suni
1366 2589 1431 2635 Lg.
1451 2589 1506 2625 20.

113 2645 170 2682 39.
195 2646 250 2681 51.
278 2646 334 2682 ed.
361 2659 416 2693 pr.
445 2669 485 2674 —
522 2659 599 2682 non
624 2648 697 2691 ita]
721 2657 800 2682 non
826 2652 909 2682 tam
933 2645 999 2680 Gu.
1021 2646 1052 2681 l.
1081 2645 1137 2680 ed.
1163 2655 1218 2690 pr.

205 2701 321 2738 LXX.
368 2704 447 2741 245.
494 2707 554 2742 vir
576 2705 640 2748 ex]
666 2706 729 2740 vir
751 2708 790 2738 et
814 2715 863 2739 ex
888 2703 945 2739 ed.
968 2714 1024 2749 pr.
1050 2722 1096 2730 ——-
1132 2700 1325 2745 Molonis]
1350 2701 1508 2737 milonis
