1835 3126
300 202 407 246 178
825 197 1164 243 CICERONIS

302 309 467 366 quidam
505 312 712 357 oratores,
749 321 833 351 non
872 309 1102 365 loquuntur.
1162 311 1238 354 sed
1278 317 1341 354 est
1378 324 1431 354 ea
1468 311 1561 354 laus
1598 311 1686 354 elo-

301 387 491 442 quentiae
522 391 632 428 certe
661 388 884 439 maxuma)

384 499 441 504 »-
471 499 527 505 ——
551 477 587 516 is
617 476 750 517 dietus
779 475 1054 528 popularibus
1082 477 1194 523 olim,

390 544 462 596 qui
498 549 585 584 tum
615 543 806 584 vivebant
834 543 1018 584 homines
1049 550 1171 596 atque
1200 553 1346 584 aevum
1379 545 1604 595 aqitabant,

385 611 461 663 flos
492 609 692 658 delibutus
721 610 868 662 populi
901 635 955 641 —

302 697 369 739 59.
409 696 555 753 (probe
597 710 710 740 vero.
770 704 810 740 ut
843 699 950 739 enim
980 697 1158 740 hominis
1192 698 1423 752 ingenium,
1461 698 1522 740 sic
1552 699 1692 752 ingeni

303 777 433 832 ipsius
461 776 600 818 lumen
630 782 692 818 est
722 775 975 832 eloquentia,
1008 789 1088 831 qua
1113 778 1245 819 virum
1274 775 1544 818 excellentem
1573 790 1694 833 prae-

304 854 418 897 clare
447 861 530 897 tum
561 854 625 896 illi
656 853 844 897 homines
875 853 1025 898 florem,
1052 855 1190 912 populi
1228 868 1323 898 esse
1354 854 1560 908 dlxerunt)

445 933 690 987 Suadaeque
719 935 909 976 medulla.

304 1009 468 1055 Πειθώ
507 1024 628 1067 quam
666 1018 817 1054 vocant
855 1010 1031 1062 Graeci,
1078 1012 1194 1054 cuius
1239 1010 1409 1053 effector
1443 1016 1507 1052 est
1541 1016 1693 1061 orator,

303 1089 411 1131 hanc
449 1087 634 1130 Suadam
677 1089 899 1145 appellavit
942 1088 1120 1140 Ennius,
1163 1090 1253 1132 eius
1298 1095 1432 1131 autem
1469 1087 1695 1143 Cethegum

304 1165 527 1208 medullam
562 1166 693 1209 fuisse
732 1167 835 1209 vult:
881 1173 943 1217 ut,
982 1180 1103 1222 quam
1140 1167 1260 1208 deam
1299 1167 1343 1208 in
1372 1165 1524 1208 Pericli
1562 1166 1695 1208 labris

305 1245 470 1300 scripsit
500 1242 671 1300 Eupolis
702 1246 993 1295 sessitavisse,
1021 1244 1141 1286 huius
1167 1244 1233 1286 hic
1261 1243 1483 1286 medullam
1512 1250 1696 1286 nostrum

304 1329 511 1365 oratorem
544 1322 674 1365 fuisse
702 1323 864 1365 dixerit.
915 1323 984 1365 60.
1017 1323 1073 1365 At
1105 1322 1173 1365 hic
1205 1321 1411 1377 Cethegus
1435 1322 1580 1365 consul
1605 1336 1696 1364 cum

302 1399 347 1441 P.
394 1399 602 1442 Tuditano
645 1401 719 1443 suit
753 1401 866 1444 hello
907 1401 1062 1444 Punico
1099 1397 1281 1443 secundo
1319 1406 1593 1456 quaestorque
1629 1400 1696 1443 his

304 1477 545 1520 consulibus
575 1477 636 1521 M.
661 1477 764 1520 Cato
794 1478 916 1521 modo
946 1479 1070 1535 plane
1102 1480 1221 1520 annis
1254 1491 1344 1519 ch.
1376 1484 1470 1519 ante
1498 1490 1562 1519 me
1597 1491 1696 1520 con-

304 1555 463 1606 sulem3
515 1562 555 1598 et
604 1556 646 1597 id
692 1557 824 1613 ipsum
866 1557 948 1599 nisi
991 1558 1111 1599 unius
1156 1562 1268 1599 esset
1310 1554 1417 1597 Enni
1461 1557 1696 1599 testimonio

305 1635 534 1688 cognitum,
571 1633 680 1676 hunc
707 1641 912 1685 vetustas,
942 1641 984 1677 ut
1020 1634 1128 1678 alios
1159 1635 1339 1677 sortasse
1370 1633 1542 1684 multos,
1589 1634 1697 1677 obli-

303 1713 425 1754 vione
470 1711 688 1754 obruisset.
756 1712 874 1756 Illius
923 1720 1057 1756 autem
1104 1715 1254 1756 aetatis
1292 1713 1361 1768 qui
1401 1724 1535 1755 sermo
1575 1712 1698 1755 fuerit

389 1844 431 1871 59.
469 1843 597 1878 Pericli]
618 1845 752 1872 Periclis.

307 1934 478 1970 Ceterum
504 1932 673 1979 aqebcmt
698 1945 764 1978 pro
787 1934 995 1980 (micabant
1022 1935 1101 1969 libri
1125 1938 1273 1980 praeter
1294 1933 1359 1979 Lg,
1378 1933 1433 1967 20.
1459 1934 1559 1976 Vat.‚
1589 1936 1696 1970 etiam

307 1990 365 2025 ed.
392 2001 466 2036 pr.;
495 1996 719 2035 repugnante
745 1990 864 2025 Gellio
888 1991 910 2025 l.
937 2002 967 2026 c.

397 2046 452 2081 59.
502 2047 649 2091 z‘uqem‘]
675 2047 726 2080 sic
749 2046 815 2091 Lg.
839 2047 872 2081 S.
899 2047 954 2082 51.
991 2047 1084 2081 Ven.
1114 2046 1142 2080 1.
1168 2063 1213 2072 —
1246 2050 1288 2080 ut
1317 2048 1421 2080 enim
1446 2045 1617 2081 hominis
1642 2049 1697 2082 ἰη-

306 2102 482 2147 [senium]
515 2102 624 2147 vulgo
659 2113 703 2135 ex
737 2101 792 2136 ed.
818 2113 871 2146 pr.
909 2107 944 2135 et
968 2102 1150 2146 plerisque
1174 2101 1279 2136 codd.
1311 2106 1352 2135 ut
1385 2104 1489 2136 enim
1514 2102 1549 2137 Ιι.
1581 2103 1698 2139 decus

307 2160 386 2204 inq.
427 2157 559 2192 Decus
581 2157 717 2191 delevit
730 2156 909 2202 Meyerus
928 2157 1124 2192 secundum
1143 2156 1269 2190 librum
1282 2156 1494 2200 Boi-romei,
1515 2159 1696 2193 addicunt-

307 2224 378 2258 que
402 2212 470 2260 Lg.
496 2213 550 2249 51.
586 2213 680 2248 Ven.
706 2213 735 2249 l.
786 2213 936 2248 Lumen
960 2214 1007 2248 ad
1032 2219 1221 2258 utrumque
1245 2213 1440 2248 membrum
1465 2215 1633 2258 pertinet.
1652 2235 1698 2242 ν-

307 2270 453 2314 lumen]
485 2271 603 2306 decus
626 2269 693 2316 Lg.
718 2270 774 2305 20.
802 2290 843 2295 —
888 2270 1145 2315 Suadaeque]
1173 2268 1310 2304 Gellius
1339 2274 1376 2304 et
1401 2268 1559 2306 Suaclai
1580 2271 1721 2314 med„

307 2326 459 2362 suadae
482 2326 549 2372 Lg.
574 2327 597 2361 8
616 2338 709 2362 corr.
736 2327 904 2369 suadaz·;
928 2328 964 2362 it.
981 2328 1037 2361 20.
1058 2326 1111 2361 53.
1130 2326 1185 2362 68.
1212 2327 1336 2362 suade
1357 2327 1401 2361 35
1420 2338 1513 2363 corr.
1554 2328 1698 2362 suadet

307 2382 402 2417 Ven.
422 2385 451 2418 l.
489 2383 658 2419 suadeat,
681 2384 747 2418 Gu.
766 2385 795 2420 l.
816 2404 863 2410 —
896 2387 977 2420 eius
1002 2384 1297 2427 autem—vult]
1323 2384 1531 2429 interpretis
1555 2395 1698 2418 manum

309 2451 509 2484 agnoscere
541 2441 608 2475 sibi
644 2440 836 2476 videbatur
867 2441 950 2477 Sch.
982 2461 1026 2466 —
1072 2445 1137 2482 ul,
1172 2441 1305 2485 quam]
1337 2445 1373 2475 et
1406 2451 1527 2486 quam
1560 2440 1616 2475 ed.
1643 2452 1697 2485 pr-

307 2494 427 2530 Modo
452 2495 632 2542 Celequm
656 2497 710 2532 ed.
732 2509 786 2543 pr.
823 2497 890 2544 Lg.
911 2497 963 2532 39.
984 2518 1028 2523 -
1059 2497 1221 2540 Pericli]
1245 2497 1332 2532 Ern.
1358 2502 1394 2531 et
1413 2496 1494 2531 edd.
1521 2497 1698 2541 quaedam

309 2557 397 2586 vett.
421 2551 602 2589 Periclis.
622 2570 667 2580 ·—-
702 2553 838 2599 labris]
865 2553 975 2590 libris
998 2553 1091 2588 Ven.
1112 2555 1142 2589 1.
1177 2552 1253 2589 Ott.
1286 2553 1353 2600 Lg.
1372 2554 1406 2589 8.
1422 2553 1467 2588 20
1487 2565 1581 2588 corr.
1606 2559 1698 2589 uter-

310 2618 401 2651 que,
426 2613 461 2642 et
484 2609 539 2643 51.
563 2629 608 2635 -
634 2644 637 2646 .

399 2664 455 2701 60.
508 2665 710 2712 Cethequs]
748 2666 907 2714 Cetoque
937 2666 993 2702 ed.
1025 2677 1078 2711 pr.
1111 2666 1178 2711 Lg.
1205 2666 1259 2701 39.
1284 2687 1328 2692 —-
1375 2672 1630 2712 quaestorque
1650 2684 1697 2694 ›—

309 2722 440 2767 annis]
465 2728 726 2768 quaestorque
751 2728 789 2760 et
814 2735 942 2761 comes
967 2722 1027 2759 M.
1053 2722 1195 2760 Catoni
1212 2724 1336 2770 plane
1361 2726 1476 2761 annis
1501 2723 1630 2769 ed01uu
1654 2743 1694 2748 —
