1835 3126
248 157 368 231 140
459 181 656 226 BREvls
686 179 1080 234 ELOQUENTIAE
1110 181 1246 227 RoM.
1275 183 1420 226 fflsr.

247 296 499 349 componendi
547 307 662 343 cura,
711 307 813 347 quae
854 300 896 336 ut
937 297 977 335 in
1015 298 1249 337 contrarium
1285 298 1418 338 vitium
1455 308 1634 338 versuum

246 362 560 403 effundendorum
582 361 790 410 incideret,
815 362 1007 402 efficiebat
1024 362 1101 414 (9).
1147 364 1226 404 Sed
1246 376 1370 416 neque
1392 365 1632 405 vehementia

244 430 447 469 affectuum
477 428 750 468 movendorum
779 440 850 468 nec
874 430 1060 468 sermonis
1084 430 1216 469 Latini
1239 431 1354 482 copia
1377 436 1412 470 et
1436 431 1634 481 elegantia

242 497 484 548 praestitisse
512 495 681 535 videtur:
711 507 788 546 qua
819 495 865 533 de
895 507 1015 534 causa
1044 497 1110 547 qui
1133 498 1364 548 aequissime
1389 497 1435 536 de
1460 510 1505 537 eo
1532 497 1633 536 iudi-

243 568 398 610 carunt,
437 563 681 613 antiquorum
717 566 753 600 et
795 561 1057 601 obsoletorum
1090 575 1259 602 amorem
1298 564 1520 603 obiecerunt
1547 561 1632 614 (¹⁰),

243 630 309 681 qui
348 629 466 681 paulo
501 629 749 676 concitatius,
789 629 930 668 siccam
968 634 1004 669 et
1042 628 1176 668 duram
1206 630 1286 669 eius
1319 631 1532 669 orationem
1561 643 1632 671 vo-

243 701 398 744 carunt,
436 701 478 735 ut
512 696 866 747 antiquissimorum
902 707 980 735 non
1010 696 1245 743 castitatem,
1288 696 1356 735 sed
1385 697 1633 747 asperitatem

242 764 393 803 referre
433 762 629 803 videretur
657 760 742 814 (¹¹).
799 762 850 803 Et
886 764 983 802 haec
1020 774 1065 802 eo
1101 762 1240 801 iustior
1271 767 1328 801 est
1366 763 1631 814 reprehensio,

243 830 346 882 quod
382 830 466 882 ipse
507 831 756 870 acerbissime
785 829 1010 869 insectando
1043 829 1270 870 Ciceronem
1301 829 1510 870 Caesarem
1541 830 1632 870 Sal-

240 898 396 936 lustium
425 897 576 936 Livium
606 909 754 945 omnes,
796 898 863 949 qui
899 909 1067 948 unquam
1103 897 1286 944 fuissent,
1324 896 1527 935 latinitatis
1559 909 1630 936 au-

242 969 368 1004 ctores
397 964 516 1014 longe
548 977 572 1003 a
593 976 635 1003 se
658 965 816 1003 relictos
846 965 995 1003 iactare
1016 963 1226 1008 videretur.
1270 963 1417 1003 Tamen
1446 964 1530 1002 iure
1555 964 1631 1003 dici

239 1031 331 1070 licet
356 1033 468 1070 istam
499 1031 762 1070 obsoletorum
792 1031 1049 1083 captationem
1077 1031 1117 1069 in
1145 1031 1268 1069 tribus
1300 1031 1494 1082 epistolis,
1532 1043 1630 1082 quas

241 1097 291 1136 ad
321 1098 545 1138 Ciceronem
582 1097 707 1145 dedit,
750 1110 826 1137 non
863 1098 1052 1149 reperiri;
1090 1102 1176 1136 sunt
1206 1098 1303 1137 enim
1335 1098 1562 1150 simpliciter
1593 1103 1630 1137 et

241 1165 440 1203 emendate
462 1164 644 1215 scriptae.
689 1164 786 1203 Hinc
805 1164 1080 1216 plerorumque
1107 1175 1251 1211 eorum,
1279 1176 1378 1215 quos
1402 1166 1629 1215 exagitavit,

240 1232 426 1270 memoria
461 1232 615 1283 scriptis
653 1232 884 1281 consignata
923 1236 1068 1270 manet:
1106 1231 1248 1281 ipsius,
1288 1231 1321 1268 si
1365 1243 1388 1269 a
1424 1232 1562 1282 paucis
1594 1236 1631 1270 et

237 1299 408 1337 fortuitis
445 1299 623 1350 reliquiis
659 1298 906 1346 discesseris,
943 1310 1042 1337 nunc
1080 1297 1174 1336 solis
1206 1297 1371 1336 aliorum
1399 1298 1628 1337 testimoniis

237 1370 331 1403 nota
376 1370 444 1403 est.
512 1366 716 1404 Actionum
756 1367 838 1404 eius
879 1370 945 1404 aut
981 1365 1244 1404 defensionum
1282 1364 1439 1415 aliquae
1475 1365 1628 1404 nomine

237 1435 347 1469 tenus
379 1436 445 1469 aut
473 1432 602 1471 verbis
628 1432 823 1470 nonnullis
850 1432 1006 1471 retentis
1030 1436 1283 1470 conservatae
1308 1435 1405 1469 sunt.
1453 1431 1629 1470 Omnium

238 1497 508 1548 antiquissima
547 1502 604 1536 est
640 1501 830 1535 accusatio
863 1498 901 1536 G.
936 1498 1087 1534 Catonis
1122 1497 1320 1535 tribunicii
1349 1496 1395 1536 de
1426 1497 1629 1537 maiestate

235 1563 390 1614 legibus
420 1564 574 1604 Licinia
598 1565 710 1603 Iunia
741 1570 777 1603 et
810 1563 941 1612 Fufia,
978 1575 1055 1603 non
1084 1563 1240 1602 aliunde
1270 1568 1384 1611 nota,
1413 1564 1489 1602 nisi
1524 1564 1627 1616 quod

236 1631 293 1670 M.
336 1631 526 1670 Scaurum
564 1636 600 1670 et
636 1630 678 1671 G.
719 1630 879 1672 Calvum
914 1631 984 1670 ille
1021 1636 1209 1683 patronos
1244 1631 1378 1669 habuit
1406 1628 1493 1680 (¹²);
1538 1636 1627 1670 acta

234 1697 386 1738 videtur
410 1710 445 1737 a.
472 1699 566 1737 700.
614 1698 800 1749 Sequitur
822 1702 880 1737 M.
905 1701 1042 1736 Scauri
1062 1698 1224 1745 defensio
1249 1697 1296 1736 de
1320 1698 1464 1736 ambitu
1491 1698 1626 1737 eodem

238 1775 338 1802 anno
369 1764 504 1803 habita
525 1761 608 1814 (¹3).
666 1766 827 1804 Incertis
858 1766 987 1814 annis,
1018 1765 1085 1803 sed
1114 1776 1191 1803 non
1221 1769 1309 1803 a-nte
1337 1765 1626 1805 triumvirorum

236 1835 413 1882 tempora
449 1830 575 1869 dictae
617 1836 703 1870 sunt
738 1843 881 1870 causae
908 1834 955 1869 L.
987 1832 1087 1868 Aelii
1117 1834 1276 1868 Lamiae
1301 1828 1388 1882 (¹⁴),
1427 1834 1474 1870 L.
1507 1833 1625 1869 Nonii

235 1898 460 1946 Asprenatis
480 1897 666 1937 adversus
692 1896 868 1937 Cassitim
889 1898 1073 1937 Severum
1091 1895 1180 1946 (¹5),
1203 1911 1271 1946 pro
1286 1899 1444 1935 Moscho
1468 1899 1625 1937 rhetore

233 1964 408 2004 veneficii
435 1976 503 2004 reo
521 1962 619 2015 (¹⁶),
647 1978 715 2014 pro
740 1965 970 2014 Apollodoro
999 1965 1155 2003 rhetore
1179 1964 1421 2013 Pergameno
1439 1961 1526 2015 (¹7),
1556 1978 1625 2013 pro

234 2031 420 2068 Liburnia
437 2028 527 2082 (¹⁸),
557 2033 754 2072 orationes
784 2031 884 2071 duae
913 2044 981 2081 pro
1009 2031 1200 2069 heredibus
1228 2031 1404 2069 Urbiniae
1415 2045 1427 2078 3
1460 2030 1624 2083 denique

326 2194 363 2235 9)
391 2194 511 2230 Quint.
531 2194 574 2229 X.
593 2194 631 2235 2,
650 2194 705 2228 ⁶25.
732 2192 811 2227 ΧΠ.
833 2193 894 2234 10,
914 2192 965 2227 11.
991 2193 1035 2226 cs.
1055 2193 1115 2228 IX.
1136 2195 1169 2236 4,
1185 2194 1239 2228 76.
1264 2194 1360 2228 Dial.
1381 2194 1425 2227 de
1443 2200 1549 2229 oratt.
1565 2195 1619 2228 25.

238 2250 293 2293 10)
327 2250 449 2286 Quint.
483 2250 508 2285 1.
539 2251 579 2292 fi,
611 2251 666 2285 42.
710 2249 753 2284 cf.
789 2249 955 2283 Mam-ob.
992 2250 1067 2284 Sat.
1103 2250 1128 2285 l.
1163 2251 1194 2285 4.
1242 2250 1378 2285 Charis.
1413 2250 1436 2285 Ι.
1475 2262 1507 2295 p.
1545 2250 1618 2285 119.

237 2307 293 2349 ll)
321 2307 414 2340 Dial.
441 2307 486 2339 de
510 2312 615 2341 oratt.
641 2307 696 2341 21.
733 2307 876 2339 Seneca
901 2306 1024 2340 Contr.
1052 2306 1110 2339 W.
1139 2318 1171 2350 p.
1192 2306 1268 2340 413.
1294 2306 1335 2341 L.
1370 2306 1512 2340 Seneca
1537 2319 1619 2351 epp.

238 2363 320 2404 100,
351 2363 382 2396 6.
502 2364 557 2406 12)
593 2363 667 2398 Cic.
695 2364 764 2396 Λα.
794 2362 853 2396 lv.
882 2362 1039 2395 15—17.
1091 2363 1165 2397 Sed
1196 2374 1254 2396 res
1287 2374 1359 2397 non
1391 2364 1476 2396 satis
1509 2368 1618 2397 certa.

238 2418 294 2460 123)
318 2419 447 2452 Exstat
472 2421 649 2465 particula
673 2420 848 2453 orationis
871 2419 963 2463 apud
982 2419 1130 2455 Quintil.
1153 2419 1213 2452 lx.
1231 2419 1271 2461 2,
1287 2419 1342 2453 24.
1370 2419 1412 2453 cf.
1432 2418 1490 2452 Vl.
1513 2419 1549 2460 l,
1565 2419 1618 2452 ⁶21.

237 2476 293 2518 14)
319 2475 455 2510 Relicta
474 2483 527 2510 est
545 2476 722 2510 sententia
741 2488 762 2508 a
781 2476 922 2509 Seneca
939 2476 1054 2508 relata
1070 2477 1173 2509 Suus.
1192 2475 1268 2509 Vll.
1291 2487 1324 2519 p.
1342 2474 1395 2508 35.
1421 2487 1455 2510 v.
1473 2474 1618 2519 Meyer.

234 2543 269 2576 p.
288 2531 362 2565 492.
480 2533 535 2575 15)
565 2533 712 2569 Quintil.
733 2532 776 2567 X.
804 2532 839 2573 l,
863 2532 917 2567 ²23.
954 2531 996 2566 cs.
1019 2532 1108 2566 Ptin.
1130 2533 1173 2566 11.
1195 2531 1240 2566 N.
1262 2531 1410 2565 XXXV.
1427 2532 1479 2565 12.
1516 2532 1618 2568 Suet.

236 2585 369 2622 octav.
389 2588 443 2623 50.
565 2590 622 2633 10)
656 2589 779 2625 Schol.
799 2589 905 2633 Cruq.
929 2589 974 2622 ad
994 2588 1080 2621 Hor.
1097 2588 1166 2633 Ep.
1185 2588 1209 2621 1.
1230 2588 1269 2630 5,
1288 2589 1320 2622 9.
1441 2588 1497 2630 17)
1533 2588 1618 2622 Son,

236 2645 412 2680 controv.
439 2645 480 2681 11.
510 2646 560 2680 13.
595 2658 629 2692 p,
656 2646 731 2682 130.
854 2645 910 2689 18)
943 2643 1161 2680 particulam
1192 2645 1276 2680 vide
1301 2657 1359 2691 ap.
1384 2644 1533 2684 Quintil.
1555 2644 1615 2679 lx,

236 2699 273 2744 2,
296 2699 353 2737 34.
