1835 3126
336 205 533 250 BREVIS
563 203 958 258 ELOQUENTIAE
989 205 1123 250 ROM.
1155 206 1297 251 HIST.
1390 273 1393 278 f
1428 210 1510 256 33

123 321 204 363 veri
242 320 368 359 simile
396 319 601 361 videbitur.
661 318 720 358 De
750 320 947 372 prioribus
977 321 1190 362 honoribus
1220 322 1269 362 ab
1301 334 1346 362 eo
1378 323 1512 374 gestis,

121 389 155 427 si
192 393 417 440 praeturam
447 386 643 439 excipias,
681 398 758 426 non
798 392 964 427 constat:
1010 389 1234 428 coniectura
1262 395 1389 429 tamen
1417 402 1512 442 pro-

120 455 265 494 babilis
302 454 454 495 videtur
487 454 588 493 hunc
626 464 712 492 esse
748 453 858 493 illum
896 454 982 494 Ser.
1015 454 1197 503 Galbam,
1235 457 1301 508 qui
1334 457 1511 496 tribunus

121 521 283 560 militum
307 520 491 560 seditiose
515 519 774 560 contionando
797 521 882 561 viro
907 522 1048 561 eximio
1071 522 1117 563 L.
1133 522 1258 562 Paulo
1280 524 1512 576 triumphum

67 625 75 628 -
120 587 168 627 de
197 599 294 639 rege
316 588 438 628 Perse
468 592 641 639 ereptum
670 587 763 626 ibat.
815 587 876 627 Ea
904 600 967 627 res
999 589 1099 628 enim
1135 589 1269 629 incidit
1296 591 1336 629 in
1360 603 1397 630 a.
1416 591 1512 640 587,

120 660 161 694 ut
183 656 303 694 aetati
319 655 469 696 Galbae
493 654 715 702 conveniat,
737 665 807 693 nec
834 654 881 694 de
905 655 1026 694 nihilo
1042 656 1176 695 Livius
1193 654 1260 707 (5)
1282 658 1515 709 apposuisse

118 721 271 761 videtur
299 722 557 761 testimonium
587 721 634 760 de
665 721 890 772 eloquentia
917 722 1129 761 turbulenti
1149 723 1313 762 hominis
1335 725 1394 764 M.
1418 725 1513 764 Ser-

119 788 204 827 vilii
248 787 467 828 adversarii
507 798 576 827 ore
618 787 833 838 prolatum:
877 787 1026 836 ingenii
1070 787 1235 838 (lenique
1283 794 1321 828 et
1364 801 1514 830 morum

118 854 286 892 maxima
313 854 466 894 videtur
493 851 716 892 similitudo.
765 852 995 890 Praeturam
1021 858 1200 902 gesserat
1230 865 1266 893 a.
1295 855 1399 902 603,
1436 867 1513 907 quo

117 919 293 958 tribunus
344 919 471 971 plebis
515 918 676 958 Laelius
722 922 819 957 erat.
891 917 953 957 Ex
995 919 1230 969 magistratu
1270 920 1515 962 Lusitaniam

118 986 358 1038 provinciam
401 985 560 1025 sortitus
602 983 714 1023 clade
752 989 915 1036 accepta
951 985 1120 1024 maxima
1147 986 1358 1027 Lusitanos
1388 989 1512 1029 nihilo

118 1053 240 1091 minus
286 1065 433 1091 summa
478 1052 596 1091 animi
633 1052 897 1102 generositate
933 1063 1071 1103 pacem
1107 1052 1312 1093 offerentes
1348 1056 1515 1107 turpiter

117 1119 286 1172 decepit;
323 1131 395 1172 per
432 1118 716 1158 simulationem
746 1119 846 1158 enim
874 1118 990 1158 datae
1015 1118 1106 1159 fidei
1135 1121 1346 1160 exercitum
1374 1122 1513 1162 inermi

118 1186 352 1226 multitudini
397 1185 664 1234 circumdedit,
707 1196 845 1226 novem
894 1185 1020 1225 millia
1063 1185 1153 1236 (alii
1189 1187 1353 1238 triginta
1389 1189 1515 1228 millia

117 1253 264 1305 dicunt)
303 1252 528 1301 trucidavit,
569 1258 719 1292 ceteros
758 1258 893 1305 captos
931 1253 1002 1292 sub
1032 1253 1147 1292 hasta
1177 1253 1361 1294 vendidit.
1418 1255 1513 1297 Veri

118 1320 245 1359 simile
271 1325 328 1359 est
352 1320 515 1371 triginta
538 1320 662 1359 millia
684 1320 808 1360 fuisse
831 1319 1034 1360 dediticios
1057 1332 1206 1360 omnes:
1236 1332 1349 1373 quem
1364 1327 1512 1361 utrum-

119 1399 194 1439 que
227 1399 425 1426 numerum
461 1387 662 1427 confusum
692 1392 759 1427 aut
789 1399 924 1427 errore
965 1387 1198 1439 scriptorum
1236 1393 1302 1427 aut
1335 1388 1510 1429 lubidine

122 1465 203 1493 rem
236 1454 277 1492 in
314 1454 438 1492 maius
473 1454 643 1504 augendi
677 1459 784 1505 puto.
843 1455 942 1494 Hinc
971 1454 1140 1492 maxima
1167 1454 1316 1494 invidia
1345 1456 1514 1495 conflata

118 1521 166 1560 L.
197 1520 425 1560 Scribonius
461 1520 561 1559 Libo
596 1520 774 1559 tribunus
810 1520 940 1571 legem
973 1520 1079 1568 tulit,
1119 1521 1175 1559 uti
1203 1521 1402 1570 Lusitani,
1446 1523 1512 1574 qui

118 1589 158 1627 in
190 1587 359 1628 Galliam
392 1597 530 1626 venum
568 1586 647 1625 dati
686 1591 831 1635 essent,
871 1587 912 1625 in
948 1586 1167 1626 libertatem
1202 1587 1511 1629 restituerentur.

119 1655 244 1704 Quam
282 1654 528 1704 rogationem
567 1658 634 1692 aut
672 1665 756 1692 cum
791 1653 1040 1692 accusatione
1079 1654 1230 1693 Galbae
1268 1654 1511 1693 coniunctam

118 1721 241 1761 fuisse
272 1726 336 1760 aut
366 1732 391 1759 a
418 1721 476 1760 M.
508 1719 673 1768 Catone,
714 1720 780 1771 qui
811 1731 894 1758 eam
926 1720 1115 1759 acerrime
1145 1720 1284 1767 suasit,
1323 1720 1364 1759 in
1394 1732 1512 1761 accu-

119 1789 307 1828 sationem
351 1798 578 1827 conversam
615 1797 700 1825 esse
736 1790 891 1838 oportet
912 1783 989 1835 (⁶).
1054 1786 1153 1826 Huic
1191 1791 1228 1826 et
1266 1786 1312 1836 Q.
1351 1787 1512 1828 Fulvius

118 1856 299 1896 Nobilior
343 1866 422 1894 cos.
468 1865 503 1892 a.
542 1853 622 1892 601
666 1864 786 1905 saepe
828 1853 868 1892 in
913 1858 1050 1892 senatu
1094 1865 1118 1892 a
1163 1853 1313 1894 Catone
1355 1855 1513 1906 probris

115 1923 313 1963 laceratus
338 1926 375 1961 et
399 1921 484 1973 ipse
503 1919 629 1959 Galba
646 1919 866 1972 respondit,·
892 1921 960 1972 qui
983 1932 1059 1972 quo
1077 1919 1191 1960 modo
1217 1932 1258 1959 se
1281 1921 1318 1960 ei
1335 1921 1514 1961 flammae

117 1989 305 2042 eripuerit
335 1988 472 2028 Cicero
502 1988 542 2026 in
569 1987 691 2026 Bruto
723 1985 999 2039 exposuit(⁷).
1059 1987 1158 2027 Tres
1190 1987 1341 2028 Galbae
1369 1988 1409 2027 in
1438 1989 1513 2029 hac

117 2069 238 2097 causa
267 2060 378 2095 erant
407 2055 624 2102 orationes;
656 2053 756 2094 duae
786 2054 974 2095 adversus
1003 2054 1192 2094 Libonem
1221 2055 1416 2094 tribunum
1444 2067 1512 2095 ro-

116 2124 392 2175 gationemque
421 2123 503 2162 eius
529 2118 610 2173 (ὃ),
640 2134 719 2160 una
742 2121 929 2162 adversus
949 2121 1007 2160 M.
1034 2120 1257 2161 Cornelium
1284 2121 1510 2172 Cethegum,

116 2203 195 2242 qua
216 2191 426 2230 Lusitanos
451 2203 476 2228 a
498 2201 539 2228 se
562 2190 860 2234 circumventos,
892 2186 995 2238 quod
1022 2187 1097 2225 sibi
1119 2186 1282 2225 insidias
1308 2192 1514 2237 struerent,

116 2253 410 2306 fatebatur(⁹).
469 2256 617 2295 Tamen
647 2253 798 2305 aliquot
827 2253 938 2291 annis
967 2257 1057 2304 post
1083 2252 1325 2292 consulatum
1355 2258 1413 2293 est
1442 2254 1513 2294 ad-

118 2328 228 2375 eptus
268 2334 303 2363 a.
334 2323 429 2361 610.
495 2319 660 2370 Quando
691 2318 903 2359 decesserit
940 2330 1018 2358 non
1054 2323 1111 2359 est
1141 2324 1398 2372 compertum3
1436 2332 1513 2361 non

210 2465 246 2507 5)
274 2463 356 2498 Liv.
382 2461 496 2498 XLV.
522 2461 585 2504 37,
610 2462 642 2497 3.
760 2461 797 2505 6)
823 2461 904 2497 Liv.
934 2462 1018 2506 epit.
1044 2460 1177 2498 XLIX.
1223 2462 1296 2498 Cic.
1322 2461 1428 2498 Brut.
1453 2462 1509 2497 22.

119 2521 155 2563 7)
182 2519 263 2556 Liv.
291 2520 313 2553 l.
340 2531 368 2555 e.
412 2519 484 2554 Cic.
512 2519 534 2553 l.
561 2531 590 2554 c.
640 2518 828 2564 Appianus
857 2524 975 2552 autem
1000 2518 1102 2564 Hisp.
1130 2531 1159 2555 e.
1188 2519 1243 2554 60.
1269 2524 1423 2565 propter
1449 2530 1512 2564 pe-

121 2577 262 2610 cuniam
298 2576 499 2610 absolutum
536 2576 631 2611 dicit.
750 2575 786 2617 8)
822 2573 903 2608 Liv.
936 2575 958 2609 l.
985 2587 1014 2609 c.
1132 2576 1168 2619 9)
1208 2575 1335 2611 Cicero
1366 2575 1513 2621 ambigit

120 2632 262 2667 Galbae
298 2644 405 2667 causa
436 2644 519 2667 num
551 2633 587 2667 in
613 2632 657 2668 L.
684 2631 863 2666 Marcium
887 2631 944 2666 Μ’
967 2630 1160 2667 Manilium
1194 2634 1240 2677 (a.
1274 2632 1358 2676 605)
1393 2643 1438 2665 an
1474 2631 1510 2665 in

120 2689 162 2724 T.
188 2688 396 2726 Quinctium
420 2688 474 2723 Μ’
499 2689 647 2723 Acilium
675 2689 842 2723 consules
877 2690 924 2731 (a.
959 2689 1042 2733 604)
1073 2689 1226 2731 incidat3
1262 2694 1300 2724 ut
1330 2699 1376 2723 ne
1407 2698 1512 2734 prae-

121 2746 233 2781 torius
258 2746 402 2790 quidem
426 2745 564 2782 Galbae
587 2757 701 2782 annus
727 2751 845 2781 certus
870 2746 924 2781 sit.

1204 2815 1231 2856 3
