1835 3126
310 155 438 209 254
833 160 1172 205 CICERONIS

282 300 285 305 -
309 276 510 330 privatum
535 276 574 312 et
605 269 727 312 civile
758 280 1027 325 cognoverat:
1059 287 1291 330 quanquam
1318 272 1397 316 hoc
1428 272 1590 329 quidem
1620 271 1695 314 suit

310 354 433 393 etiam
472 351 515 390 in
548 348 642 390 aliis
675 355 714 391 et
742 351 904 403 magnis
936 350 1099 404 quidem
1129 352 1381 402 oratoribus,
1420 365 1522 407 quos
1551 363 1694 407 parum

307 428 373 471 his
417 430 638 470 instructos
683 426 839 469 artibus
882 427 1082 477 vidimus,
1129 435 1171 469 ut
1215 428 1464 484 Sulpicium,
1515 436 1557 471 ut
1605 429 1694 471 An-

306 508 474 549 tonium.
533 505 606 548 sed
638 507 676 548 ei
706 512 843 548 tamen
874 519 994 546 unum
1026 505 1129 547 illud
1156 505 1366 548 habehant
1398 508 1560 549 dicendi
1592 519 1693 563 opus

308 585 584 627 elaboratum:
625 584 747 639 idque
788 598 878 627 cum
914 591 1122 626 constaret
1159 597 1210 626 ex
1248 585 1423 640 quinque
1454 586 1693 627 n‘otissumis

306 663 512 719 partibus,
545 676 665 705 nemo
697 664 737 704 in
770 662 911 718 aliqua
934 670 1050 719 parte
1082 676 1224 704 earum
1255 665 1418 705 omnino
1450 661 1553 704 nihil
1579 670 1695 718 pote-

306 748 381 783 rat.
428 742 471 782 in
500 754 741 797 quacunque
773 743 881 783 enim
911 755 994 783 una
1019 742 1141 798 plane
1170 741 1398 791 clauderet,
1431 747 1571 783 orator
1600 754 1694 783 esse

304 833 387 862 non
431 827 585 875 posset.
650 819 746 862 215.
793 818 879 862 Sed
922 827 1060 862 tamen
1106 820 1213 862 alius
1262 821 1305 861 in
1344 820 1429 862 alia
1465 818 1696 863 excellebat

305 899 453 952 magis.
524 897 773 953 Reperiebat
816 899 913 954 quid
958 899 1040 942 dici
1080 913 1180 956 opus
1226 905 1337 941 esset
1379 905 1418 940 et
1455 911 1533 954 quo
1571 897 1692 939 modo

304 977 544 1032 praeparari
590 983 628 1017 et
661 990 739 1031 quo
775 976 869 1019 loco
908 977 1060 1028 locari,
1104 979 1383 1032 memoriaque
1423 990 1475 1019 ea
1510 988 1696 1031 compre-

306 1053 514 1095 hendebat
552 1054 776 1096 Antonius:
824 1055 1056 1097 excellebat
1095 1064 1229 1097 autem
1269 1057 1451 1105 actione3
1496 1060 1693 1109 erantque

307 1132 346 1172 ei
393 1131 596 1186 quaedam
641 1145 691 1173 ex
734 1132 798 1173 his
842 1135 961 1188 paria
1004 1147 1094 1175 cum
1132 1132 1287 1175 Crasso
1328 1133 1531 1189 quaedam
1570 1133 1695 1174 etiam

305 1210 534 1265 superiora.
593 1210 649 1250 At
681 1208 826 1251 Crassi
867 1212 1003 1264 magis
1040 1210 1222 1252 enitebat
1266 1212 1412 1252 oratio.
1469 1209 1555 1252 Nec
1592 1222 1693 1252 vero

306 1286 492 1342 Sulpicio
533 1300 665 1342 neque
706 1286 850 1329 Cottae
891 1287 1029 1329 dicere
1070 1301 1289 1344 possumus
1331 1300 1464 1342 neque
1504 1289 1695 1341 cuiquam

302 1363 412 1407 bono
451 1366 608 1407 oratori
648 1366 734 1407 rem
773 1365 902 1408 ullam
940 1379 991 1408 ex
1026 1365 1111 1407 illis
1149 1367 1325 1422 quinque
1356 1366 1540 1422 partibus
1568 1365 1692 1421 plane

303 1450 423 1498 atque
468 1445 632 1485 omnino
671 1444 868 1486 defuisse.
927 1445 1023 1486 216.
1063 1443 1202 1500 Itaque
1234 1446 1276 1486 in
1306 1443 1484 1488 Curione
1513 1444 1592 1486 hoc
1621 1457 1694 1486 ve-

302 1524 480 1563 rissume
525 1522 703 1564 iudicari
749 1530 904 1579 potest,
945 1523 1061 1565 nulla
1103 1537 1148 1565 re
1192 1537 1274 1565 una
1312 1525 1447 1578 magis
1486 1529 1692 1565 oratorem

301 1599 599 1650 commendari,
640 1614 761 1656 quam
799 1601 1017 1644 verborum
1059 1601 1278 1658 splendore
1319 1609 1359 1644 et
1395 1603 1527 1658 copia.
1596 1614 1691 1642 nam

302 1691 392 1720 cum
422 1678 563 1720 tardus
595 1680 638 1720 in
662 1680 884 1733 cogitando
914 1687 997 1722 tum
1020 1681 1063 1722 in
1084 1680 1323 1723 instruendo
1350 1680 1574 1737 dissipatus
1602 1679 1689 1722 fuit.

383 1822 442 1848 214.
479 1821 643 1858 clauderet]
665 1823 852 1851 claudicaret.

299 1946 365 1981 pro
392 1934 633 1979 mquidem,
661 1936 744 1980 quia
768 1935 833 1970 hic
852 1942 904 1971 est
930 1937 963 1971 in
985 1937 1052 1983 Lg.
1073 1938 1237 1972 omnibus
1263 1945 1298 1972 et
1323 1937 1412 1971 Ven.
1428 1938 1477 1978 l.;
1502 1936 1536 1970 in
1559 1936 1613 1970 20.
1633 1935 1689 1970 56.

299 1997 497 2025 cori-ectum
532 1997 585 2025 est
618 1991 702 2027 hoc.
734 2012 780 2017 —
817 1995 978 2039 parum]
1013 1994 1170 2039 quidem
1199 2005 1343 2041 parum
1378 1993 1444 2039 Lg.
1477 1992 1532 2026 20.
1562 2012 1606 2016 ——
1653 1993 1693 2026 εἰ

298 2048 446 2090 tamen]
474 2049 511 2080 ez·
534 2047 616 2081 dedi
642 2059 685 2081 ex
710 2047 776 2093 Lg.
804 2056 951 2092 praeter
973 2050 1029 2084 20.
1053 2051 1107 2084 68.
1134 2051 1206 2093 70.,
1230 2051 1312 2085 item
1339 2051 1406 2084 Gu.
1433 2051 1461 2083 l.
1510 2047 1688 2093 Meyerus

297 2106 335 2137 ei
365 2104 400 2137 in
426 2104 678 2145 annotatione,
714 2106 746 2137 iz·
776 2104 810 2137 in
839 2105 959 2139 verbis
990 2107 1187 2151 scriptoris.
1211 2125 1256 2131 ——
1293 2106 1509 2148 clauderet]
1540 2104 1688 2140 claudi-

299 2164 407 2195 caret
433 2160 490 2194 αἱ.
516 2172 569 2204 pr.
599 2164 634 2193 et
658 2159 786 2205 vulg03
822 2160 946 2195 lectius
971 2161 1058 2195 iuml
1084 2163 1285 2206 praebuere
1311 2162 1396 2197 Par.
1422 2161 1469 2195 D.
1508 2161 1573 2194 Gu.
1598 2162 1628 2194 l.
1652 2160 1685 2195 2.

296 2215 363 2261 Lg.
383 2215 414 2250 8.
433 2216 485 2250 51.
506 2217 582 2259 70.,
607 2217 642 2249 in
662 2216 694 2250 8.
716 2217 768 2251 70.
795 2228 870 2250 cum
890 2229 983 2252 corr.
1005 2218 1269 2259 claudicaret,
1294 2219 1376 2253 item
1397 2217 1490 2251 Ven.
1507 2218 1536 2252 l.
1564 2214 1688 2251 Ottob.

299 2272 349 2316 (in
375 2284 485 2318 marg.
512 2273 799 2316 clamlz'caret),·
827 2273 1034 2308 claudar-et
1057 2275 1112 2309 39.
1162 2274 1409 2309 clauderetur
1432 2274 1487 2308 58.

388 2340 467 2375 215.
515 2340 754 2387 reperiebat]
792 2341 1086 2388 reperiebatque
1123 2343 1178 2377 ed.
1206 2354 1258 2388 pr.
1285 2362 1329 2367 -—
1370 2353 1444 2387 quo
1469 2341 1603 2385 modo]
1636 2341 1686 2375 di-

295 2397 401 2431 visim
427 2396 491 2441 Lg.
517 2397 550 2431 8.
575 2397 630 2431 56.
669 2396 744 2432 Ott.
771 2417 816 2423 -—-
845 2400 1104 2445 praeparari]
1139 2400 1243 2433 codd.
1272 2410 1396 2433 omnes
1414 2409 1687 2445 praeparare,-

297 2453 456 2486 correxit
474 2452 659 2488 Ernestus.
681 2472 727 2480 -—-
759 2455 957 2499 erantque]
984 2460 1097 2489 erant
1123 2456 1190 2490 Gu.
1209 2457 1238 2491 l.
1264 2456 1348 2490 Par.
1367 2456 1413 2489 D.
1428 2475 1472 2480 —-
1498 2454 1685 2497 enitebat]

295 2508 465 2550 nitebat,
485 2510 599 2543 minus
614 2516 733 2555 aptum
753 2511 839 2545 illud
853 2513 1132 2556 comparationi,
1159 2513 1215 2547 ed.
1232 2525 1282 2557 pr.
1306 2512 1372 2546 Gu.
1389 2513 1417 2546 l.
1446 2509 1521 2545 Ott.
1547 2510 1638 2544 Ven.
1654 2511 1685 2544 l.

296 2564 364 2611 Lg.
400 2577 525 2600 onmes
554 2572 699 2611 praeter
724 2567 777 2601 35.
800 2586 846 2593 —-
881 2579 964 2602 rem
988 2568 1129 2613 ullam]
1166 2581 1250 2603 rem
1283 2569 1420 2604 delevit
1444 2566 1571 2601 Lamb.
1601 2576 1685 2612 pro-

295 2621 398 2656 batus
422 2621 609 2656 Wetzelio
634 2623 796 2668 aliisque.

386 2689 465 2726 216.
514 2690 652 2727 tardus
687 2694 728 2728 in
763 2691 990 2739 eoqitando]
1025 2694 1066 2729 in
1098 2703 1179 2740 eoy.
1205 2692 1346 2730 tardus
1376 2692 1462 2730 Par.
1486 2691 1533 2729 D.
1560 2710 1603 2717 -
1640 2691 1682 2726 in
