1835 3126
377 210 575 254 BREVIS
605 209 999 262 ELOQUENTIAE
1032 209 1166 254 ROM.
1197 211 1339 254 IIIST.
1461 214 1553 258 111

163 327 264 366 iilius
296 324 341 366 G.
371 325 546 365 Licinius
579 325 723 365 Calvus
761 325 1041 377 iniquissimam
1079 338 1161 365 cum
1193 325 1381 366 Cicerone
1421 327 1554 366 simul-

160 398 278 433 tatem
314 392 461 433 invidia
501 392 636 431 ductus
678 398 891 432 exerceret.
958 393 994 432 Is
1032 394 1194 432 annales
1231 395 1462 446 composuit,
1506 406 1555 434 ex

159 461 298 512 quibus
329 460 520 512 quaedam
549 460 768 512 particulae
798 464 977 500 servatae
1008 465 1178 509 exstant,
1219 463 1350 512 arguti
1380 474 1463 501 cum
1493 462 1554 502 lo-

161 528 359 579 quacitate
391 527 571 567 Ciceroni
608 527 699 567 dicti
724 525 805 578 (⁴⁹).
863 527 968 567 Idem
1002 528 1049 567 de
1081 528 1285 579 diligentia
1314 529 1396 568 eius
1426 529 1465 568 in
1494 529 1554 568 in-

158 594 348 634 veniendo
379 600 415 634 et
445 594 649 647 partiendo
674 594 886 634 honorifice
915 595 1080 643 iudicat,
1113 595 1180 635 scd
1206 597 1395 636 actionem
1416 596 1554 648 lepore

159 662 333 700 caruisse
380 667 416 701 ct
460 662 608 714 aliquid
654 663 886 714 ineptiarum
927 663 1132 711 babuisse,
1178 663 1385 703 elationem
1427 669 1554 703 autem

158 728 395 780 impudentia
430 730 551 769 fuisse
589 729 762 781 plenam;
800 735 926 769 tamen
964 741 1144 779 magnum
1175 731 1257 769 eius
1298 731 1338 769 in
1375 731 1553 782 patronis

157 808 295 835 nomen
343 794 464 836 fuisse
507 797 694 844 futurum,
737 797 813 834 nisi
854 797 936 835 vita
980 801 1018 834 et
1056 807 1183 834 mores
1223 808 1371 835 omnem
1406 798 1554 847 ingenii

157 862 527 902 commendationem
570 862 797 901 evertissent
821 858 906 912 (5⁰).
965 861 1088 900 Huius
1125 873 1174 900 ex
1212 862 1390 900 oratione
1420 864 1552 902 nescio

157 941 236 980 qua
264 941 333 978 pro
367 931 498 966 Tuscis
530 928 727 980 particula
757 932 914 968 servata
945 932 1002 966 est
1032 927 1135 979 apud
1164 928 1428 976 Priscianum;
1464 941 1553 968 nam

158 995 260 1035 alter
297 995 408 1034 locus
447 1006 559 1047 quem
590 995 704 1034 etiam
734 994 942 1034 Diomedes
975 995 1111 1042 habet,
1151 995 1348 1034 annalium
1384 1001 1441 1035 est
1466 993 1550 1048 (5¹).

268 1061 475 1114 Reliquam
516 1063 670 1102 turbam
711 1067 965 1115 patronorum
1010 1062 1135 1112 magis
1174 1062 1400 1114 cupidorum
1437 1075 1552 1115 quam

156 1130 388 1181 peritorum,
439 1141 538 1181 quae
581 1141 652 1169 nec
694 1130 734 1169 in
780 1141 823 1169 re
866 1129 1026 1182 publica
1062 1129 1186 1170 valuit
1220 1141 1290 1169 nec
1328 1131 1552 1170 memoriam

153 1197 278 1236 literis
310 1197 574 1248 consignavit,
606 1196 762 1236 silentio
791 1197 1067 1249 praeterimus3
1098 1197 1275 1249 pluribus
1307 1197 1422 1249 quam
1453 1209 1551 1250 opus

155 1270 242 1303 erat
271 1269 496 1316 persecutus
529 1270 586 1304 est
617 1264 756 1305 Cicero
785 1265 826 1304 in
855 1264 991 1304 Bruto.

789 1374 824 1429 §—
855 1376 922 1417 45.

742 1452 799 1489 M.
825 1452 968 1487 Cicero.

266 1536 325 1572 M.
360 1533 476 1571 Tullii
521 1535 708 1572 Ciceronis
741 1534 860 1574 vitam
904 1544 981 1573 non
1020 1533 1243 1573 scribimus:
1289 1539 1347 1574 est
1387 1545 1435 1574 ea
1473 1539 1552 1575 tam

154 1604 339 1639 accurate
385 1611 468 1639 cum
511 1601 678 1640 historia
715 1601 894 1641 Romana
937 1600 1019 1640 eius
1058 1601 1197 1640 aetatis
1241 1602 1466 1651 coniuncta,
1510 1607 1553 1642 ut

154 1668 367 1719 separatim
395 1673 564 1707 tractata
593 1680 670 1708 non
700 1668 958 1719 intelligatur.
1000 1667 1137 1721 Neque
1164 1668 1281 1707 etiam
1309 1668 1349 1708 id
1376 1670 1552 1720 agimus;

154 1735 223 1774 sed
260 1736 396 1787 paucis
436 1735 710 1775 ostendendum
747 1739 823 1782 est,
859 1735 1023 1787 primum
1063 1746 1140 1786 quo
1180 1734 1294 1774 modo
1335 1741 1373 1775 et
1410 1735 1551 1788 quibus

153 1802 313 1841 auxiliis
349 1803 488 1842 Cicero
522 1804 555 1841 is
589 1807 723 1842 orator
757 1801 884 1841 factus
914 1801 980 1848 sit,
1019 1813 1133 1853 quem
1161 1801 1284 1842 fuisse
1320 1814 1450 1842 omnes
1487 1802 1552 1842 fa-

151 1874 298 1917 tentur,
335 1869 473 1909 deinde
501 1869 594 1922 quid
624 1868 832 1921 eloquendi
864 1880 928 1908 ars
960 1868 1064 1921 apud
1095 1868 1283 1921 aequales
1314 1870 1397 1910 eius
1429 1882 1552 1923 opera

149 1936 374 1988 profecerit.

265 2003 406 2044 Cicero
450 2008 598 2043 tantam
635 2003 883 2056 eloquentiae
920 2002 1200 2056 praestantiam
1245 2002 1398 2043 minime
1438 2003 1551 2043 insti-

148 2071 290 2110 tutioni
327 2070 530 2111 oratoriae
575 2076 612 2111 et
649 2072 745 2111 artis
785 2072 1007 2123 praeceptis
1051 2070 1244 2110 discendis
1284 2069 1436 2119 debuit,
1482 2070 1552 2111 sed

149 2149 236 2177 cum
271 2144 435 2179 naturae
470 2139 653 2178 felicitati
688 2144 725 2179 et
764 2139 931 2179 omnium
960 2138 1101 2178 artium
1139 2137 1455 2178 asciscendarum
1489 2138 1550 2177 in-

150 2204 347 2254 dustriae,
389 2211 468 2246 tum
505 2207 663 2253 aetatis,
701 2218 779 2257 qua
819 2206 984 2252 exstitit,
1025 2204 1228 2243 beneficio.
1293 2204 1473 2243 Parentis
1513 2208 1552 2244 et

151 2273 215 2311 avi
246 2273 453 2322 diligentia
483 2278 666 2312 accurate
698 2272 871 2311 eruditus
901 2276 958 2310 est
986 2271 1036 2310 iis
1063 2270 1206 2319 literis,
1239 2282 1336 2322 quas
1367 2269 1550 2311 didicisse

150 2344 241 2379 tunc
270 2340 462 2390 ingenuos
488 2339 756 2379 adolescentes
782 2338 966 2386 decebat3
997 2336 1066 2377 sed
1090 2349 1174 2377 cum
1201 2349 1300 2390 puer
1322 2338 1436 2378 varia
1464 2343 1550 2378 ten-

150 2411 273 2447 tasset
312 2408 633 2459 elaborassetque
662 2408 778 2447 etiam
814 2407 854 2446 in
883 2406 1014 2459 poesi,
1053 2393 1078 2444 a
1111 2417 1208 2457 qua,
1252 2409 1295 2444 ut
1331 2410 1445 2456 gesta
1477 2417 1551 2445 sua

151 2474 465 2524 celebrarentur,
503 2487 551 2514 ne
588 2475 649 2516 vir
687 2474 839 2527 quidem
875 2473 1001 2513 factus
1040 2472 1244 2522 abstinuit,
1280 2483 1371 2512 mox
1405 2472 1549 2513 auditis

245 2585 304 2628 49)
339 2585 412 2620 Cic.
438 2584 552 2632 Legg.
577 2585 601 2620 l.
626 2585 668 2628 2,
692 2583 724 2620 6.
845 2584 904 2628 50)
935 2581 1008 2618 Cic.
1032 2581 1134 2617 Brut.
1161 2581 1227 2625 67,
1250 2580 1327 2616 238.
1364 2582 1436 2616 Att.
1462 2580 1488 2615 I.
1512 2582 1544 2618 4.

149 2640 247 2675 Plut.
270 2641 342 2676 Cic.
360 2642 391 2676 9.
428 2641 470 2676 cf.
491 2641 573 2676 Val.
593 2641 697 2677 Max.
717 2641 779 2676 IX.
805 2641 866 2685 12,
885 2642 916 2676 7.
1035 2639 1093 2683 51)
1118 2638 1231 2674 Prisc.
1248 2638 1294 2674 X.
1320 2649 1355 2684 p.
1376 2638 1454 2673 501.
1480 2644 1504 2671 t.
1519 2637 1545 2673 Ι.

148 2697 270 2731 Diom.
296 2710 330 2744 p.
355 2698 410 2733 61.
452 2699 571 2734 Prisc.
600 2712 635 2746 p.
660 2698 738 2735 496.
773 2703 797 2734 t.
823 2698 849 2733 Ι.
905 2697 981 2734 Sed
1013 2697 1177 2733 tribunus
1202 2697 1242 2734 C.
1271 2695 1456 2733 Rabirium
1487 2706 1545 2730 ac-

148 2761 362 2799 cusaverat,
395 2767 430 2794 v.
456 2755 531 2793 Cic,
558 2756 648 2793 Rab.
673 2756 782 2793 Perd.
808 2755 839 2790 2.
