1892 3116
286 221 328 250 vr
782 201 1179 246 PRAEFATIO.

399 317 512 359 Bruti
542 315 708 357 codices
737 315 911 370 scriptos
942 314 1084 356 seculo
1116 313 1273 355 decimo
1305 312 1443 367 quinto
1471 309 1676 365 antiquio-

288 409 357 438 res
387 408 469 437 non
499 400 662 435 exstare
695 398 847 433 certum
878 399 952 433 est.
994 391 1120 434 Periit
1151 392 1258 433 enim
1283 389 1413 432 codex
1439 387 1679 442 antiquissi-

289 487 378 516 mus
426 468 874 513 GerardiLandriani
909 470 1092 524 episcopi
1134 467 1393 514 Laudensis,
1434 479 1484 508 ex
1522 476 1601 520 quo
1641 470 1680 506 et

290 551 385 592 libri
419 549 468 591 de
501 546 677 590 Oratore
707 546 879 602 suppleti
911 553 948 588 et
980 545 1127 588 Brutus
1157 548 1325 602 primum
1356 547 1398 587 in
1427 544 1561 586 lucem
1585 555 1681 598 pro-

288 635 444 669 tractus
482 632 555 668 est.
625 623 778 666 Omnes
815 625 959 678 igitur,
1007 625 1074 678 qui
1116 623 1249 665 adhuc
1291 629 1527 671 notuerunt,
1567 619 1682 662 Bruti

292 705 460 747 codices
499 702 671 745 eundem
710 702 823 743 illum
854 703 1006 744 sontem
1048 707 1293 749 monstrant,
1333 706 1374 741 ut
1404 705 1541 741 tamen
1574 698 1682 739 alius

293 782 377 825 alio
414 783 583 838 peritius
621 788 658 823 et
697 782 930 823 accuratius
972 779 1200 836 descriptus
1235 780 1306 828 sit3
1348 777 1456 833 quod
1487 789 1568 818 non
1599 783 1681 817 tam

292 862 334 902 in
372 861 663 916 scripturarum
700 860 974 915 praestantia,
1014 871 1134 913 quam
1177 858 1219 899 in
1257 855 1416 898 mendis
1448 861 1566 896 caute
1598 855 1685 895 evi-

292 940 389 980 tatis
434 945 473 979 et
518 938 747 993 antiquiore
791 936 998 980 voeabula
1049 935 1257 978 scribendi
1295 935 1454 976 ratione
1493 933 1684 974 cernitur.

294 1015 480 1058 Adhibiti
513 1015 645 1057 adhuc
675 1022 792 1057 erant
823 1014 990 1057 codices
1014 1013 1277 1055 Parisienses
1310 1011 1484 1066 aliquot,
1515 1023 1685 1066 quorum

296 1095 363 1150 qui
402 1100 584 1149 praestat
615 1092 662 1134 D.
704 1093 755 1135 ab
787 1091 945 1135 Orellio
985 1094 1114 1148 primo
1159 1097 1351 1132 accurate
1392 1088 1568 1131 collatus
1611 1094 1686 1138 est,

296 1179 335 1213 et
370 1171 548 1213 Gudiani
580 1172 683 1221 duo,
723 1185 747 1214 a
790 1170 1011 1213 Schuetzio
1049 1170 1234 1225 usurpati
1273 1167 1455 1224 quidem,
1498 1166 1571 1208 sed
1610 1178 1688 1208 nec

299 1250 350 1291 ab
378 1249 455 1293 hoc
487 1263 563 1292 nec
595 1249 646 1292 ab
680 1249 775 1292 aliis
808 1249 1028 1304 diligenter
1059 1248 1303 1290 examinati:
1337 1246 1387 1288 de
1415 1245 1562 1301 quibus
1585 1257 1687 1299 quo-

298 1328 420 1370 modo
465 1330 639 1370 sentiam
685 1330 727 1369 in
762 1327 1020 1384 praefatione
1061 1326 1112 1368 ad
1150 1326 1282 1368 libros
1318 1324 1368 1366 de
1402 1321 1576 1365 Oratore
1617 1335 1689 1364 ex-

296 1408 429 1462 posui.
489 1405 574 1448 Sed
604 1406 669 1448 his
701 1406 953 1462 aliquantum
982 1412 1192 1461 praestant
1214 1402 1328 1452 Itali,
1361 1415 1530 1457 quorum
1561 1401 1690 1457 pluri-

298 1472 388 1525 mos
422 1482 751 1537 Lagomarsinus
788 1484 978 1534 contulit,
1019 1496 1102 1524 non
1135 1482 1272 1524 nullos
1315 1494 1394 1535 ego
1425 1479 1609 1521 Venetiis
1651 1485 1688 1520 et

299 1561 457 1603 Romae
497 1564 682 1611 excussi,
723 1561 1126 1615 Lagomarsinianos
1169 1566 1321 1606 autem,
1358 1565 1574 1614 postquam
1611 1557 1688 1598 viri

301 1639 530 1681 doctissimi
563 1640 879 1681 commentarios
908 1640 949 1680 in
981 1638 1162 1692 collegio
1191 1636 1379 1679 Romano
1412 1634 1456 1678 S.
1485 1633 1513 1676 I.
1551 1647 1692 1676 asser-

300 1724 419 1758 vatos
451 1730 760 1772 excerpseram,
794 1715 1029 1758 Florentiae
1062 1717 1234 1771 inspexi.

415 1793 464 1836 Et
498 1796 673 1836 omnium
707 1795 868 1850 quidem
901 1793 1235 1836 emendatissime
1259 1794 1434 1848 scriptus
1460 1798 1542 1842 est,
1574 1804 1692 1846 quem

305 1871 490 1914 Venetiis
522 1872 693 1922 contuli,
726 1872 856 1915 codex
887 1872 983 1915 olim
1011 1871 1245 1921 Nanianus,
1276 1884 1383 1912 nunc
1414 1869 1693 1912 bibliothecae

304 1950 353 1991 1).
395 1949 529 1993 Marci
577 1951 728 1993 classis
766 1949 838 1992 xl.
881 1951 970 1993 cod.
1012 1948 1202 2000 LXVII„
1253 1957 1344 1991 ante
1392 1962 1540 1990 annum
1586 1946 1695 1988 1432

306 2031 481 2085 scriptus
514 2031 555 2071 in
585 2043 701 2071 usum
731 2031 809 2071 viri
843 2029 1136 2077 literatissimi,
1173 2035 1264 2084 post
1296 2026 1554 2076 Cardinalis,
1584 2024 1695 2068 Leo-

304 2107 424 2149 nardi
461 2107 673 2164 Baptistae
711 2107 893 2157 Alberu3
939 2109 1053 2149 cuius
1096 2108 1156 2148 rei
1200 2108 1242 2147 in
1279 2108 1368 2161 ipso
1406 2104 1513 2146 libro
1554 2103 1697 2146 notula

304 2188 562 2241 praescripta
600 2186 842 2228 documento
883 2192 956 2227 est.
1024 2183 1097 2226 Est
1137 2183 1497 2232 membranaceus,
1537 2183 1695 2224 formae

308 2271 499 2319 quartae,
543 2277 662 2319 quam
708 2270 877 2313 vocant,
923 2264 1114 2312 minoris,
1159 2262 1286 2303 nitide
1332 2267 1524 2302 exaratus
1563 2260 1697 2302 literis

305 2341 468 2390 latinis,
507 2342 651 2396 quales
679 2348 772 2383 tunc
803 2341 909 2397 apud
938 2339 1065 2382 Italos
1103 2342 1145 2382 in
1176 2353 1254 2382 usu
1289 2346 1427 2389 erant,
1458 2338 1696 2380 mendorum

308 2432 439 2474 paene
481 2420 691 2469 immunis3
725 2433 820 2461 raro
859 2419 909 2461 ab
952 2421 1120 2474 antiqua
1160 2426 1198 2460 et
1235 2417 1365 2474 proba
1400 2415 1696 2458 vocabulorum

309 2496 618 2539 scribendorum
649 2499 807 2539 ratione
840 2497 1034 2545 discedit,
1067 2496 1173 2551 quod
1204 2497 1321 2552 periti
1355 2494 1474 2536 simul
1500 2501 1536 2536 et
1562 2494 1696 2536 fidelis

310 2576 521 2630 scriptoris
558 2577 717 2629 signum
750 2583 823 2617 est.
880 2575 995 2618 Hunc
1032 2576 1222 2617 Venetam
1246 2575 1433 2626 priorem
1464 2573 1568 2614 dico.

425 2651 585 2695 (lentuli
618 2655 760 2698 etiam,
793 2654 865 2696 sed
897 2661 986 2710 post
1019 2654 1246 2696 consectum
1276 2653 1483 2705 negotium
1506 2652 1572 2692 xix
1599 2664 1696 2705 ope-

312 2743 383 2773 rae
421 2733 588 2786 pretium
620 2745 681 2774 me
713 2733 864 2775 secisse
896 2733 1026 2783 sensi,
1065 2732 1255 2774 Venetam
1287 2730 1432 2773 alium.
1473 2742 1592 2785 quem
1623 2741 1696 2770 nu-
