1835 3126
310 234 443 279 40ss
737 227 1269 273 EXPLICATIONES

311 344 507 385 serviebat
545 342 720 394 quamvis
759 340 975 389 humiliter,
1016 345 1056 380 ut
1091 343 1213 381 auctis
1252 342 1442 383 clientelis
1477 341 1595 381 latius
1633 339 1704 380 do-

313 412 541 450 minaretur.
586 409 670 448 Hoc
694 420 770 448 non
789 408 1021 448 Plutarchus
1051 408 1175 447 solum
1197 413 1376 457 testatur,
1405 410 1511 448 cuius
1536 408 1706 447 auctori-

311 482 392 516 tate
411 477 597 527 Meyerus
628 477 746 515 utitur
774 473 824 526 (c.
849 475 906 526 7.)
938 474 1006 514 sed
1038 476 1153 514 etiam
1181 474 1318 514 Cicero
1344 474 1417 514 Off.
1442 476 1472 515 Ι.
1499 477 1571 524 30,
1605 477 1705 515 109:

312 547 470 594 'itemque
500 544 567 581 11111
577 572 588 589 ,
633 546 695 593 qui
726 543 871 592 quidvis
899 545 1176 592 perpetiantur,
1209 543 1326 578 cuivis
1355 541 1581 588 deserviant,
1620 542 1708 579 dum

315 611 414 661 quod
442 611 554 647 velint
586 615 875 660 consequantur,
905 615 945 646 ut
969 609 1116 647 Sullam
1146 614 1179 645 et
1203 611 1261 646 M.
1282 607 1458 645 Crassum
1481 608 1706 645 videbamus.

430 677 468 713 G.
500 677 680 726 Fimbria]
712 675 1062 716 turbulentissimus
1094 674 1334 714 asseclarum
1362 673 1498 713 Marii.
1555 673 1592 712 Is
1625 686 1709 713 cum

314 743 354 781 111
384 742 480 781 111116
519 743 702 782 caedibus
746 748 782 782 et
821 743 969 794 rapinis
1005 742 1240 782 assuevisset
1277 746 1313 780 et
1350 741 1389 779 in
1419 740 1543 780 Marii
1573 740 1710 780 funere

314 809 534 861 pontificem
572 811 776 849 maximum
818 810 864 858 Q.
900 810 1133 850 Scaevolam
1176 808 1358 859 iugulare
1399 812 1560 846 conatus
1596 812 1709 855 esset,

314 876 471 926 legatus
505 877 550 916 L.
581 877 731 918 Valerii
758 877 893 917 Flacci
934 877 1120 917 adversus
1150 876 1302 916 Sullam
1341 875 1448 914 missi
1487 874 1708 924 legionibus

314 943 457 982 illectis
487 943 595 983 illum
628 944 677 983 ad
711 950 871 984 mortem
902 945 1000 995 egit,
1031 946 1116 996 ipse
1148 948 1275 982 autem
1307 941 1507 981 deficiente
1538 942 1712 980 exercitu

316 1016 435 1048 semet
459 1011 599 1050 occidit
623 1024 657 1050 a.
675 1013 769 1051 669.
814 1012 858 1052 V.
880 1013 963 1051 Liv.
991 1023 1050 1063 ep.
1068 1010 1267 1050 LXXXII.
1305 1009 1517 1048 Drumann.
1545 1008 1643 1048 Hist.
1661 1008 1708 1048 R.

319 1081 346 1114 t.
370 1077 416 1115 ΙΙ.
449 1089 486 1128 p.
514 1078 629 1125 452„
661 1090 772 1130 quem
803 1078 969 1117 1111100111
997 1079 1195 1128 Meyerus.

430 1146 564 1180 'insano
596 1148 690 1181 iuter
719 1145 890 1193 disertos]
933 1145 1021 1183 hinc
1064 1144 1282 1182 illustratur
1318 1140 1421 1192 qnod
1459 1146 1556 1180 teste
1591 1141 1711 1191 Quin-

316 1207 455 1246 tiliano
486 1207 587 1248 VIII.
617 1210 661 1257 3,
692 1211 758 1248 32.
789 1209 885 1248 dixit
915 1209 1181 1256 ftmbriatzwirc
1211 1210 1236 1248 i.
1268 1219 1300 1247 e.
1336 1208 1508 1247 insanire
1537 1208 1577 1246 in
1608 1208 1711 1247 Fim-

316 1275 429 1313 briae
459 1274 623 1313 modum.
682 1275 906 1314 Formulam
938 1276 1037 1311 ulios
1069 1289 1128 1312 res
1158 1287 1287 1322 agere,
1328 1274 1434 1311 cuius
1471 1274 1585 1324 origo
1619 1286 1639 1313 e
1668 1286 1712 1313 re

319 1352 436 1380 sacra
478 1341 691 1393 repetenda
735 1347 816 1390 est,
864 1341 1038 1380 illustrat
1083 1340 1332 1381 Ruhnkenius
1379 1339 1418 1377 in
1460 1339 1552 1378 Ter.
1582 1332 1710 1380 Ἀ11111.

321 1407 350 1446 I.
382 1410 427 1455 2,
456 1407 521 1447 15.

432 1476 526 1514 234.
590 1475 654 1512 Cn.
694 1475 877 1512 Lentulus
922 1472 1140 1522 Clodianus]
1188 1472 1322 1512 consul
1361 1484 1396 1511 a.
1427 1473 1531 1520 682,
1576 1483 1715 1512 censor

319 1541 424 1589 684,
467 1547 669 1593 utrumque
710 1553 792 1581 011111
832 1542 878 1581 L.
911 1540 1038 1582 Gellio
1075 1540 1304 1592 Poplicola3
1347 1540 1500 1590 legatus
1539 1539 1716 1592 Pompeii

319 1606 426 1647 bello
452 1608 704 1660 praedonum.
763 1608 917 1649 Laudat
946 1608 1178 1659 gravitatem
1207 1609 1247 1647 in
1277 1620 1323 1648 60
1355 1613 1392 1647 61
1421 1606 1623 1647 consilium
1648 1607 1714 1647 Ci-

320 1685 411 1714 cero
442 1676 583 1716 Manil.
617 1678 691 1725 23,
722 1677 790 1717 68.
1335 1668 1338 1673 ’

433 1743 591 1793 calebat]
621 1744 816 1784 studiosos
850 1741 1046 1782 auditores
1068 1741 1256 1789 habebat,
1285 1740 1529 1793 probabatur
1555 1739 1715 1779 audien—

320 1807 435 1847 tibus.
493 1810 638 1848 Iudicia
684 1812 804 1848 calere
845 1810 1042 1856 (licuntur,
1089 1820 1172 1847 cum
1217 1819 1361 1847 summo
1408 1806 1533 1846 studio
1580 1807 1716 1860 populi

322 1880 570 1923 exercentur,
610 1877 690 1916 Cic.
720 1879 796 1916 Att.
826 1876 890 1916 IV.
924 1878 1010 1922 16.;
1050 1888 1218 1912 rumores
1246 1876 1390 1920 calent,
1429 1886 1511 1913 cum
1549 1875 1716 1914 omnium

324 1952 392 1980 ore
417 1942 633 1981 circumlati
654 1955 677 1981 a
700 1943 875 1995 plurimis
902 1941 1121 1980 creduntur.
1164 1942 1289 1980 Aliter
1312 1941 1461 1979 locutus
1488 1946 1544 1980 est
1567 1942 1714 1980 Hirtius

324 2007 375 2045 ad
411 2008 637 2047 Ciceronem
679 2009 729 2048 ad
757 2012 834 2048 Att.
863 2009 946 2049 XV.
978 2010 1026 2047 ss:
1065 2021 1116 2044 aa
1145 2021 1231 2056 eyo,
1275 2020 1356 2043 eum
1395 2020 1520 2044 omnes
1554 2008 1714 2054 caleant,

322 2076 510 2122 ‘iynuviter
538 2076 682 2124 aliquid
708 2074 878 2122 faciam?
907 2075 933 2112 i.
960 2086 994 2113 e.
1027 2085 1109 2112 Cum
1141 2073 1283 2112 ardore
1313 2074 1387 2111 Sint
1415 2073 1576 2112 incensi.

436 2142 531 2181 235.
589 2144 632 2178 P.
664 2141 857 2190 Lentulus]
898 2144 1152 2189 cognomento
1191 2141 1312 2184 Sura,
1356 2139 1470 2178 homo
1505 2139 1642 2179 foedus
1680 2146 1717 2179 61

321 2205 550 2245 libidinibus
573 2207 747 2255 insaniis,
777 2208 842 2259 qui
864 2212 952 2259 post
977 2206 1218 2245 consulatum
1243 2218 1278 2244 a.
1303 2206 1382 2244 683
1405 2211 1556 2255 gestum
1580 2218 1604 2245 a
1627 2219 1716 2246 cen-

324 2273 477 2312 soribus
510 2273 579 2313 Cn.
604 2274 770 2313 Lentulo
802 2278 839 2313 61
867 2274 912 2312 L.
941 2273 1067 2313 Gellio
1092 2277 1228 2311 senatu
1256 2276 1379 2311 motus
1405 2272 1594 2312 Cicerone
1625 2285 1718 2313 con-

324 2340 409 2378 sule
440 2352 481 2379 se
510 2346 730 2392 praetorem
761 2342 898 2379 iterum
923 2340 1051 2379 creari
1074 2340 1184 2388 fecit,
1215 2344 1257 2378 ut
1284 2339 1323 2377 in
1350 2344 1524 2378 senatum
1550 2327 1717 2388 redirem

295 2405 411 2452 sed,
455 2418 537 2445 cum
578 2409 706 2447 socius
744 2407 938 2448 Catilinae
975 2407 1132 2455 fuisset,
1176 2419 1225 2446 ex
1263 2411 1417 2445 senatus
1460 2407 1636 2447 consulto
1676 2407 1717 2446 in

325 2484 484 2512 earcere
515 2475 738 2514 interfectus
771 2480 840 2514 est.

436 2541 591 2582 LXVII.
651 2543 745 2581 2:36.
804 2545 862 2579 M.
893 2541 997 2590 Piso]
1036 2540 1094 2580 M.
1125 2540 1270 2591 Pupius
1306 2540 1397 2579 Piso
1429 2538 1717 2591 Calpurnianus

326 2607 460 2646 consul
486 2620 521 2646 a.
547 2610 628 2648 693
654 2621 777 2661 opera
796 2608 992 2660 Pompeii,
1024 2608 1131 2646 cuius
1157 2607 1263 2646 bello
1288 2606 1556 2646 Mithridatico
1581 2606 1717 2657 legata

326 2674 473 2722 suerat,
506 2675 573 2714 sed
603 2680 708 2715 tanto
740 2676 865 2715 maior
890 2676 1100 2722 Cicerone,
1132 2679 1170 2713 ut
1199 2675 1233 2713 is
1266 2686 1290 2713 a
1320 2678 1431 2725 patre
1461 2673 1510 2712 ad
1535 2674 1714 2713 Pisonem

330 2740 603 2792 deduceretur,
637 2743 742 2796 quod
772 2744 812 2783 in
843 2755 888 2784 eo
921 2743 1104 2795 autiquae
1133 2742 1236 2783 vitae
1266 2739 1474 2780 similitudo
1507 2746 1543 2781 et
1573 2741 1715 2781 inultae
