1835 3126
500 185 759 232 BRUTUS
793 187 912 233 CAP.
943 189 1011 233 61.
1041 191 1109 234 62.
1381 193 1502 239 252

108 305 243 342 natum
288 310 333 341 se
374 296 560 342 Caesare
600 300 771 343 consule
808 314 890 345 non
928 302 1149 353 accedere,
1195 303 1269 345 sed
1308 304 1349 346 id
1387 304 1499 348 dicat

104 378 194 433 ipso
226 376 397 419 consule
428 379 571 420 exiens
611 391 633 421 e
666 385 823 421 senatu.
883 378 969 422 lam
1001 382 1067 436 qui
1099 380 1178 423 hac
1208 387 1323 436 parte
1356 384 1495 433 animi,

104 466 209 509 quae
256 461 395 497 custos
437 462 499 498 est
541 462 771 498 ceterarum
809 458 949 511 ingeni
989 459 1185 514 partium,
1225 465 1309 500 tam
1345 459 1497 503 debilis

103 538 237 582 esset,
282 540 324 574 ut
367 546 418 575 ne
467 535 508 575 in
547 537 699 591 scripto
745 535 907 591 quidem
946 537 1200 579 meminisset
1239 537 1335 592 quid
1373 537 1496 594 paulo

104 616 197 652 ante
228 612 455 666 posuisset,
487 611 581 655 huic
612 615 776 655 minime
810 615 954 656 mirum
979 621 1041 657 est
1065 628 1116 657 ex
1137 622 1318 671 tempore
1343 615 1498 659 dicenti

100 687 266 730 solitam
297 688 465 732 effluere
496 698 683 734 mentem.
734 692 831 734 220.
862 691 1003 748 Itaque
1028 706 1117 735 cum
1149 694 1189 735 ei
1214 706 1292 735 nec
1315 693 1496 737 officium

100 764 267 808 deesset
314 773 354 809 et
391 767 588 822 flagraret
625 769 759 811 studio
799 769 986 818 dicendi,
1030 783 1264 826 perpaucae
1307 771 1360 816 ad
1402 785 1495 814 eum

100 855 256 886 causae
288 844 590 887 deserebantur.
649 844 802 888 Orator
831 852 966 887 autem
994 847 1101 888 vivis
1129 847 1220 888 eius
1247 847 1496 902 aequalibus

97 933 317 975 proxumus
355 924 529 978 optumis
575 922 869 964 numerabatur
910 929 1076 978 propter
1116 923 1337 966 verborum
1373 923 1497 966 boni-

96 1004 242 1048 tatem,
277 1004 318 1040 ut
349 1005 442 1040 ante
472 999 576 1049 dixi,
609 1006 649 1041 et
679 999 910 1056 expeditam
942 1013 993 1042 ac
1022 999 1290 1057 profluentem
1315 1002 1495 1057 quodam

97 1075 218 1118 modo
242 1075 520 1127 celeritatemx
550 1075 692 1132 ltaque
716 1079 806 1120 eius
831 1080 1043 1121 orationes
1066 1079 1331 1135 aspiciendas
1355 1087 1495 1123 tamen

97 1165 262 1196 censeo.
308 1160 401 1196 sunt
422 1154 522 1196 illae
551 1155 715 1210 quidem
737 1155 1045 1211 languidiores,
1070 1169 1213 1199 verum
1236 1164 1375 1200 tamen
1395 1171 1494 1214 pos-

100 1238 193 1273 sunt
223 1244 377 1286 augere
405 1239 445 1274 et
469 1234 589 1288 quasi
614 1233 728 1275 alere
760 1234 801 1276 id
824 1234 996 1285 bonum,
1029 1234 1138 1290 quod
1162 1236 1207 1277 in
1236 1235 1309 1278 illo
1334 1236 1495 1279 medio-

100 1310 225 1350 criter
246 1309 376 1352 fuisse
400 1311 682 1353 concedimus:
716 1312 825 1367 quod
846 1312 970 1355 habet
992 1319 1148 1355 tantam
1170 1314 1266 1364 vim,
1296 1320 1338 1356 ut
1358 1314 1493 1357 solum

97 1387 188 1428 sine
226 1386 322 1429 aliis
359 1389 403 1430 in
433 1387 611 1431 Curione
652 1391 833 1445 speciem
868 1392 1048 1433 oratoris
1086 1391 1264 1434 alicuius
1295 1391 1490 1435 effecerit.

97 1463 184 1507 Sed
211 1465 264 1507 ad
294 1467 479 1508 instituta
506 1467 739 1510 redeamus.

208 1541 339 1584 LXII
374 1543 558 1612 2215111
595 1545 742 1587 eodem
766 1546 896 1611 igitur
924 1558 1095 1609 numero
1117 1545 1319 1603 eiusdem
1323 1547 1495 1593 aetatis
1548 1584 1551 1586 .
1590 1577 1619 1582 ψη

97 1618 142 1661 (1.
152 1618 313 1697 Carbo
344 1621 441 1672 suit,
482 1616 609 1665 illius
612 1606 970 1679 eloquentissumi
995 1624 1074 1666 viri
1105 1622 1235 1674 filius,
1270 1635 1354 1665 non
1384 1625 1489 1667 satis

180 1742 240 1770 219.
277 1743 308 1769 in
326 1744 476 1779 senatum]
498 1745 526 1771 in
545 1748 661 1772 senatu.

97 1826 339 1866 quantumque
371 1822 440 1856 sibi
476 1823 554 1868 ipse
584 1828 823 1869 repugnasset
854 1821 1047 1857 monstrari
1080 1821 1265 1866 debuerit,
1301 1835 1374 1859 non
1403 1824 1491 1860 satis

95 1877 318 1912 manifestum
342 1877 386 1912 fit
409 1877 582 1924 flagitium
607 1879 716 1923 illud,
742 1880 811 1915 nisi
837 1879 971 1915 mentio
995 1878 1063 1914 fiat
1087 1879 1134 1914 de
1159 1879 1317 1916 Caesare
1344 1882 1492 1918 consule

92 1933 321 1978 planissuma.
332 1935 356 1952 ‘⁶
403 1933 652 1981 Bernhardy.

185 2015 280 2052 LXI.
328 2016 406 2054 219.
452 2019 751 2065 praeterissent]
775 2020 827 2054 sic
843 2019 909 2066 Lg
928 2024 1077 2066 praeter
1095 2018 1151 2054 20.
1177 2028 1321 2062 omnes,
1346 2018 1439 2055 Ven.
1458 2020 1489 2055 1.

94 2071 162 2108 Gn.
182 2073 212 2108 l.
248 2073 304 2107 ed.
326 2085 381 2118 pr.
419 2078 719 2120 praeteriissent
742 2075 829 2111 Er.n
855 2087 933 2120 sqq.
959 2095 1005 2101 —-
1042 2078 1082 2110 in
1105 2076 1300 2118 senatum]
1323 2075 1491 2111 Lambini

94 2127 186 2162 haec
207 2129 387 2173 scriptura
410 2128 576 2164 firmatur
601 2130 667 2176 Lg.
695 2131 750 2165 20.
773 2130 829 2165 35.
856 2130 909 2164 56.
957 2130 1052 2165 Reli.
1078 2136 1114 2165 et
1139 2130 1220 2166 edd.
1247 2136 1336 2166 vett.
1367 2134 1410 2166 in
1433 2143 1491 2167 se-

100 2189 208 2220 natu.
257 2184 352 2218 Mox
376 2185 432 2220 ed.
460 2197 513 2230 pr.
539 2186 609 2220 sed
632 2191 669 2221 et
692 2186 736 2221 id
761 2187 892 2221 dicat.-
919 2188 1005 2232 ipse
1029 2198 1108 2222 cos,
1136 2189 1271 2222 exiens
1295 2199 1316 2221 e
1339 2192 1489 2225 senatu.

183 2267 261 2302 220.
305 2269 548 2314 proxumus]
573 2270 625 2303 sic
648 2267 715 2314 Lg.
743 2275 889 2313 praeter
911 2269 966 2305 20.
993 2269 1070 2312 56„
1097 2270 1182 2303 item
1206 2267 1282 2304 Ott.
1301 2289 1348 2294 —
1380 2275 1489 2317 optu-

95 2324 188 2367 mis]
212 2323 262 2358 sic
287 2323 352 2369 Lg.
377 2329 525 2370 praeter
547 2325 601 2359 20.
623 2324 678 2360 39.
701 2324 755 2359 56.
778 2324 834 2361 58.
873 2328 1078 2372 oportunis
1102 2325 1156 2360 58.
1182 2346 1227 2351 —
1256 2325 1488 2371 bonitatem]

94 2383 332 2415 varietatem
351 2380 405 2415 ed.
425 2392 477 2426 pr.
494 2400 541 2408 ·—-
567 2393 615 2416 ac
625 2381 904 2428 profluentem]
924 2386 961 2417 et
972 2383 1090 2429 prosl.
1113 2381 1180 2416 Gu.
1196 2383 1227 2416 l.
1246 2401 1291 2408 —
1315 2383 1490 2428 quodam

94 2436 228 2479 modo]
256 2437 416 2479 divisim,
444 2442 482 2470 ut
505 2449 647 2483 semper
669 2438 915 2480 scribendum,
938 2437 1004 2483 Lg.
1021 2438 1052 2473 8.
1070 2437 1126 2473 39.
1147 2439 1203 2473 70.
1223 2459 1265 2465 -
1294 2442 1489 2486 aspicien-

95 2492 185 2535 das]
218 2492 296 2527 libri
333 2504 458 2527 omnes
488 2494 566 2528 sine
597 2495 634 2530 d.
659 2513 704 2519 —
745 2493 1016 2538 mediocriter]
1047 2494 1248 2529 mediocre
1273 2494 1489 2530 Schneideri

94 2549 252 2593 suspicio
279 2560 334 2593 ep.
363 2550 409 2584 ad
433 2550 636 2597 Langerum
664 2563 699 2596 p.
724 2550 780 2585 30.
827 2551 943 2585 Recte
969 2549 1055 2585 dicit
1081 2550 1322 2596 Bernhardy,
1354 2550 1392 2584 id
1417 2550 1488 2585 Cu-

92 2605 206 2638 rionis
231 2604 313 2638 huic
338 2607 653 2653 quantulocunque
676 2607 776 2642 bono
801 2618 874 2641 non
899 2606 987 2641 nihil
1011 2607 1119 2642 etiam
1144 2606 1347 2642 detrahere.
1389 2605 1487 2641 Nam

95 2670 175 2694 cum
192 2660 324 2695 bonum
349 2663 384 2696 in
409 2662 529 2708 aliquo
554 2664 810 2699 mediocriter
835 2663 963 2698 dicitur
979 2674 1080 2706 esse,
1105 2663 1135 2697 is
1161 2664 1197 2697 in
1218 2675 1263 2697 ea
1281 2674 1321 2697 re
1344 2662 1489 2698 minime

96 2716 209 2752 malus
237 2728 318 2753 esse
343 2718 537 2764 iudicatum
560 2721 591 2757 si
619 2720 715 2766 quod
738 2719 955 2761 mediocre,
981 2729 1054 2756 non
1076 2730 1166 2755 sane
1189 2719 1317 2754 bonus.

1154 2787 1210 2831 17
