<?xml version="1.0" encoding="UTF-8"?>
<!DOCTYPE html PUBLIC "-//W3C//DTD XHTML 1.0 Transitional//EN"
    "http://www.w3.org/TR/xhtml1/DTD/xhtml1-transitional.dtd">
<html xmlns="http://www.w3.org/1999/xhtml" xml:lang="en" lang="en">
 <head>
  <title>
</title>
<meta http-equiv="Content-Type" content="text/html;charset=utf-8" />
  <meta name='ocr-system' content='tesseract 3.04.00' />
  <meta name='ocr-capabilities' content='ocr_page ocr_carea ocr_par ocr_line ocrx_word'/>
</head>
<body>
  <div class='ocr_page' id='page_1' title='image "./brutussivedeclar00ciceuoft/brutussivedeclar00ciceuoft_0181.png"; bbox 0 0 1835 3126; ppageno 0'>
   <div class='ocr_carea' id='block_1_1' title="bbox 0 1748 5 2658">
    <p class='ocr_par' dir='ltr' id='par_1_1' title="bbox 0 1748 5 2658">
     <span class='ocr_line' id='line_1_1' title="bbox 0 1748 5 2658; baseline 0 0"><span class='ocrx_word' id='word_1_1' title='bbox 0 1748 5 2658; x_wconf 95' lang='lat' dir='ltr'> </span> 
     </span>
    </p>
   </div>
   <div class='ocr_carea' id='block_1_2' title="bbox 577 167 1512 216">
    <p class='ocr_par' dir='ltr' id='par_1_2' title="bbox 577 167 1512 216">
     <span class='ocr_line' id='line_1_2' title="bbox 577 167 1512 216; baseline 0.005 -6"><span class='ocrx_word' id='word_1_2' title='bbox 577 167 825 212; x_wconf 89' lang='lat' dir='ltr'><strong>BRUTUS</strong></span> <span class='ocrx_word' id='word_1_3' title='bbox 867 167 986 211; x_wconf 85' lang='lat' dir='ltr'>CAP.</span> <span class='ocrx_word' id='word_1_4' title='bbox 1017 169 1055 211; x_wconf 85' lang='lat'>5.</span> <span class='ocrx_word' id='word_1_5' title='bbox 1406 171 1512 216; x_wconf 82' lang='lat'>161</span> 
     </span>
    </p>
   </div>
   <div class='ocr_carea' id='block_1_3' title="bbox 116 281 1541 1572">
    <p class='ocr_par' dir='ltr' id='par_1_3' title="bbox 116 281 1541 1572">
     <span class='ocr_line' id='line_1_3' title="bbox 126 281 1512 337; baseline 0.001 -14"><span class='ocrx_word' id='word_1_6' title='bbox 126 282 274 337; x_wconf 86' lang='lat' dir='ltr'><strong>pimus:</strong></span> <span class='ocrx_word' id='word_1_7' title='bbox 314 281 457 336; x_wconf 83' lang='lat' dir='ltr'>eisque</span> <span class='ocrx_word' id='word_1_8' title='bbox 490 286 651 323; x_wconf 85' lang='lat' dir='ltr'>nosmet</span> <span class='ocrx_word' id='word_1_9' title='bbox 689 281 769 336; x_wconf 88' lang='lat' dir='ltr'>ipsi</span> <span class='ocrx_word' id='word_1_10' title='bbox 811 281 862 322; x_wconf 86' lang='lat' dir='ltr'>ad</span> <span class='ocrx_word' id='word_1_11' title='bbox 894 286 1076 323; x_wconf 89' lang='lat' dir='ltr'>veterum</span> <span class='ocrx_word' id='word_1_12' title='bbox 1105 294 1241 324; x_wconf 87' lang='lat' dir='ltr'>rerum</span> <span class='ocrx_word' id='word_1_13' title='bbox 1271 283 1512 325; x_wconf 86' lang='lat' dir='ltr'>memoriam</span> 
     </span>
     <span class='ocr_line' id='line_1_4' title="bbox 126 357 1512 414; baseline 0.001 -13"><span class='ocrx_word' id='word_1_14' title='bbox 126 357 549 414; x_wconf 84' lang='lat' dir='ltr'>comprehendendam</span> <span class='ocrx_word' id='word_1_15' title='bbox 599 357 764 414; x_wconf 89' lang='lat' dir='ltr'>impulsi</span> <span class='ocrx_word' id='word_1_16' title='bbox 817 364 938 414; x_wconf 84' lang='lat' dir='ltr'>atque</span> <span class='ocrx_word' id='word_1_17' title='bbox 993 361 1153 402; x_wconf 86' lang='lat' dir='ltr'>incensi</span> <span class='ocrx_word' id='word_1_18' title='bbox 1197 373 1348 403; x_wconf 92' lang='lat' dir='ltr'>sumus.</span> <span class='ocrx_word' id='word_1_19' title='bbox 1424 359 1512 403; x_wconf 88' lang='lat' dir='ltr'>Sed</span> 
     </span>
     <span class='ocr_line' id='line_1_5' title="bbox 122 435 1511 493; baseline 0.003 -16"><span class='ocrx_word' id='word_1_20' title='bbox 122 435 216 486; x_wconf 80' lang='lat' dir='ltr'>illa,</span> <span class='ocrx_word' id='word_1_21' title='bbox 248 449 339 477; x_wconf 89' lang='lat' dir='ltr'>cum</span> <span class='ocrx_word' id='word_1_22' title='bbox 367 437 540 493; x_wconf 84' lang='lat' dir='ltr'>poteris:</span> <span class='ocrx_word' id='word_1_23' title='bbox 574 442 694 492; x_wconf 86' lang='lat' dir='ltr'>atquc</span> <span class='ocrx_word' id='word_1_24' title='bbox 724 443 766 478; x_wconf 86' lang='lat' dir='ltr'>ut</span> <span class='ocrx_word' id='word_1_25' title='bbox 792 438 952 493; x_wconf 88' lang='lat' dir='ltr'>possis,</span> <span class='ocrx_word' id='word_1_26' title='bbox 981 451 1098 492; x_wconf 84' lang='lat' dir='ltr'>rogo.</span> <span class='ocrx_word' id='word_1_27' title='bbox 1156 437 1225 480; x_wconf 87' lang='grc'>20.</span> <span class='ocrx_word' id='word_1_28' title='bbox 1255 436 1372 480; x_wconf 92' lang='lat' dir='ltr'>Nunc</span> <span class='ocrx_word' id='word_1_29' title='bbox 1396 452 1511 490; x_wconf 86' lang='lat' dir='ltr'>vero,</span> 
     </span>
     <span class='ocr_line' id='line_1_6' title="bbox 123 515 1508 572; baseline 0.002 -17"><span class='ocrx_word' id='word_1_30' title='bbox 123 515 274 569; x_wconf 90' lang='lat' dir='ltr'>inquit,</span> <span class='ocrx_word' id='word_1_31' title='bbox 305 515 342 556; x_wconf 92' lang='lat' dir='ltr'>si</span> <span class='ocrx_word' id='word_1_32' title='bbox 370 527 415 556; x_wconf 92' lang='lat' dir='ltr'>es</span> <span class='ocrx_word' id='word_1_33' title='bbox 450 516 587 557; x_wconf 90' lang='lat' dir='ltr'>animo</span> <span class='ocrx_word' id='word_1_34' title='bbox 610 527 762 565; x_wconf 90' lang='lat' dir='ltr'>vacuo,</span> <span class='ocrx_word' id='word_1_35' title='bbox 795 529 951 572; x_wconf 80' lang='lat' dir='ltr'>expone</span> <span class='ocrx_word' id='word_1_36' title='bbox 982 515 1102 558; x_wconf 90' lang='lat' dir='ltr'>nobis</span> <span class='ocrx_word' id='word_1_37' title='bbox 1127 516 1236 571; x_wconf 87' lang='lat' dir='ltr'>quod</span> <span class='ocrx_word' id='word_1_38' title='bbox 1259 517 1508 572; x_wconf 84' lang='lat' dir='ltr'>quaerimus.</span> 
     </span>
     <span class='ocr_line' id='line_1_7' title="bbox 123 591 1510 651; baseline 0.002 -18"><span class='ocrx_word' id='word_1_39' title='bbox 123 591 328 642; x_wconf 85' lang='lat' dir='ltr'>Quidnam</span> <span class='ocrx_word' id='word_1_40' title='bbox 364 599 428 634; x_wconf 87' lang='lat' dir='ltr'>est</span> <span class='ocrx_word' id='word_1_41' title='bbox 468 592 537 635; x_wconf 60' lang='lat' dir='ltr'>idi</span> <span class='ocrx_word' id='word_1_42' title='bbox 584 593 762 648; x_wconf 86' lang='lat' dir='ltr'>inquam.</span> <span class='ocrx_word' id='word_1_43' title='bbox 824 592 944 644; x_wconf 89' lang='lat' dir='ltr'>Quod</span> <span class='ocrx_word' id='word_1_44' title='bbox 987 593 1086 635; x_wconf 91' lang='lat' dir='ltr'>mihi</span> <span class='ocrx_word' id='word_1_45' title='bbox 1116 608 1245 651; x_wconf 84' lang='lat' dir='ltr'>nuper</span> <span class='ocrx_word' id='word_1_46' title='bbox 1273 595 1316 636; x_wconf 91' lang='lat' dir='ltr'>in</span> <span class='ocrx_word' id='word_1_47' title='bbox 1346 593 1510 637; x_wconf 90' lang='lat' dir='ltr'>Tuscu-</span> 
     </span>
     <span class='ocr_line' id='line_1_8' title="bbox 120 669 1512 728; baseline 0.002 -17"><span class='ocrx_word' id='word_1_48' title='bbox 120 669 218 713; x_wconf 87' lang='lat' dir='ltr'>lano</span> <span class='ocrx_word' id='word_1_49' title='bbox 263 670 512 713; x_wconf 87' lang='lat' dir='ltr'>inchoavisti</span> <span class='ocrx_word' id='word_1_50' title='bbox 549 670 598 713; x_wconf 91' lang='lat' dir='ltr'>dc</span> <span class='ocrx_word' id='word_1_51' title='bbox 637 671 893 722; x_wconf 85' lang='lat' dir='ltr'>oratoribus,</span> <span class='ocrx_word' id='word_1_52' title='bbox 939 672 1102 727; x_wconf 84' lang='lat' dir='ltr'>quando</span> <span class='ocrx_word' id='word_1_53' title='bbox 1140 685 1235 714; x_wconf 90' lang='lat' dir='ltr'>esse</span> <span class='ocrx_word' id='word_1_54' title='bbox 1275 673 1512 728; x_wconf 88' lang='lat' dir='ltr'>coepissent</span> 
     </span>
     <span class='ocr_line' id='line_1_9' title="bbox 123 748 1509 805; baseline 0.001 -15"><span class='ocrx_word' id='word_1_55' title='bbox 123 751 190 803; x_wconf 88' lang='lat' dir='ltr'>qui</span> <span class='ocrx_word' id='word_1_56' title='bbox 233 750 357 791; x_wconf 85' lang='lat' dir='ltr'>etiam</span> <span class='ocrx_word' id='word_1_57' title='bbox 388 756 427 791; x_wconf 89' lang='lat' dir='ltr'>et</span> <span class='ocrx_word' id='word_1_58' title='bbox 457 749 602 805; x_wconf 87' lang='lat' dir='ltr'>quales</span> <span class='ocrx_word' id='word_1_59' title='bbox 634 749 821 791; x_wconf 81' lang='lat' dir='ltr'>fuissent.</span> <span class='ocrx_word' id='word_1_60' title='bbox 882 748 1013 800; x_wconf 86' lang='lat' dir='ltr'>Quem</span> <span class='ocrx_word' id='word_1_61' title='bbox 1044 762 1123 803; x_wconf 85' lang='lat' dir='ltr'>ego</span> <span class='ocrx_word' id='word_1_62' title='bbox 1155 762 1387 792; x_wconf 90' lang='lat' dir='ltr'>sermonem</span> <span class='ocrx_word' id='word_1_63' title='bbox 1417 762 1509 792; x_wconf 90' lang='lat' dir='ltr'>cum</span> 
     </span>
     <span class='ocr_line' id='line_1_10' title="bbox 122 826 1508 881; baseline 0 -12"><span class='ocrx_word' id='word_1_64' title='bbox 122 827 175 869; x_wconf 89' lang='lat' dir='ltr'>ad</span> <span class='ocrx_word' id='word_1_65' title='bbox 204 826 372 869; x_wconf 89' lang='lat' dir='ltr'>Brutum</span> <span class='ocrx_word' id='word_1_66' title='bbox 409 834 519 869; x_wconf 87' lang='lat' dir='ltr'>tuum</span> <span class='ocrx_word' id='word_1_67' title='bbox 554 826 622 868; x_wconf 86' lang='lat' dir='ltr'>vel</span> <span class='ocrx_word' id='word_1_68' title='bbox 660 834 844 868; x_wconf 86' lang='lat' dir='ltr'>nostrum</span> <span class='ocrx_word' id='word_1_69' title='bbox 880 827 1015 881; x_wconf 87' lang='lat' dir='ltr'>potius</span> <span class='ocrx_word' id='word_1_70' title='bbox 1052 826 1329 875; x_wconf 80' lang='lat' dir='ltr'>detulissem‚··</span> <span class='ocrx_word' id='word_1_71' title='bbox 1355 839 1508 881; x_wconf 80' lang='lat' dir='ltr'>magno</span> 
     </span>
     <span class='ocr_line' id='line_1_11' title="bbox 120 885 1541 966; baseline -0.001 -19"><span class='ocrx_word' id='word_1_72' title='bbox 120 918 243 961; x_wconf 86' lang='lat' dir='ltr'>opere</span> <span class='ocrx_word' id='word_1_73' title='bbox 288 904 355 947; x_wconf 91' lang='lat' dir='ltr'>hic</span> <span class='ocrx_word' id='word_1_74' title='bbox 393 904 536 966; x_wconf 74' lang='lat' dir='ltr'>audire</span> <span class='ocrx_word' id='word_1_75' title='bbox 574 916 619 944; x_wconf 85' lang='lat' dir='ltr'>sc</span> <span class='ocrx_word' id='word_1_76' title='bbox 655 902 765 944; x_wconf 90' lang='lat' dir='ltr'>velle</span> <span class='ocrx_word' id='word_1_77' title='bbox 803 902 915 943; x_wconf 82' lang='lat' dir='ltr'>dixit.</span> <span class='ocrx_word' id='word_1_78' title='bbox 981 901 1123 958; x_wconf 90' lang='lat' dir='ltr'>Itaque</span> <span class='ocrx_word' id='word_1_79' title='bbox 1160 902 1268 945; x_wconf 89' lang='lat' dir='ltr'>hunc</span> <span class='ocrx_word' id='word_1_80' title='bbox 1305 885 1541 957; x_wconf 25' lang='lat' dir='ltr'>elegimus.</span> 
     </span>
     <span class='ocr_line' id='line_1_12' title="bbox 122 979 1510 1032; baseline -0.001 -7"><span class='ocrx_word' id='word_1_81' title='bbox 122 983 252 1032; x_wconf 90' lang='lat' dir='ltr'>diem,</span> <span class='ocrx_word' id='word_1_82' title='bbox 298 995 388 1024; x_wconf 90' lang='lat' dir='ltr'>cum</span> <span class='ocrx_word' id='word_1_83' title='bbox 422 988 462 1023; x_wconf 88' lang='lat' dir='ltr'>te</span> <span class='ocrx_word' id='word_1_84' title='bbox 500 982 701 1023; x_wconf 87' lang='lat' dir='ltr'>sciremus</span> <span class='ocrx_word' id='word_1_85' title='bbox 738 992 833 1022; x_wconf 79' lang='lat' dir='ltr'>esse</span> <span class='ocrx_word' id='word_1_86' title='bbox 868 992 1056 1022; x_wconf 86' lang='lat' dir='ltr'>vacuum.</span> <span class='ocrx_word' id='word_1_87' title='bbox 1122 979 1216 1031; x_wconf 88' lang='lat' dir='ltr'>Qua</span> <span class='ocrx_word' id='word_1_88' title='bbox 1251 994 1316 1031; x_wconf 84' lang='lat' dir='ltr'>re,</span> <span class='ocrx_word' id='word_1_89' title='bbox 1361 982 1398 1023; x_wconf 88' lang='lat' dir='ltr'>si</span> <span class='ocrx_word' id='word_1_90' title='bbox 1435 981 1510 1023; x_wconf 87' lang='lat' dir='ltr'>tihi</span> 
     </span>
     <span class='ocr_line' id='line_1_13' title="bbox 118 1057 1508 1114; baseline -0.001 -12"><span class='ocrx_word' id='word_1_91' title='bbox 118 1067 181 1102; x_wconf 87' lang='lat' dir='ltr'>est</span> <span class='ocrx_word' id='word_1_92' title='bbox 203 1059 477 1109; x_wconf 90' lang='lat' dir='ltr'>commodum,</span> <span class='ocrx_word' id='word_1_93' title='bbox 510 1058 585 1101; x_wconf 87' lang='lat' dir='ltr'>ede</span> <span class='ocrx_word' id='word_1_94' title='bbox 609 1058 703 1108; x_wconf 88' lang='lat' dir='ltr'>illa,</span> <span class='ocrx_word' id='word_1_95' title='bbox 735 1070 841 1113; x_wconf 86' lang='lat' dir='ltr'>quae</span> <span class='ocrx_word' id='word_1_96' title='bbox 866 1070 1088 1114; x_wconf 82' lang='lat' dir='ltr'>coeperas,</span> <span class='ocrx_word' id='word_1_97' title='bbox 1120 1065 1160 1101; x_wconf 87' lang='lat' dir='ltr'>et</span> <span class='ocrx_word' id='word_1_98' title='bbox 1179 1057 1306 1102; x_wconf 89' lang='lat' dir='ltr'>Bruto</span> <span class='ocrx_word' id='word_1_99' title='bbox 1334 1065 1374 1101; x_wconf 90' lang='lat' dir='ltr'>et</span> <span class='ocrx_word' id='word_1_100' title='bbox 1395 1059 1508 1101; x_wconf 89' lang='lat' dir='ltr'>mihi.</span> 
     </span>
     <span class='ocr_line' id='line_1_14' title="bbox 117 1136 1510 1193; baseline 0.001 -14"><span class='ocrx_word' id='word_1_101' title='bbox 117 1138 186 1179; x_wconf 87' lang='lat'>21.</span> <span class='ocrx_word' id='word_1_102' title='bbox 223 1136 313 1193; x_wconf 81' lang='lat' dir='ltr'>Ego</span> <span class='ocrx_word' id='word_1_103' title='bbox 350 1151 469 1187; x_wconf 84' lang='lat' dir='ltr'>vero,</span> <span class='ocrx_word' id='word_1_104' title='bbox 511 1138 697 1192; x_wconf 84' lang='lat' dir='ltr'>inquam,</span> <span class='ocrx_word' id='word_1_105' title='bbox 744 1136 781 1178; x_wconf 94' lang='lat' dir='ltr'>si</span> <span class='ocrx_word' id='word_1_106' title='bbox 814 1142 1005 1191; x_wconf 84' lang='lat' dir='ltr'>potuero,</span> <span class='ocrx_word' id='word_1_107' title='bbox 1043 1136 1198 1179; x_wconf 89' lang='lat' dir='ltr'>faciam</span> <span class='ocrx_word' id='word_1_108' title='bbox 1232 1137 1353 1180; x_wconf 89' lang='lat' dir='ltr'>vohis</span> <span class='ocrx_word' id='word_1_109' title='bbox 1392 1139 1510 1181; x_wconf 84' lang='lat' dir='ltr'>satis.</span> 
     </span>
     <span class='ocr_line' id='line_1_15' title="bbox 116 1214 1512 1271; baseline 0.001 -14"><span class='ocrx_word' id='word_1_110' title='bbox 116 1215 298 1267; x_wconf 57' lang='lat' dir='ltr'>Poteris,</span> <span class='ocrx_word' id='word_1_111' title='bbox 329 1217 476 1271; x_wconf 88' lang='lat' dir='ltr'>inquit:</span> <span class='ocrx_word' id='word_1_112' title='bbox 509 1215 657 1257; x_wconf 84' lang='lat' dir='ltr'>relaxa</span> <span class='ocrx_word' id='word_1_113' title='bbox 685 1214 806 1257; x_wconf 93' lang='lat' dir='ltr'>modo</span> <span class='ocrx_word' id='word_1_114' title='bbox 835 1214 1001 1270; x_wconf 88' lang='lat' dir='ltr'>paulum</span> <span class='ocrx_word' id='word_1_115' title='bbox 1025 1215 1204 1256; x_wconf 89' lang='lat' dir='ltr'>animum</span> <span class='ocrx_word' id='word_1_116' title='bbox 1227 1222 1296 1257; x_wconf 89' lang='lat' dir='ltr'>aut</span> <span class='ocrx_word' id='word_1_117' title='bbox 1319 1229 1441 1265; x_wconf 86' lang='lat' dir='ltr'>sane,</span> <span class='ocrx_word' id='word_1_118' title='bbox 1473 1217 1512 1258; x_wconf 89' lang='lat' dir='ltr'>si</span> 
     </span>
     <span class='ocr_line' id='line_1_16' title="bbox 117 1291 1510 1350; baseline 0.001 -14"><span class='ocrx_word' id='word_1_119' title='bbox 117 1301 256 1350; x_wconf 84' lang='lat' dir='ltr'>potes,</span> <span class='ocrx_word' id='word_1_120' title='bbox 287 1294 435 1336; x_wconf 88' lang='lat' dir='ltr'>libera.</span> <span class='ocrx_word' id='word_1_121' title='bbox 494 1292 649 1350; x_wconf 88' lang='lat' dir='ltr'>Nempe</span> <span class='ocrx_word' id='word_1_122' title='bbox 680 1294 805 1348; x_wconf 81' lang='lat' dir='ltr'>igitur</span> <span class='ocrx_word' id='word_1_123' title='bbox 833 1291 930 1334; x_wconf 88' lang='lat' dir='ltr'>hinc</span> <span class='ocrx_word' id='word_1_124' title='bbox 959 1299 1062 1342; x_wconf 83' lang='lat' dir='ltr'>tum,</span> <span class='ocrx_word' id='word_1_125' title='bbox 1103 1292 1324 1349; x_wconf 90' lang='lat' dir='ltr'>Pomponi,</span> <span class='ocrx_word' id='word_1_126' title='bbox 1365 1294 1510 1337; x_wconf 88' lang='lat' dir='ltr'>ductus</span> 
     </span>
     <span class='ocr_line' id='line_1_17' title="bbox 119 1370 1509 1428; baseline 0 -14"><span class='ocrx_word' id='word_1_127' title='bbox 119 1379 182 1415; x_wconf 86' lang='lat' dir='ltr'>est</span> <span class='ocrx_word' id='word_1_128' title='bbox 217 1386 373 1422; x_wconf 89' lang='lat' dir='ltr'>sermo,</span> <span class='ocrx_word' id='word_1_129' title='bbox 413 1372 523 1428; x_wconf 91' lang='lat' dir='ltr'>quod</span> <span class='ocrx_word' id='word_1_130' title='bbox 561 1378 651 1414; x_wconf 86' lang='lat' dir='ltr'>erat</span> <span class='ocrx_word' id='word_1_131' title='bbox 688 1384 713 1413; x_wconf 91' lang='lat' dir='ltr'>a</span> <span class='ocrx_word' id='word_1_132' title='bbox 752 1384 816 1413; x_wconf 91' lang='lat' dir='ltr'>me</span> <span class='ocrx_word' id='word_1_133' title='bbox 846 1372 999 1413; x_wconf 88' lang='lat' dir='ltr'>mentio</span> <span class='ocrx_word' id='word_1_134' title='bbox 1030 1371 1143 1414; x_wconf 88' lang='lat' dir='ltr'>facta</span> <span class='ocrx_word' id='word_1_135' title='bbox 1179 1384 1350 1414; x_wconf 87' lang='lat' dir='ltr'>causam</span> <span class='ocrx_word' id='word_1_136' title='bbox 1380 1370 1509 1414; x_wconf 90' lang='lat' dir='ltr'>Deio-</span> 
     </span>
     <span class='ocr_line' id='line_1_18' title="bbox 117 1450 1509 1507; baseline 0.001 -15"><span class='ocrx_word' id='word_1_137' title='bbox 117 1452 197 1492; x_wconf 86' lang='lat' dir='ltr'>tari</span> <span class='ocrx_word' id='word_1_138' title='bbox 233 1450 475 1492; x_wconf 84' lang='lat' dir='ltr'>fidelissumi</span> <span class='ocrx_word' id='word_1_139' title='bbox 514 1456 634 1505; x_wconf 85' lang='lat' dir='ltr'>atque</span> <span class='ocrx_word' id='word_1_140' title='bbox 666 1450 816 1505; x_wconf 84' lang='lat' dir='ltr'>optumi</span> <span class='ocrx_word' id='word_1_141' title='bbox 845 1450 960 1503; x_wconf 83' lang='lat' dir='ltr'>regis</span> <span class='ocrx_word' id='word_1_142' title='bbox 991 1450 1267 1493; x_wconf 85' lang='lat' dir='ltr'>ornatissume</span> <span class='ocrx_word' id='word_1_143' title='bbox 1299 1456 1338 1492; x_wconf 90' lang='lat' dir='ltr'>et</span> <span class='ocrx_word' id='word_1_144' title='bbox 1368 1451 1509 1507; x_wconf 84' lang='lat' dir='ltr'>copio—</span> 
     </span>
     <span class='ocr_line' id='line_1_19' title="bbox 117 1526 1061 1572; baseline -0.003 0"><span class='ocrx_word' id='word_1_145' title='bbox 117 1530 294 1572; x_wconf 91' lang='lat' dir='ltr'>sissume</span> <span class='ocrx_word' id='word_1_146' title='bbox 327 1542 353 1571; x_wconf 88' lang='lat' dir='ltr'>a</span> <span class='ocrx_word' id='word_1_147' title='bbox 380 1527 507 1571; x_wconf 88' lang='lat' dir='ltr'>Bruto</span> <span class='ocrx_word' id='word_1_148' title='bbox 538 1541 601 1570; x_wconf 90' lang='lat' dir='ltr'>mc</span> <span class='ocrx_word' id='word_1_149' title='bbox 634 1528 803 1570; x_wconf 82' lang='lat' dir='ltr'>audisse</span> <span class='ocrx_word' id='word_1_150' title='bbox 835 1526 1061 1570; x_wconf 84' lang='lat' dir='ltr'>defensam.</span> 
     </span>
    </p>
   </div>
   <div class='ocr_carea' id='block_1_4' title="bbox 201 1684 659 1765">
    <p class='ocr_par' dir='ltr' id='par_1_4' title="bbox 201 1684 659 1765">
     <span class='ocr_line' id='line_1_20' title="bbox 202 1684 659 1719; baseline -0.002 -8"><span class='ocrx_word' id='word_1_151' title='bbox 202 1686 245 1711; x_wconf 79' lang='lat'>20.</span> <span class='ocrx_word' id='word_1_152' title='bbox 285 1685 482 1719; x_wconf 71' lang='lat' dir='ltr'>inclzoavisei]</span> <span class='ocrx_word' id='word_1_153' title='bbox 504 1684 659 1711; x_wconf 86' lang='lat' dir='ltr'>inchoasti.</span> 
     </span>
     <span class='ocr_line' id='line_1_21' title="bbox 201 1730 560 1765; baseline -0.003 -9"><span class='ocrx_word' id='word_1_154' title='bbox 201 1731 243 1757; x_wconf 84' lang='grc'>21.</span> <span class='ocrx_word' id='word_1_155' title='bbox 277 1730 423 1765; x_wconf 76' lang='lat' dir='ltr'>potuero]</span> <span class='ocrx_word' id='word_1_156' title='bbox 443 1732 560 1764; x_wconf 80' lang='lat' dir='ltr'>potero.</span> 
     </span>
    </p>
   </div>
   <div class='ocr_carea' id='block_1_5' title="bbox 114 1849 1511 2180">
    <p class='ocr_par' dir='ltr' id='par_1_5' title="bbox 114 1849 1511 2180">
     <span class='ocr_line' id='line_1_22' title="bbox 118 1849 1510 1889; baseline -0.004 0"><span class='ocrx_word' id='word_1_157' title='bbox 118 1858 289 1889; x_wconf 75' lang='lat' dir='ltr'>veterum</span> <span class='ocrx_word' id='word_1_158' title='bbox 307 1853 416 1887; x_wconf 85' lang='lat' dir='ltr'>absit:</span> <span class='ocrx_word' id='word_1_159' title='bbox 435 1856 609 1887; x_wconf 75' lang='lat' dir='ltr'>veterum</span> <span class='ocrx_word' id='word_1_160' title='bbox 628 1850 831 1886; x_wconf 81' lang='lat' dir='ltr'>annalium</span> <span class='ocrx_word' id='word_1_161' title='bbox 850 1851 942 1886; x_wconf 88' lang='lat' dir='ltr'>coni.</span> <span class='ocrx_word' id='word_1_162' title='bbox 964 1850 1092 1885; x_wconf 74' lang='lat' dir='ltr'>Victor</span> <span class='ocrx_word' id='word_1_163' title='bbox 1108 1850 1274 1885; x_wconf 83' lang='lat' dir='ltr'>Pisanus.</span> <span class='ocrx_word' id='word_1_164' title='bbox 1309 1849 1418 1885; x_wconf 88' lang='lat' dir='ltr'>Unde</span> <span class='ocrx_word' id='word_1_165' title='bbox 1435 1850 1510 1885; x_wconf 90' lang='lat' dir='ltr'>vul·</span> 
     </span>
     <span class='ocr_line' id='line_1_23' title="bbox 116 1906 1510 1957; baseline -0.004 -12"><span class='ocrx_word' id='word_1_166' title='bbox 116 1916 235 1957; x_wconf 86' lang='lat' dir='ltr'>gatum</span> <span class='ocrx_word' id='word_1_167' title='bbox 253 1914 477 1944; x_wconf 79' lang='lat' dir='ltr'>nostrarum</span> <span class='ocrx_word' id='word_1_168' title='bbox 495 1909 631 1942; x_wconf 87' lang='lat' dir='ltr'>illatum</span> <span class='ocrx_word' id='word_1_169' title='bbox 647 1909 710 1951; x_wconf 86' lang='lat' dir='ltr'>sit,</span> <span class='ocrx_word' id='word_1_170' title='bbox 728 1919 835 1942; x_wconf 86' lang='lat' dir='ltr'>nemo</span> <span class='ocrx_word' id='word_1_171' title='bbox 854 1908 1072 1952; x_wconf 83' lang='lat' dir='ltr'>assequitur3</span> <span class='ocrx_word' id='word_1_172' title='bbox 1095 1913 1182 1953; x_wconf 88' lang='lat' dir='ltr'>puto</span> <span class='ocrx_word' id='word_1_173' title='bbox 1203 1913 1239 1941; x_wconf 86' lang='lat' dir='ltr'>et</span> <span class='ocrx_word' id='word_1_174' title='bbox 1258 1906 1510 1942; x_wconf 76' lang='lat' dir='ltr'>naturalium</span> 
     </span>
     <span class='ocr_line' id='line_1_24' title="bbox 115 1963 1511 2007; baseline -0.004 -6"><span class='ocrx_word' id='word_1_175' title='bbox 115 1972 151 2001; x_wconf 90' lang='lat' dir='ltr'>et</span> <span class='ocrx_word' id='word_1_176' title='bbox 172 1971 420 2006; x_wconf 77' lang='lat' dir='ltr'>nostrarum,</span> <span class='ocrx_word' id='word_1_177' title='bbox 447 1976 525 1999; x_wconf 90' lang='lat' dir='ltr'>cum</span> <span class='ocrx_word' id='word_1_178' title='bbox 543 1965 631 1999; x_wconf 86' lang='lat' dir='ltr'>illud</span> <span class='ocrx_word' id='word_1_179' title='bbox 654 1964 824 2007; x_wconf 55' lang='lat' dir='ltr'>nrlium,</span> <span class='ocrx_word' id='word_1_180' title='bbox 849 1963 919 1998; x_wconf 90' lang='lat' dir='ltr'>hoc</span> <span class='ocrx_word' id='word_1_181' title='bbox 937 1968 1107 1999; x_wconf 66' lang='lat' dir='ltr'>vti-arum</span> <span class='ocrx_word' id='word_1_182' title='bbox 1129 1964 1323 2005; x_wconf 84' lang='lat' dir='ltr'>scribatur,</span> <span class='ocrx_word' id='word_1_183' title='bbox 1352 1974 1399 1997; x_wconf 80' lang='lat' dir='ltr'>ex</span> <span class='ocrx_word' id='word_1_184' title='bbox 1415 1963 1511 1997; x_wconf 84' lang='lat' dir='ltr'>male</span> 
     </span>
     <span class='ocr_line' id='line_1_25' title="bbox 114 2019 1511 2068; baseline -0.002 -11"><span class='ocrx_word' id='word_1_185' title='bbox 114 2023 299 2057; x_wconf 83' lang='lat' dir='ltr'>intellecta</span> <span class='ocrx_word' id='word_1_186' title='bbox 321 2023 501 2068; x_wconf 85' lang='lat' dir='ltr'>scriptura</span> <span class='ocrx_word' id='word_1_187' title='bbox 520 2026 692 2056; x_wconf 80' lang='lat' dir='ltr'>veterum</span> <span class='ocrx_word' id='word_1_188' title='bbox 711 2026 790 2055; x_wconf 82' lang='lat' dir='ltr'>orta</span> <span class='ocrx_word' id='word_1_189' title='bbox 811 2031 901 2056; x_wconf 89' lang='lat' dir='ltr'>esse.</span> <span class='ocrx_word' id='word_1_190' title='bbox 943 2019 1023 2055; x_wconf 90' lang='lat' dir='ltr'>Iure</span> <span class='ocrx_word' id='word_1_191' title='bbox 1039 2025 1267 2054; x_wconf 78' lang='lat' dir='ltr'>nostrarum</span> <span class='ocrx_word' id='word_1_192' title='bbox 1290 2019 1511 2064; x_wconf 83' lang='lat' dir='ltr'>improbavit</span> 
     </span>
     <span class='ocr_line' id='line_1_26' title="bbox 116 2075 1509 2124; baseline -0.003 -11"><span class='ocrx_word' id='word_1_193' title='bbox 116 2079 315 2121; x_wconf 80' lang='lat' dir='ltr'>Corradus,</span> <span class='ocrx_word' id='word_1_194' title='bbox 349 2079 407 2124; x_wconf 85' lang='lat' dir='ltr'>qui</span> <span class='ocrx_word' id='word_1_195' title='bbox 442 2079 591 2113; x_wconf 87' lang='lat' dir='ltr'>annales</span> <span class='ocrx_word' id='word_1_196' title='bbox 615 2078 726 2112; x_wconf 87' lang='lat' dir='ltr'>Attici</span> <span class='ocrx_word' id='word_1_197' title='bbox 760 2088 834 2111; x_wconf 88' lang='lat' dir='ltr'>non</span> <span class='ocrx_word' id='word_1_198' title='bbox 867 2088 925 2111; x_wconf 83' lang='lat' dir='ltr'>res</span> <span class='ocrx_word' id='word_1_199' title='bbox 949 2077 1134 2111; x_wconf 85' lang='lat' dir='ltr'>Romanas</span> <span class='ocrx_word' id='word_1_200' title='bbox 1167 2076 1265 2111; x_wconf 82' lang='lat' dir='ltr'>solas</span> <span class='ocrx_word' id='word_1_201' title='bbox 1297 2075 1509 2119; x_wconf 79' lang='lat' dir='ltr'>complexos</span> 
     </span>
     <span class='ocr_line' id='line_1_27' title="bbox 115 2132 1508 2180; baseline -0.004 -11"><span class='ocrx_word' id='word_1_202' title='bbox 115 2147 196 2170; x_wconf 89' lang='lat' dir='ltr'>esse</span> <span class='ocrx_word' id='word_1_203' title='bbox 221 2141 379 2180; x_wconf 83' lang='lat' dir='ltr'>putaret.</span> <span class='ocrx_word' id='word_1_204' title='bbox 412 2134 506 2169; x_wconf 89' lang='lat' dir='ltr'>Huic</span> <span class='ocrx_word' id='word_1_205' title='bbox 528 2135 741 2169; x_wconf 81' lang='lat' dir='ltr'>adversatus</span> <span class='ocrx_word' id='word_1_206' title='bbox 758 2132 937 2177; x_wconf 83' lang='lat' dir='ltr'>Meyerus</span> <span class='ocrx_word' id='word_1_207' title='bbox 962 2132 1010 2166; x_wconf 88' lang='lat' dir='ltr'>ad</span> <span class='ocrx_word' id='word_1_208' title='bbox 1033 2144 1063 2168; x_wconf 89' lang='lat' dir='ltr'>c.</span> <span class='ocrx_word' id='word_1_209' title='bbox 1085 2132 1125 2174; x_wconf 88' lang='lat'>3,</span> <span class='ocrx_word' id='word_1_210' title='bbox 1148 2133 1200 2166; x_wconf 83' lang='grc'>14.</span> <span class='ocrx_word' id='word_1_211' title='bbox 1224 2143 1302 2166; x_wconf 89' lang='lat' dir='ltr'>rem</span> <span class='ocrx_word' id='word_1_212' title='bbox 1326 2141 1399 2165; x_wconf 91' lang='lat' dir='ltr'>non</span> <span class='ocrx_word' id='word_1_213' title='bbox 1425 2141 1508 2176; x_wconf 81' lang='lat' dir='ltr'>pro·</span> 
     </span>
    </p>
   </div>
   <div class='ocr_carea' id='block_1_6' title="bbox 113 2191 1508 2291">
    <p class='ocr_par' dir='ltr' id='par_1_6' title="bbox 113 2191 1508 2291">
     <span class='ocr_line' id='line_1_28' title="bbox 113 2191 703 2236; baseline -0.005 -11"><span class='ocrx_word' id='word_1_214' title='bbox 113 2191 233 2233; x_wconf 81' lang='lat' dir='ltr'>bavit,</span> <span class='ocrx_word' id='word_1_215' title='bbox 258 2191 324 2225; x_wconf 87' lang='lat' dir='ltr'>sed</span> <span class='ocrx_word' id='word_1_216' title='bbox 347 2192 466 2236; x_wconf 83' lang='lat' dir='ltr'>posuit</span> <span class='ocrx_word' id='word_1_217' title='bbox 490 2196 636 2224; x_wconf 83' lang='lat' dir='ltr'>tantum.</span> <span class='ocrx_word' id='word_1_218' title='bbox 656 2209 703 2214; x_wconf 93' lang='lat'><strong>—</strong></span> 
     </span>
     <span class='ocr_line' id='line_1_29' title="bbox 205 2240 1508 2291; baseline -0.005 -10"><span class='ocrx_word' id='word_1_219' title='bbox 205 2246 263 2280; x_wconf 74' lang='lat'>20.</span> <span class='ocrx_word' id='word_1_220' title='bbox 310 2246 410 2280; x_wconf 76' lang='lat' dir='ltr'>mihi</span> <span class='ocrx_word' id='word_1_221' title='bbox 433 2246 570 2291; x_wconf 81' lang='lat' dir='ltr'>nuper]</span> <span class='ocrx_word' id='word_1_222' title='bbox 596 2245 670 2278; x_wconf 88' lang='lat' dir='ltr'>inv.</span> <span class='ocrx_word' id='word_1_223' title='bbox 696 2243 762 2288; x_wconf 85' lang='lat' dir='ltr'>Lg.</span> <span class='ocrx_word' id='word_1_224' title='bbox 781 2243 836 2277; x_wconf 77' lang='lat'>20.</span> <span class='ocrx_word' id='word_1_225' title='bbox 860 2242 916 2277; x_wconf 88' lang='lat'>51.</span> <span class='ocrx_word' id='word_1_226' title='bbox 942 2242 998 2276; x_wconf 89' lang='lat' dir='ltr'>ed.</span> <span class='ocrx_word' id='word_1_227' title='bbox 1018 2253 1070 2287; x_wconf 88' lang='lat' dir='ltr'>pr.</span> <span class='ocrx_word' id='word_1_228' title='bbox 1090 2262 1134 2267; x_wconf 82' lang='lat'>-—</span> <span class='ocrx_word' id='word_1_229' title='bbox 1166 2240 1421 2285; x_wconf 81' lang='lat' dir='ltr'>inchoavisti]</span> <span class='ocrx_word' id='word_1_230' title='bbox 1448 2243 1508 2276; x_wconf 84' lang='lat' dir='ltr'>in-</span> 
     </span>
    </p>
   </div>
   <div class='ocr_carea' id='block_1_7' title="bbox 111 2297 1509 2744">
    <p class='ocr_par' dir='ltr' id='par_1_7' title="bbox 115 2297 1509 2346">
     <span class='ocr_line' id='line_1_30' title="bbox 115 2297 1509 2346; baseline -0.005 -8"><span class='ocrx_word' id='word_1_231' title='bbox 115 2302 312 2339; x_wconf 77' lang='lat' dir='ltr'>cohavisti</span> <span class='ocrx_word' id='word_1_232' title='bbox 324 2302 419 2337; x_wconf 84' lang='lat' dir='ltr'>Ven.</span> <span class='ocrx_word' id='word_1_233' title='bbox 434 2302 464 2336; x_wconf 96' lang='grc'>1.</span> <span class='ocrx_word' id='word_1_234' title='bbox 478 2313 486 2343; x_wconf 91' lang='grc'>;</span> <span class='ocrx_word' id='word_1_235' title='bbox 512 2300 621 2346; x_wconf 80' lang='lat' dir='ltr'>vulgo</span> <span class='ocrx_word' id='word_1_236' title='bbox 638 2298 835 2334; x_wconf 78' lang='lat' dir='ltr'>inchoasti</span> <span class='ocrx_word' id='word_1_237' title='bbox 850 2298 1141 2333; x_wconf 87' lang='lat' dir='ltr'>dissentientibus</span> <span class='ocrx_word' id='word_1_238' title='bbox 1155 2298 1256 2332; x_wconf 89' lang='lat' dir='ltr'>libris</span> <span class='ocrx_word' id='word_1_239' title='bbox 1273 2297 1447 2332; x_wconf 88' lang='lat' dir='ltr'>omnibus.</span> <span class='ocrx_word' id='word_1_240' title='bbox 1462 2317 1509 2322; x_wconf 89' lang='lat'>—</span> 
     </span>
    </p>

    <p class='ocr_par' dir='ltr' id='par_1_8' title="bbox 111 2353 1509 2744">
     <span class='ocr_line' id='line_1_31' title="bbox 208 2353 1509 2404; baseline -0.005 -11"><span class='ocrx_word' id='word_1_241' title='bbox 208 2359 263 2394; x_wconf 82' lang='lat'>21.</span> <span class='ocrx_word' id='word_1_242' title='bbox 314 2360 350 2392; x_wconf 80' lang='lat' dir='ltr'>si</span> <span class='ocrx_word' id='word_1_243' title='bbox 370 2358 553 2404; x_wconf 76' lang='lat' dir='ltr'>potuero]</span> <span class='ocrx_word' id='word_1_244' title='bbox 580 2368 667 2391; x_wconf 83' lang='lat' dir='ltr'>cum</span> <span class='ocrx_word' id='word_1_245' title='bbox 681 2360 762 2403; x_wconf 83' lang='lat' dir='ltr'>pot.</span> <span class='ocrx_word' id='word_1_246' title='bbox 788 2356 844 2390; x_wconf 86' lang='lat' dir='ltr'>ed.</span> <span class='ocrx_word' id='word_1_247' title='bbox 863 2366 915 2400; x_wconf 83' lang='lat' dir='ltr'>pr.</span> <span class='ocrx_word' id='word_1_248' title='bbox 964 2353 1135 2389; x_wconf 81' lang='lat' dir='ltr'>Potuero</span> <span class='ocrx_word' id='word_1_249' title='bbox 1162 2359 1217 2389; x_wconf 87' lang='lat' dir='ltr'>est</span> <span class='ocrx_word' id='word_1_250' title='bbox 1240 2355 1275 2388; x_wconf 90' lang='lat' dir='ltr'>in</span> <span class='ocrx_word' id='word_1_251' title='bbox 1292 2353 1359 2399; x_wconf 84' lang='lat' dir='ltr'>Lg.</span> <span class='ocrx_word' id='word_1_252' title='bbox 1379 2353 1433 2388; x_wconf 82' lang='lat'>20.</span> <span class='ocrx_word' id='word_1_253' title='bbox 1449 2353 1509 2387; x_wconf 85' lang='lat'>35.</span> 
     </span>
     <span class='ocr_line' id='line_1_32' title="bbox 114 2408 1507 2458; baseline -0.003 -9"><span class='ocrx_word' id='word_1_254' title='bbox 114 2416 203 2450; x_wconf 86' lang='lat' dir='ltr'>Ven.</span> <span class='ocrx_word' id='word_1_255' title='bbox 225 2417 254 2451; x_wconf 90' lang='lat' dir='ltr'>l.</span> <span class='ocrx_word' id='word_1_256' title='bbox 275 2415 307 2448; x_wconf 81' lang='lat'>2.</span> <span class='ocrx_word' id='word_1_257' title='bbox 329 2412 453 2450; x_wconf 83' lang='lat' dir='ltr'>ottob.</span> <span class='ocrx_word' id='word_1_258' title='bbox 501 2413 567 2448; x_wconf 90' lang='lat' dir='ltr'>Est</span> <span class='ocrx_word' id='word_1_259' title='bbox 593 2412 756 2448; x_wconf 84' lang='lat' dir='ltr'>confusio</span> <span class='ocrx_word' id='word_1_260' title='bbox 781 2417 981 2458; x_wconf 84' lang='lat' dir='ltr'>perpetua,</span> <span class='ocrx_word' id='word_1_261' title='bbox 1005 2423 1041 2446; x_wconf 88' lang='lat' dir='ltr'>v.</span> <span class='ocrx_word' id='word_1_262' title='bbox 1060 2412 1198 2448; x_wconf 81' lang='lat' dir='ltr'>Comm.</span> <span class='ocrx_word' id='word_1_263' title='bbox 1220 2411 1278 2446; x_wconf 83' lang='lat' dir='ltr'>Cr.</span> <span class='ocrx_word' id='word_1_264' title='bbox 1305 2410 1352 2444; x_wconf 84' lang='lat' dir='ltr'>ad</span> <span class='ocrx_word' id='word_1_265' title='bbox 1375 2410 1421 2444; x_wconf 91' lang='lat' dir='ltr'>de</span> <span class='ocrx_word' id='word_1_266' title='bbox 1442 2408 1507 2445; x_wconf 87' lang='lat' dir='ltr'>Or.</span> 
     </span>
     <span class='ocr_line' id='line_1_33' title="bbox 116 2465 1506 2514; baseline -0.004 -9"><span class='ocrx_word' id='word_1_267' title='bbox 116 2470 159 2505; x_wconf 87' lang='lat'>11.</span> <span class='ocrx_word' id='word_1_268' title='bbox 183 2471 246 2513; x_wconf 78' lang='lat'>20,</span> <span class='ocrx_word' id='word_1_269' title='bbox 271 2471 335 2514; x_wconf 80' lang='lat'>853</span> <span class='ocrx_word' id='word_1_270' title='bbox 361 2471 408 2505; x_wconf 92' lang='lat' dir='ltr'>de</span> <span class='ocrx_word' id='word_1_271' title='bbox 433 2471 613 2505; x_wconf 84' lang='lat' dir='ltr'>sententia</span> <span class='ocrx_word' id='word_1_272' title='bbox 637 2474 756 2504; x_wconf 90' lang='lat' dir='ltr'>autem</span> <span class='ocrx_word' id='word_1_273' title='bbox 781 2468 888 2503; x_wconf 83' lang='lat' dir='ltr'>futuri</span> <span class='ocrx_word' id='word_1_274' title='bbox 913 2468 1032 2502; x_wconf 80' lang='lat' dir='ltr'>exacti</span> <span class='ocrx_word' id='word_1_275' title='bbox 1047 2467 1168 2503; x_wconf 88' lang='lat' dir='ltr'>Klotz.</span> <span class='ocrx_word' id='word_1_276' title='bbox 1193 2468 1231 2501; x_wconf 91' lang='lat' dir='ltr'>in</span> <span class='ocrx_word' id='word_1_277' title='bbox 1258 2467 1333 2502; x_wconf 86' lang='lat' dir='ltr'>Cic.</span> <span class='ocrx_word' id='word_1_278' title='bbox 1354 2466 1458 2501; x_wconf 89' lang='lat' dir='ltr'>Tusc.</span> <span class='ocrx_word' id='word_1_279' title='bbox 1480 2465 1506 2500; x_wconf 90' lang='lat'>1.</span> 
     </span>
     <span class='ocr_line' id='line_1_34' title="bbox 113 2522 1508 2571; baseline -0.002 -11"><span class='ocrx_word' id='word_1_280' title='bbox 113 2527 177 2569; x_wconf 87' lang='grc'>43,</span> <span class='ocrx_word' id='word_1_281' title='bbox 198 2527 273 2562; x_wconf 86' lang='grc'>103.</span> <span class='ocrx_word' id='word_1_282' title='bbox 317 2527 464 2562; x_wconf 77' lang='lat' dir='ltr'>Potero</span> <span class='ocrx_word' id='word_1_283' title='bbox 489 2526 614 2561; x_wconf 87' lang='lat' dir='ltr'>Lamb.</span> <span class='ocrx_word' id='word_1_284' title='bbox 638 2526 726 2561; x_wconf 86' lang='lat' dir='ltr'>Ern.</span> <span class='ocrx_word' id='word_1_285' title='bbox 747 2525 869 2560; x_wconf 81' lang='lat' dir='ltr'>Wetz.</span> <span class='ocrx_word' id='word_1_286' title='bbox 894 2523 1061 2560; x_wconf 83' lang='lat' dir='ltr'>Schuetz.</span> <span class='ocrx_word' id='word_1_287' title='bbox 1080 2545 1125 2553; x_wconf 90' lang='lat'><em>-</em></span> <span class='ocrx_word' id='word_1_288' title='bbox 1148 2523 1337 2571; x_wconf 76' lang='lat' dir='ltr'>paulum]</span> <span class='ocrx_word' id='word_1_289' title='bbox 1357 2522 1508 2569; x_wconf 77' lang='lat' dir='ltr'>paulu-</span> 
     </span>
     <span class='ocr_line' id='line_1_35' title="bbox 115 2580 1506 2629; baseline -0.003 -12"><span class='ocrx_word' id='word_1_290' title='bbox 115 2583 194 2617; x_wconf 80' lang='lat' dir='ltr'>lum</span> <span class='ocrx_word' id='word_1_291' title='bbox 213 2583 279 2629; x_wconf 85' lang='lat' dir='ltr'>Lg.</span> <span class='ocrx_word' id='word_1_292' title='bbox 297 2584 352 2619; x_wconf 74' lang='lat'>20.</span> <span class='ocrx_word' id='word_1_293' title='bbox 371 2584 424 2618; x_wconf 89' lang='grc'>70.</span> <span class='ocrx_word' id='word_1_294' title='bbox 443 2583 498 2618; x_wconf 88' lang='lat' dir='ltr'>ed.</span> <span class='ocrx_word' id='word_1_295' title='bbox 517 2594 590 2628; x_wconf 88' lang='lat' dir='ltr'>pr.;</span> <span class='ocrx_word' id='word_1_296' title='bbox 617 2583 648 2617; x_wconf 83' lang='lat' dir='ltr'>ll</span> <span class='ocrx_word' id='word_1_297' title='bbox 668 2582 703 2616; x_wconf 88' lang='lat' dir='ltr'>in</span> <span class='ocrx_word' id='word_1_298' title='bbox 722 2583 821 2617; x_wconf 89' lang='lat' dir='ltr'>nullo</span> <span class='ocrx_word' id='word_1_299' title='bbox 841 2581 946 2616; x_wconf 81' lang='lat' dir='ltr'>libro.</span> <span class='ocrx_word' id='word_1_300' title='bbox 961 2600 1007 2606; x_wconf 90' lang='lat'>—</span> <span class='ocrx_word' id='word_1_301' title='bbox 1029 2581 1267 2626; x_wconf 79' lang='lat' dir='ltr'>fidelissumi</span> <span class='ocrx_word' id='word_1_302' title='bbox 1279 2600 1325 2605; x_wconf 94' lang='grc'>--</span> <span class='ocrx_word' id='word_1_303' title='bbox 1339 2580 1506 2626; x_wconf 80' lang='lat' dir='ltr'>optumi]</span> 
     </span>
     <span class='ocr_line' id='line_1_36' title="bbox 111 2634 1506 2685; baseline -0.004 -11"><span class='ocrx_word' id='word_1_304' title='bbox 111 2640 163 2674; x_wconf 86' lang='lat' dir='ltr'>sic</span> <span class='ocrx_word' id='word_1_305' title='bbox 198 2639 264 2685; x_wconf 84' lang='lat' dir='ltr'>Lg.</span> <span class='ocrx_word' id='word_1_306' title='bbox 291 2640 345 2675; x_wconf 87' lang='lat'>35.</span> <span class='ocrx_word' id='word_1_307' title='bbox 371 2639 426 2675; x_wconf 82' lang='lat'>39.</span> <span class='ocrx_word' id='word_1_308' title='bbox 458 2639 513 2674; x_wconf 88' lang='grc'>51.</span> <span class='ocrx_word' id='word_1_309' title='bbox 537 2640 592 2675; x_wconf 86' lang='grc'>58.</span> <span class='ocrx_word' id='word_1_310' title='bbox 624 2639 679 2675; x_wconf 85' lang='grc'>68.</span> <span class='ocrx_word' id='word_1_311' title='bbox 708 2639 763 2675; x_wconf 90' lang='grc'>70.</span> <span class='ocrx_word' id='word_1_312' title='bbox 808 2638 902 2674; x_wconf 71' lang='lat' dir='ltr'>Ven,</span> <span class='ocrx_word' id='word_1_313' title='bbox 931 2638 961 2673; x_wconf 93' lang='lat' dir='ltr'>l.</span> <span class='ocrx_word' id='word_1_314' title='bbox 990 2634 1065 2672; x_wconf 87' lang='lat' dir='ltr'>Ott.</span> <span class='ocrx_word' id='word_1_315' title='bbox 1101 2638 1152 2672; x_wconf 85' lang='lat' dir='ltr'>ita</span> <span class='ocrx_word' id='word_1_316' title='bbox 1186 2648 1279 2672; x_wconf 89' lang='lat' dir='ltr'>corr.</span> <span class='ocrx_word' id='word_1_317' title='bbox 1304 2635 1360 2670; x_wconf 88' lang='lat'>53.</span> <span class='ocrx_word' id='word_1_318' title='bbox 1409 2634 1506 2669; x_wconf 83' lang='lat' dir='ltr'>Mox</span> 
     </span>
     <span class='ocr_line' id='line_1_37' title="bbox 114 2690 1504 2744; baseline -0.002 -14"><span class='ocrx_word' id='word_1_319' title='bbox 114 2698 378 2733; x_wconf 75' lang='lat' dir='ltr'>ornatissume</span> <span class='ocrx_word' id='word_1_320' title='bbox 403 2701 439 2732; x_wconf 89' lang='lat' dir='ltr'>et</span> <span class='ocrx_word' id='word_1_321' title='bbox 459 2699 738 2744; x_wconf 77' lang='lat' dir='ltr'>copiosissume</span> <span class='ocrx_word' id='word_1_322' title='bbox 760 2695 829 2741; x_wconf 87' lang='lat' dir='ltr'>Lg.</span> <span class='ocrx_word' id='word_1_323' title='bbox 849 2694 882 2731; x_wconf 88' lang='grc'>8.</span> <span class='ocrx_word' id='word_1_324' title='bbox 899 2694 954 2729; x_wconf 88' lang='grc'>51.</span> <span class='ocrx_word' id='word_1_325' title='bbox 975 2691 1120 2736; x_wconf 76' lang='lat' dir='ltr'>ottob.;</span> <span class='ocrx_word' id='word_1_326' title='bbox 1144 2693 1215 2728; x_wconf 88' lang='lat' dir='ltr'>hoc</span> <span class='ocrx_word' id='word_1_327' title='bbox 1238 2693 1347 2729; x_wconf 85' lang='lat' dir='ltr'>etiam</span> <span class='ocrx_word' id='word_1_328' title='bbox 1363 2690 1430 2736; x_wconf 88' lang='lat' dir='ltr'>Lg.</span> <span class='ocrx_word' id='word_1_329' title='bbox 1448 2690 1504 2727; x_wconf 81' lang='lat'>20.</span> 
     </span>
    </p>
   </div>
   <div class='ocr_carea' id='block_1_8' title="bbox 1170 2762 1220 2803">
    <p class='ocr_par' dir='ltr' id='par_1_9' title="bbox 1170 2762 1220 2803">
     <span class='ocr_line' id='line_1_38' title="bbox 1170 2762 1220 2803; baseline 0 0"><span class='ocrx_word' id='word_1_330' title='bbox 1170 2762 1220 2803; x_wconf 92' lang='lat' dir='ltr'>ll</span> 
     </span>
    </p>
   </div>
  </div>
 </body>
</html>
