1835 3126
351 160 549 204 BREVIS
579 159 974 212 ELOQUENTIAE
1006 158 1142 204 ROM.
1171 159 1314 203 IllST.
1447 161 1531 206 95

142 276 302 328 ingenia
338 279 376 315 et
411 286 538 315 mores
568 280 715 322 essent,
754 275 843 327 ipsa
873 286 1025 327 quoque
1063 279 1207 314 mutata
1244 278 1302 314 est
1337 274 1532 326 aliamque

142 349 319 383 naturam
355 347 392 381 et
427 341 597 381 indolem
628 343 777 383 ascivit.
834 343 971 383 Asiani
1002 343 1101 382 enim
1135 339 1310 382 homines
1341 341 1392 381 ad
1420 342 1532 380 tumi-

142 410 229 449 dum
260 408 452 462 quoddam
483 414 520 449 et
550 410 755 449 verbosum
786 409 937 449 dicendi
970 421 1091 461 genus
1123 422 1148 448 a
1176 415 1316 448 natura
1344 409 1455 456 facti,
1492 407 1533 448 id

141 488 262 528 genus
303 475 454 516 dicendi
495 478 689 516 consecuti
728 482 835 525 sunt,
881 477 983 529 quod
1022 478 1188 525 crebris,
1230 476 1298 516 sed
1333 476 1532 515 inutilibus

140 543 415 583 sententiarum
446 545 682 583 acuminibus
713 551 749 584 et
771 545 977 584 verborum
1002 546 1154 584 flumine
1182 544 1307 594 magis
1339 544 1531 583 concitato

141 623 253 663 quam
291 609 451 662 limpido
493 611 542 649 ab
578 612 707 651 Attica
746 613 912 652 sanitate
948 613 1152 665 plurimum
1190 610 1364 650 distaret.
1419 609 1533 663 Apud

139 678 394 718 Athenienses
425 678 524 717 enim
553 679 593 718 in
623 692 767 718 summa
798 680 974 719 ubertate
1004 685 1041 720 et
1071 679 1186 730 copia
1213 677 1347 717 modus
1378 677 1533 730 quidam

139 745 359 792 tenebatur,
400 756 448 784 ne
479 745 570 796 quid
599 747 872 785 sententiarum
905 757 984 784 non
1020 745 1071 784 ad
1098 757 1180 783 rem
1212 745 1446 796 pertineret,
1484 755 1534 783 ne

139 813 261 852 verba
298 812 431 862 plura,
472 823 586 861 quam
622 823 686 850 res
724 812 961 863 postularet,
1000 810 1155 857 fierent,
1204 821 1252 848 ne
1290 810 1351 848 rei
1386 811 1533 849 veritas

138 878 345 918 verborum
369 882 517 917 tumore
548 882 585 916 et
610 878 780 918 elatione
811 878 1086 918 obscuraretur
1109 873 1192 927 (⁷²).
1234 875 1378 916 Rhodii
1407 880 1534 915 autem

140 949 338 993 oratores,
371 956 532 996 quorum
554 944 604 985 ad
624 946 855 985 Aeschinem
875 945 1035 985 Athenis
1060 949 1197 996 sponte
1220 943 1391 983 exsulem
1416 944 1532 994 origo

138 1011 326 1060 refertur,
358 1012 534 1052 saniores
565 1018 676 1053 erant
710 1018 747 1052 et
774 1013 989 1052 Atticorum
1018 1012 1226 1051 similiores
1247 1008 1328 1061 (³3).
1386 1011 1534 1050 Harum

138 1079 359 1119 scholarum
389 1080 612 1130 cognitione
646 1080 778 1119 imbuti
812 1080 978 1120 Romani
1008 1079 1078 1118 alii
1107 1078 1207 1118 alius
1246 1078 1534 1118 similitudinem

139 1146 406 1194 sectabantur,
453 1159 577 1199 eaque
621 1146 832 1187 studiorum
879 1147 1084 1188 diversitas
1126 1147 1316 1186 Cicerone
1359 1146 1400 1185 in
1441 1146 1532 1185 soro

138 1219 328 1264 regnante
363 1226 528 1254 summas
571 1220 769 1255 oratorum
810 1215 912 1254 inter
951 1227 992 1254 se
1031 1214 1297 1254 contentiones
1338 1213 1534 1253 excitavit.

137 1280 366 1320 Hortensius
389 1282 507 1330 enim,
540 1282 589 1322 ad
613 1294 724 1334 quem
746 1283 987 1334 principatus
1012 1281 1164 1321 dicendi
1193 1279 1398 1320 secundum
1420 1280 1534 1320 Cice-

138 1359 271 1388 ronem
299 1349 442 1389 referri
469 1348 586 1398 solet,
615 1350 754 1389 Asiani
779 1350 935 1400 generis
961 1350 1195 1389 imitatorem
1221 1348 1314 1398 egit,
1357 1347 1393 1386 Is
1421 1359 1533 1386 cursu

138 1415 344 1455 verborum
375 1417 528 1455 actione
555 1422 717 1457 venusta
739 1428 836 1457 voce
864 1428 1009 1466 magna
1039 1422 1076 1455 et
1105 1416 1217 1455 suavi
1246 1414 1397 1453 adiutus
1422 1413 1534 1453 audi-

138 1483 287 1522 toribus
317 1483 471 1522 incultis
500 1483 702 1534 placebat,
739 1484 788 1522 ab
818 1482 1092 1522 eruditioribus
1124 1481 1399 1530 damnabatur,
1431 1481 1534 1533 apud

139 1550 405 1601 posteritatem
448 1538 546 1589 adeo
586 1561 663 1588 non
695 1550 835 1597 valuit,
874 1556 916 1589 ut
944 1551 1141 1590 orationes
1168 1549 1368 1588 Hortensii
1397 1549 1534 1600 paucis

138 1616 265 1655 lectae
305 1628 396 1655 mox
438 1623 724 1657 evanescerent.
786 1616 929 1657 Calvus
968 1622 1094 1655 autem
1128 1617 1243 1654 homo
1282 1621 1318 1655 et
1355 1616 1533 1655 literatus

140 1688 177 1722 et
217 1682 428 1731 studiosus,
473 1695 555 1722 cum
589 1684 735 1723 viribus
777 1695 914 1734 parum
948 1683 1100 1722 valeret
1140 1687 1176 1721 et
1219 1693 1341 1732 genus
1381 1682 1535 1721 dicendi

141 1750 380 1790 emendatum
404 1750 555 1801 quidem
580 1755 618 1788 et
638 1750 829 1798 limatum,
856 1749 924 1789 sed
944 1761 1015 1789 nec
1036 1750 1241 1789 vehemens
1266 1760 1337 1788 nec
1355 1748 1534 1788 floridum

139 1818 264 1868 magis
301 1822 441 1855 natura
471 1829 585 1868 quam
613 1817 811 1857 voluntate
843 1822 1152 1864 consectaretur,
1190 1828 1256 1856 eos
1285 1817 1535 1869 vituperabat

139 1889 176 1923 et
204 1884 253 1922 ab
276 1884 407 1923 Attica
438 1885 604 1924 sanitate
633 1885 783 1924 alienos
814 1883 1031 1933 iudicabat,
1064 1884 1128 1936 qui
1159 1885 1384 1924 commotius
1410 1884 1533 1937 quod-

137 1950 226 1991 dam
266 1956 303 1991 et
341 1950 391 1990 ad
421 1953 570 1992 animos
606 1951 824 1992 incitandos
855 1951 1182 1992 accommodatius
1223 1951 1376 1991 dicendi
1410 1963 1533 2002 genus

137 2018 315 2071 exemplo
349 2031 418 2059 suo
449 2020 779 2060 commendarent:
815 2018 918 2071 quod
946 2020 1112 2059 maxime
1137 2019 1303 2059 omnium
1331 2020 1533 2060 Ciceronis

137 2091 233 2126 erat.
293 2086 392 2126 Hinc
417 2087 578 2127 Brutum
609 2087 742 2127 iudicii
770 2088 831 2127 sui
859 2088 1006 2127 socium
1036 2092 1074 2127 et
1103 2091 1321 2126 consortem
1349 2087 1533 2135 habebat,

138 2154 178 2192 in
204 2153 286 2193 alia
318 2160 459 2193 natura
485 2155 684 2194 voluntate
717 2160 847 2194 tamen
876 2154 1051 2193 similem.
1112 2152 1255 2192 Calvus
1288 2153 1407 2200 enim,
1448 2164 1532 2192 cum

137 2225 277 2259 natura
307 2232 399 2260 acer
437 2226 474 2259 et
502 2221 707 2260 vehemens
740 2225 863 2269 esset,
902 2220 980 2260 vim
1013 2218 1131 2258 animi
1166 2217 1328 2259 dicendo
1360 2230 1533 2272 aequare

138 2299 215 2327 non
243 2292 421 2339 poterat;
460 2299 537 2339 qua
563 2299 608 2327 re
638 2287 742 2340 quod
770 2287 957 2340 consequi
985 2298 1062 2326 non
1091 2290 1247 2338 poterat
1274 2286 1408 2328 verbis
1438 2298 1532 2327 con-

136 2354 343 2394 temnebat.
399 2354 543 2394 Brutus
589 2360 716 2395 autem
757 2355 957 2395 sentiendo
1008 2359 1044 2394 et
1085 2352 1266 2393 faciendo
1308 2354 1531 2394 Stoicorum

137 2423 256 2462 animi
297 2423 530 2474 aequitatem
575 2423 837 2475 exprimebat:
879 2428 921 2462 ut
964 2422 1001 2461 ei
1041 2432 1105 2461 res
1148 2420 1312 2472 indigna
1355 2423 1532 2474 sapiente

137 2489 335 2529 videretur
361 2489 588 2530 delectando
619 2496 687 2530 aut
710 2489 897 2531 movendo
927 2489 1047 2529 iudici
1075 2488 1170 2528 dare
1196 2500 1357 2541 operam
1387 2494 1424 2529 et
1449 2489 1528 2529 alio

138 2556 252 2596 modo
291 2569 405 2609 quam
441 2557 616 2607 docenda
642 2558 808 2599 veritate
844 2556 1049 2610 proficere.
1106 2556 1150 2596 In
1180 2567 1226 2596 eo
1264 2556 1387 2608 igitur
1416 2556 1528 2598 Cice-

231 2699 290 2743 72)
318 2699 390 2736 Cic.
416 2699 517 2738 Brut.
543 2701 608 2747 95,
632 2701 709 2738 325.
829 2700 888 2745 73)
915 2700 990 2737 Cic.
1015 2698 1117 2735 Brut.
1145 2698 1208 2743 13,
1233 2697 1289 2733 51.
