1835 3126
306 229 436 280 340
730 229 1260 274 EXPLICATIONES

309 342 527 383 elaboranda
556 341 842 392 conficiendique
878 355 969 379 cura
999 343 1182 388 sollicita,
1223 354 1337 395 quam
1373 340 1480 382 vocis
1513 337 1693 391 proprie-

309 416 425 450 tatem
454 409 665 449 illustravit
693 408 914 448 Broukhus.
944 407 985 445 in
1006 407 1212 459 Prop.111.
1245 411 1316 456 16,
1343 409 1417 449 5.“
1463 403 1695 450 Bernhardy.

423 476 490 515 34.
546 477 631 525 ipsa
671 477 769 512 enim
801 473 954 523 natura]
1000 472 1047 512 de
1089 473 1238 512 aurium
1277 473 1421 513 iudicio
1463 470 1616 525 periodi
1661 474 1697 508 et

310 543 519 585 verborum
562 552 766 581 numerose
812 540 1081 580 conclusorum
1132 537 1259 578 indice
1303 544 1340 577 et
1384 539 1494 590 quasi
1540 542 1697 577 auctore

310 624 346 652 v.
379 610 445 650 Or.
475 608 550 656 53,
584 609 678 646 177.

425 674 532 722 defici
562 697 611 702 —-
644 672 828 721 laborare]
860 677 1062 723 utrumque
1094 671 1255 723 proprie
1285 669 1331 710 de
1359 680 1456 710 voce
1488 680 1534 708 ac
1563 670 1700 721 spiritu

314 740 513 781 deficiente
549 740 709 788 dietum,
752 738 889 778 deinde
934 738 983 777 ad
1023 738 1238 778 orationem
1278 736 1446 777 hiulcam
1490 741 1526 775 et
1566 745 1701 785 parum

314 819 558 848 numerosam
580 806 822 846 translatum.
883 804 1085 845 Concursu
1112 804 1305 844 vocalium
1334 804 1439 841 hiare
1470 808 1507 842 et
1531 802 1703 839 laborare

315 875 454 915 dicitur
493 874 639 922 oratio,
685 873 827 925 quippe
866 883 911 911 eo
945 882 1100 924 quoque
1127 871 1221 912 vitio
1258 882 1335 910 non
1374 870 1468 909 satis
1498 879 1704 909 numerosa

314 943 467 991 futura,
499 941 658 992 Quintil.
686 940 754 980 IX.
780 940 824 988 4,
855 940 920 978 33.

428 1009 496 1049 IX.
557 1007 623 1047 35.
681 1007 774 1044 nihil
805 1005 1016 1054 admodum]
1047 1003 1254 1044 formulam
1283 1003 1451 1056 explicui
1479 1002 1633 1056 Explic.
1666 1002 1706 1041 in

317 1076 365 1116 de
396 1077 464 1116 Or.
494 1075 542 1114 ΙΙ.
570 1077 615 1122 2,
643 1074 682 1112 8.

430 1141 624 1179 verborum
668 1139 866 1188 gravitate]
916 1137 1126 1178 Lambinus
1170 1137 1243 1176 hoc
1286 1141 1390 1176 recte
1436 1135 1512 1175 dici
1558 1146 1706 1186 negans

318 1206 524 1260 proposuit
553 1204 746 1243 verborum
773 1203 987 1252 granditate
1015 1203 1074 1239 vel
1101 1207 1366 1241 sententiarum
1388 1206 1573 1252 gravitate
1603 1213 1707 1241 eum-

320 1285 396 1326 que
436 1271 550 1312 modo
588 1269 708 1322 paulo
750 1269 865 1308 aliter
906 1267 1110 1306 collocatis
1145 1269 1276 1307 verbis
1314 1270 1487 1320 sequitur
1525 1268 1709 1308 Orellius.

320 1339 401 1381 Sed
437 1340 607 1389 yravitas
647 1336 841 1374 verborum
874 1334 1056 1375 Ciceroni
1092 1333 1255 1383 diynitas
1291 1339 1368 1382 est3
1405 1347 1442 1374 v.
1473 1333 1519 1373 (ie
1548 1334 1614 1374 Or.
1642 1334 1708 1373 111.

320 1408 369 1454 8,
395 1407 460 1445 31.
497 1404 606 1443 Brut.
632 1404 702 1451 62,
727 1403 821 1441 221.
860 1403 935 1450 76,
958 1400 1052 1440 265.
1097 1399 1155 1439 Ne
1185 1401 1379 1453 scriptura
1405 1406 1585 1449 mutetur,
1617 1412 1710 1452 pro-

320 1473 428 1514 hihet
458 1471 573 1511 etiam
604 1468 807 1511 Charisius
835 1481 873 1521 p.
901 1469 992 1507 179.
1022 1467 1096 1507 hoe
1126 1467 1215 1507 loco
1244 1480 1349 1507 usus.
1408 1468 1586 1508 Ceterum
1613 1467 1712 1507 hanc

324 1540 372 1580 de
398 1538 657 1579 Demosthene
693 1535 848 1576 laudem
881 1534 1066 1574 imitando
1106 1535 1299 1586 expressit
1334 1534 1595 1584 Quintilianus
1624 1533 1710 1574 XII.

326 1608 398 1655 10,
429 1607 496 1645 23.
547 1603 651 1644 Illud
679 1603 800 1642 miror
827 1601 1116 1654 imparilitatem
1144 1607 1376 1654 temporum,
1407 1606 1568 1654 propter
1598 1613 1713 1652 quam

325 1671 588 1714 Schneiderus
619 1670 711 1710 olim
740 1669 823 1718 fieri
850 1674 975 1718 posset
1004 1668 1246 1707 scribendum
1276 1668 1476 1716 iudicavit,
1514 1679 1562 1707 ne
1590 1668 1714 1707 Bern-

324 1739 475 1791 hardyo
513 1737 666 1790 quidem
711 1736 916 1776 offensioni
955 1734 1099 1783 fuisse;
1144 1741 1247 1774 certe
1290 1748 1367 1775 non
1411 1739 1617 1774 excusatur
1655 1746 1714 1782 eo,

329 1805 433 1858 quod
456 1805 551 1843 nthtl
572 1803 656 1851 fieri
677 1809 796 1853 potest
824 1803 886 1842 hic
909 1801 1102 1852 signifieat
1124 1803 1218 1840 nihil
1240 1805 1396 1852 eoyitari
1416 1808 1547 1852 potest.
1587 1801 1715 1841 Etiam

328 1871 544 1917 Matthiae,
576 1881 659 1907 eum
690 1869 736 1907 de
766 1869 839 1907 hoe
868 1868 956 1907 loeo
989 1874 1126 1918 ageret
1156 1868 1205 1908 ad
1235 1881 1290 1908 or.
1323 1882 1360 1921 p.
1386 1868 1501 1909 Sulla
1533 1869 1602 1915 16,
1633 1870 1715 1915 46„

330 1952 355 1978 a
378 1949 422 1977 re
449 1934 648 1985 tangenda
677 1933 873 1973 abstinuit.
931 1934 1053 1972 Nobis
1084 1940 1187 1973 certe
1218 1935 1460 1974 scribendum
1488 1935 1640 1976 videtur
1669 1938 1717 1972 sit

331 2006 466 2042 elatius
502 2013 575 2054 pro
606 2006 721 2046 esset,
760 2000 836 2038 nisi
865 1999 967 2038 forte
1002 2011 1065 2038 res
1096 2012 1141 2039 eo
1174 2006 1398 2048 excusatur,
1442 2001 1545 2052 quod
1577 2002 1714 2041 Cicero

329 2070 508 2123 pluribus
533 2066 744 2106 interiectis
771 2066 945 2117 priorum
975 2066 1116 2104 oblitus
1143 2067 1210 2114 sit,
1240 2066 1279 2106 id
1308 2066 1411 2118 quod
1440 2068 1480 2106 in
1504 2079 1717 2107 sermonem

330 2136 443 2176 Bruti
471 2134 594 2173 minus
624 2132 795 2171 limatum
825 2143 919 2170 sane
949 2132 1138 2171 convenit.

444 2202 511 2240 36.
569 2198 767 2247 Demades]
808 2198 923 2236 etiam
957 2198 1216 2247 Quintilianus
1257 2204 1376 2249 negat
1415 2210 1500 2238 esse
1536 2199 1719 2239 Demadis

333 2269 481 2321 scripta
507 2266 557 2306 11.
590 2267 662 2313 17,
696 2265 760 2304 13.
801 2264 888 2303 XII.
922 2267 993 2313 10,
1023 2266 1092 2305 49.

447 2335 513 2372 37.
572 2344 684 2382 quam
703 2331 910 2380 palaestra]
935 2332 1145 2371 Lambinus
1163 2332 1376 2381 palaestrae
1394 2331 1594 2381 suadebat,
1618 2331 1720 2384 quod

335 2400 512 2440 similiter
534 2397 672 2438 Cicero
694 2397 866 2449 loquitur
889 2397 935 2437 de
961 2399 1027 2438 Or.
1047 2398 1075 2437 I.
1104 2399 1172 2446 18,
1198 2399 1265 2438 81.
1304 2399 1370 2438 Or.
1398 2400 1468 2446 13,
1491 2400 1557 2438 42.
1598 2399 1646 2438 ef.
1674 2399 1719 2438 de

335 2468 403 2507 Or.
431 2466 497 2506 111.
526 2465 601 2512 52,
633 2466 727 2504 200.
788 2464 867 2504 Sed
909 2469 1074 2516 utroque
1119 2464 1231 2504 modo
1278 2463 1354 2503 diei
1396 2477 1512 2517 posse
1557 2465 1721 2505 ostendit

334 2530 563 2582 Bernhardy
593 2532 756 2570 maxime
786 2536 1010 2583 comparato
1042 2531 1130 2570 loeo
1157 2532 1222 2572 Or.
1247 2532 1319 2579 56,
1346 2532 1437 2571 186.
1467 2532 1535 2571 uhi
1564 2537 1621 2571 est
1649 2545 1721 2582 pa—

334 2601 515 2638 laestram
544 2596 680 2646 afferre
718 2598 742 2636 i.
776 2609 809 2637 e.
849 2599 962 2649 quasi
995 2598 1233 2650 palaestram
1267 2597 1468 2646 didicisse;
1504 2600 1625 2650 igitur
1660 2601 1720 2636 in-

334 2669 485 2704 stitutus
516 2663 751 2716 significabit
780 2666 918 2703 maltum
941 2665 975 2704 Sa
996 2668 1216 2703 instructum
1240 2671 1323 2704 arte
1348 2667 1459 2718 quasi
1482 2665 1720 2719 palaestrica

336 2733 363 2771 i.
389 2744 422 2773 e.
454 2732 687 2782 umbratica,
731 2731 838 2772 euius
871 2738 907 2773 et
938 2732 1035 2773 aciei
1066 2743 1222 2785 pugnae
1252 2732 1434 2773 clamoris
1465 2732 1578 2783 solis,
1620 2742 1718 2784 quae
