1835 3126
335 249 462 294 348
761 240 1293 286 EXPLICATIONES

447 356 496 395 ad
525 354 713 405 populum]
746 354 848 406 apud
877 355 1085 406 populum3
1113 368 1149 395 v.
1178 356 1376 395 Heinsium
1404 355 1444 394 in
1476 354 1586 396 ovid.
1611 354 1716 393 Fast.

336 424 398 465 1v.
437 424 531 462 310.
583 421 784 461 Davisium
820 421 859 459 in
897 420 978 460 Cic.
1017 420 1132 459 Tuse.
1170 421 1236 461 111.
1268 424 1334 461 21.
1385 422 1509 462 Hand.
1547 421 1717 462 Tursell.

336 490 413 532 vol.
440 489 469 530 Ι.
509 502 546 542 p.
577 489 644 529 94.
705 487 843 528 Cicero
880 487 985 526 infra
1025 499 1057 526 c.
1088 489 1161 535 20,
1192 488 1266 526 80:
1307 501 1387 525 cum
1420 488 1554 540 (Cato)
1584 510 1640 518 -
1669 487 1718 526 ad

334 558 512 608 populum
548 568 696 593 summa
728 557 958 593 contentione
989 554 1156 592 dixisset.
1216 553 1289 602 84,
1323 554 1423 594 289:
1460 559 1500 593 in
1531 557 1718 593 comitium

334 626 506 668 veniant,
541 623 591 660 ad
618 627 778 660 stantem
808 621 964 658 iudicem
992 621 1127 658 dicant.

452 701 495 745 Q.
526 699 738 748 Maoeimus]
772 698 819 738 de
848 698 963 737 huius
992 697 1110 737 laude
1139 698 1315 738 oratoria
1343 710 1379 737 v.
1409 696 1656 737 Plutarchum
1681 698 1719 736 in

337 768 428 810 vita
458 779 490 806 c.
516 769 570 814 l.;
600 766 647 805 de
674 766 747 805 hoo
780 770 816 805 et
841 765 887 816 Q.
908 765 1074 806 Metello
1105 764 1264 805 consule
1294 777 1329 804 a.
1352 764 1436 804 548
1465 775 1535 803 nos
1563 763 1603 802 in
1627 774 1720 815 pro-

335 836 442 886 legg.
474 833 509 887 ς.
537 835 575 873 7.

447 912 532 953 XV.
592 911 722 960 eoestet]
755 910 780 949 i.
813 922 845 949 e.
876 915 1054 950 testatum
1085 915 1161 958 est3
1192 924 1227 950 v.
1259 909 1392 962 Expll.
1423 908 1471 948 ad
1503 908 1550 948 de
1580 909 1647 949 Or.
1672 907 1720 948 11.

338 983 409 1027 22,
440 981 506 1020 93.
566 978 810 1030 Explicatius
843 977 940 1017 dixit
967 979 1084 1015 literis
1115 983 1264 1015 exstare
1292 978 1317 1016 i.
1344 989 1377 1017 e.
1406 978 1445 1016 in
1472 976 1722 1016 monumentis

336 1048 537 1086 literarum
567 1045 750 1097 scriptum
780 1055 866 1084 esse
898 1045 1013 1084 Tusc.
1044 1043 1072 1082 Ι.
1107 1046 1178 1093 16,
1211 1045 1278 1085 38.

449 1127 508 1163 Μ.
535 1124 728 1161 Cornelius
757 1122 946 1172 Cethegus]
983 1121 1119 1161 consul
1152 1133 1236 1161 cum
1264 1122 1306 1161 P.
1340 1120 1570 1173 Sempronio
1601 1120 1722 1160 Tudi-

338 1196 428 1229 tano
460 1201 496 1228 a.
525 1189 625 1235 5503
655 1193 827 1227 mortuus
857 1201 892 1227 a.
923 1189 1026 1235 558,
1055 1193 1152 1227 teste
1180 1188 1292 1228 Livio
1320 1188 1485 1228 XXXII.
1515 1190 1554 1228 4.

449 1265 516 1306 58.
574 1278 648 1302 non
685 1265 776 1314 tam]
816 1294 841 1312 „
854 1265 1154 1316 comparationis
1192 1265 1268 1303 vim
1304 1263 1411 1313 (nam
1446 1271 1620 1316 apertum
1652 1266 1721 1305 oh-

340 1333 489 1374 scurius
520 1331 690 1382 intelligi
712 1344 824 1381 quam
853 1332 963 1369 velles
989 1329 1212 1381 credet-esve)
1235 1330 1354 1382 paulo
1381 1331 1517 1370 melius
1541 1334 1722 1382 agnosei-

339 1412 421 1440 mus
460 1400 500 1438 in
536 1398 665 1437 Divin.
695 1397 742 1437 II.
773 1399 844 1436 37:
885 1403 995 1448 atque
1030 1398 1121 1435 haec
1154 1400 1195 1434 in
1233 1397 1325 1435 bello
1362 1398 1473 1447 plura
1510 1404 1544 1435 et
1576 1401 1722 1437 maiora

339 1467 510 1506 videntur
537 1464 767 1512 timentibus,-
798 1464 925 1502 eadem
954 1478 1028 1502 non
1051 1470 1131 1502 tam
1155 1464 1502 1502 animadvertuntm·
1523 1468 1562 1503 in
1584 1469 1724 1516 pace.“

340 1533 572 1580 Bernhardy.
615 1532 762 1572 Melius
792 1531 1018 1583 Madvigius
1047 1532 1086 1570 in
1119 1531 1200 1572 Cio.
1230 1531 1315 1571 Fin.
1344 1544 1385 1583 p.
1417 1532 1463 1572 5:
1497 1532 1726 1583 „significat

339 1613 416 1640 non
440 1605 518 1639 tam
541 1611 626 1639 esse
650 1599 1000 1651 suaviloquentiam
1023 1610 1122 1638 nuno
1149 1599 1188 1637 in
1205 1599 1439 1647 oratoribus,
1464 1611 1577 1651 quam
1600 1600 1724 1651 ipsam

338 1667 573 1707 laudandam
603 1672 639 1706 et
667 1666 940 1718 requirendam
970 1667 1103 1705 esse.“
1159 1666 1290 1707 Verba
1327 1666 1448 1717 igitur
1480 1666 1553 1705 illa
1578 1666 1642 1703 sed
1671 1672 1725 1703 est

340 1749 384 1773 ea
409 1736 492 1772 laus
523 1749 559 1774 κ.
591 1748 625 1774 τ.
661 1732 697 1773 λ.
728 1733 965 1786 respondent
992 1745 1229 1785 praegresso
1256 1739 1346 1772 tam.

451 1811 522 1859 flos
552 1812 732 1849 delibatus
753 1813 894 1863 populi]
925 1813 1111 1862 Meyerus
1135 1810 1306 1863 explicat
1325 1809 1458 1850 florem
1480 1822 1528 1850 ex
1551 1811 1725 1850 omnibus

339 1878 500 1918 floribus
532 1877 769 1929 decerptum,
798 1878 932 1918 florem
961 1879 1129 1917 omnium
1158 1878 1295 1917 florum
1323 1878 1488 1917 maxime
1517 1877 1725 1926 delectum;

343 1945 536 1985 Gesnerus
560 1943 786 1984 Columnam
807 1944 923 1984 Ennii
954 1944 1140 1983 editorem
1170 1950 1321 1983 secutus
1351 1945 1615 1997 incorruptum
1644 1945 1725 1984 illi-

341 2015 548 2064 batumque
573 2011 655 2052 vult
683 2011 868 2062 intelligi,
901 2011 1075 2063 sequitur
1094 2009 1322 2060 Bernhardy
1346 2022 1575 2062 comparans
1601 2012 1723 2052 Grae-

343 2093 474 2121 corum
492 2084 695 2132 poetarum
712 2070 851 2125 ὅῖνθος
867 2071 1099 2131 ἀκήρατον,
1128 2075 1269 2131 κῆπον
1283 2074 1470 2130 χαρίτων
1487 2074 1721 2133 ἐξαίρετον.

340 2147 490 2188 Vellem
513 2145 645 2185 doceri
671 2143 863 2196 quomodo
893 2143 932 2182 id
956 2144 995 2182 in
1021 2143 1213 2183 vocabulo
1237 2143 1418 2181 delibatus
1438 2144 1565 2183 inesse
1584 2146 1723 2197 possit.

342 2214 516 2251 Delibare
540 2217 597 2251 est
621 2207 853 2263 γεύεσθαιτ
877 2210 949 2259 ties
975 2210 1157 2248 delibatus
1177 2210 1305 2260 populi
1328 2215 1396 2258 est,
1422 2222 1533 2262 quem
1554 2213 1723 2264 populus

338 2281 504 2320 libenter
533 2279 732 2330 degustat,
761 2279 787 2318 i.
820 2290 852 2317 e.
883 2278 1026 2330 probat
1055 2282 1091 2316 et
1121 2277 1263 2327 diligit.

452 2359 519 2399 59.
578 2364 620 2394 ut
667 2359 762 2394 enim
806 2357 966 2394 hominis
1008 2355 1206 2404 inqenium]
1252 2354 1301 2394 ad
1339 2367 1552 2395 sermonem
1594 2357 1727 2397 confer

329 2435 375 2466 xc,
407 2428 480 2473 21,
510 2427 584 2465 83:
616 2425 659 2461 de
688 2426 805 2473 ipsius
833 2423 943 2460 Laeli
968 2428 1002 2459 et
1024 2424 1211 2472 Scipionis
1239 2436 1452 2472 quanquam
1481 2436 1526 2461 ea
1555 2429 1608 2461 est
1635 2427 1725 2470 iam,

342 2500 384 2530 ut
420 2493 633 2543 plurumum
678 2490 863 2528 tribuatur
901 2488 1094 2532 ambobus,
1140 2488 1281 2525 dicendi
1318 2494 1441 2526 tamen
1476 2490 1560 2527 laus
1597 2496 1651 2528 est
1689 2494 1728 2528 in.
1794 2488 1835 2538 (ἰ

346 2560 476 2597 Laelio
513 2559 716 2604 illustrior,
754 2557 820 2596 ubi
858 2557 942 2594 laus
979 2554 1028 2594 ad
1065 2555 1273 2595 membrum
1303 2556 1411 2607 prius
1442 2569 1655 2608 quanquam
1682 2571 1726 2595 ea
1794 2548 1795 2592 ζ

344 2632 397 2664 est
426 2624 710 2665 retrahendum.
768 2623 955 2664 Indicavit
983 2622 1181 2672 Meyerus.

455 2693 675 2744 Suadaeque
712 2691 886 2741 medulla]
932 2695 1019 2730 ante
1055 2690 1188 2729 oculos
1228 2689 1362 2729 habuit
1389 2689 1648 2739 Quintilianus
1678 2688 1724 2729 II.
1793 2679 1806 2742 ζ’

345 2760 414 2808 15,
446 2761 484 2799 4.
