1835 3126
384 226 466 269 ΑΙ)
499 224 613 269 CIC.
643 225 917 270 BRUTUM
949 228 1068 273 CAP.
1098 230 1165 273 21.
1196 232 1263 274 22.
1403 233 1519 279 361

132 340 232 380 enim
269 350 370 391 quae
408 344 587 381 oratores
618 340 822 382 efficienda
858 343 932 382 sibi
968 350 1276 398 proposuerunt3
1315 345 1421 386 velut
1450 347 1521 387 alii

130 406 182 446 ad
217 406 511 459 persuasionem
548 408 673 448 solam
711 421 797 449 sese
832 410 1041 460 instruunt,
1080 417 1121 451 ut
1158 412 1302 453 Calvus
1336 413 1518 463 faciebat,

131 473 200 513 alii
221 473 417 514 movendis
442 474 684 515 auditoribus
714 477 848 516 intenti
873 483 978 527 sunt,
1009 484 1050 517 ut
1069 478 1230 527 Cicero;
1261 479 1331 518 alii
1354 482 1520 520 tenuiter

127 539 338 593 pleraque,
382 541 452 580 alii
491 542 593 582 elate
631 544 750 583 multa
789 544 939 592 dicunt3
984 545 1055 584 alii
1090 546 1297 585 verborum
1335 558 1519 586 summam

129 618 279 655 curam,
310 613 351 647 ut
382 608 566 658 Crassus,
598 611 668 650 alii
697 611 843 650 nullam
873 617 1033 662 gerunt,
1064 617 1104 651 ut
1129 613 1331 653 Antonius.

239 675 366 715 XXII.
425 676 492 716 85.
552 678 749 728 Smyrnae]
795 690 879 717 cum
918 678 1032 718 Sulla
1075 679 1264 720 dIctatore
1306 681 1346 719 in
1384 680 1518 720 Asiam

125 742 324 794 profectus
355 748 457 781 esset
484 755 520 781 a.
545 744 647 794 676,
678 745 820 785 Rufum
850 745 1039 797 Smyrnae
1069 747 1246 788 convenit
1275 747 1518 787 exsulantem

124 808 180 847 ibi
210 809 258 847 ab
289 820 389 848 anno
420 810 516 848 662.

173 876 175 879 ’
238 877 277 913 «in
300 875 397 913 silva
421 876 517 926 Sila]
551 876 606 916 sic
628 877 843 918 vocabatur
861 878 1055 930 Apennini
1079 883 1251 918 extrema
1272 892 1385 932 pars,
1416 891 1517 932 quae

123 942 297 982 Bruttios
335 954 555 994 peragrans
595 943 645 983 ad
674 943 815 983 fretum
844 944 1018 984 Siculum
1049 943 1188 984 deficit.
1247 946 1400 985 Nobilis
1432 951 1518 985 erat

124 1015 286 1062 propter
322 1009 443 1049 silvas
479 1010 636 1061 pinnum
675 1015 712 1048 et
745 1010 934 1057 abietum3
975 1009 1076 1048 unde
1107 1021 1155 1048 ex
1182 1013 1338 1060 pinariis
1370 1011 1517 1051 reditus

123 1077 256 1127 magni
277 1077 316 1114 in
340 1076 536 1114 aerarium
556 1075 856 1126 redigebantur:
882 1089 915 1116 v.
940 1075 1055 1115 Dion.
1079 1076 1168 1116 Hal.
1193 1076 1334 1128 fragm.
1352 1078 1518 1118 Maiana

122 1143 214 1183 XX.
238 1143 277 1182 5.
307 1141 408 1182 Plin.
425 1142 472 1181 H.
488 1141 535 1181 N.
557 1142 660 1183 XVI.
685 1144 748 1182 11.
808 1142 887 1182 Sed
914 1143 1029 1183 etiam
1060 1155 1204 1194 greges
1234 1145 1274 1183 in
1302 1145 1383 1184 illis
1405 1146 1515 1186 silvis

120 1209 402 1263 pascebantur,
444 1213 484 1248 ut
516 1220 589 1258 per
618 1215 739 1249 totam
767 1209 922 1249 Italiam
956 1222 1038 1249 mos
1070 1215 1173 1258 erat,
1211 1223 1325 1262 quam
1355 1212 1404 1251 ob
1434 1224 1516 1252 rem

120 1279 338 1327 pecuarias,
367 1281 404 1315 ut
424 1275 600 1315 Corrado
628 1277 747 1316 scribi
763 1277 963 1329 placebat,
986 1277 1224 1317 Bruttiorum
1242 1285 1516 1319 commemorat

121 1343 249 1385 Varro
270 1343 316 1383 R.
336 1343 383 1383 R.
409 1343 458 1383 ΙΙ.
487 1344 521 1382 l.

234 1411 301 1450 87.
361 1412 470 1460 quasi
485 1408 843 1459 comperendinatus]
867 1408 967 1449 diem
983 1409 1399 1462 comperendinationis
1414 1412 1516 1451 intel·

119 1477 284 1531 primam
312 1481 350 1515 et
379 1476 544 1515 alteram
573 1476 763 1515 actionem
787 1476 951 1516 medium
980 1478 1102 1517 fuisse
1121 1478 1308 1518 Ernestus
1338 1479 1514 1531 putabat.

119 1545 287 1594 „Vetere
323 1555 367 1583 re
393 1543 552 1596 publica
586 1544 740 1582 tametsi
773 1549 952 1596 tempora
984 1545 1212 1584 dilationum
1246 1551 1355 1584 erant
1386 1546 1515 1586 libera

118 1617 350 1665 poteratque
377 1610 496 1650 iudex
516 1610 608 1661 lege
632 1623 704 1650 sua
728 1611 1107 1663 comperendinatum
1130 1612 1300 1652 adimere
1323 1612 1377 1662 (v.
1401 1613 1513 1654 Verr.

118 1681 211 1721 Acc.
248 1679 278 1718 Ι.
318 1680 366 1726 9,
407 1678 517 1728 26.),
557 1677 705 1716 duabus
746 1678 962 1718 actionibus
1002 1684 1044 1718 ut
1083 1691 1204 1719 causa
1239 1679 1513 1732 perficeretur:

118 1752 266 1793 tamen,
299 1746 332 1784 si
356 1756 476 1784 causa
499 1743 924 1796 comperendinaretur,
952 1746 1033 1785 dies
1058 1745 1225 1785 debebat
1247 1759 1325 1786 una
1349 1752 1385 1786 et
1407 1753 1516 1787 certa

120 1812 284 1853 definiri.
342 1811 478 1864 Itaque
507 1823 578 1851 nec
609 1810 655 1850 de
686 1810 834 1850 dierum
865 1824 1024 1852 numero
1055 1812 1289 1853 dubitationi
1315 1814 1426 1853 locus
1457 1820 1515 1854 est

119 1880 278 1921 relictus
316 1891 387 1919 nec
425 1878 561 1926 video,
603 1878 636 1916 si
676 1877 758 1916 dies
794 1879 1039 1918 habebantur
1077 1880 1236 1928 incerti,
1279 1892 1356 1932 quo
1396 1886 1512 1933 pacto

120 1946 375 1988 concedamus
415 1945 584 1996 aliquem
621 1944 743 1984 fuisse
783 1945 963 1985 medium.
1032 1946 1150 1986 Immo
1191 1947 1264 1986 fuit
1304 1948 1440 1987 tertius
1481 1961 1513 1988 s,

117 2013 357 2064 perendinus,
410 2023 486 2064 quo
528 2010 713 2051 iudicium
757 2018 957 2065 oporteret
1000 2014 1216 2064 transigi.“
1279 2015 1511 2063 Bernhardy.

117 2081 270 2118 Medius
295 2079 418 2131 igitur
444 2079 514 2118 ille
538 2078 619 2118 dies
646 2084 704 2118 est
723 2079 813 2128 ille,
846 2081 913 2132 qui
941 2081 1042 2119 inter
1066 2079 1274 2119 secundam
1300 2086 1337 2120 et
1358 2082 1512 2121 tertiam

118 2148 309 2188 actionem
338 2147 562 2186 interiectus
589 2151 693 2193 erat,
724 2146 791 2197 qui
821 2146 899 2183 dies
929 2150 1038 2196 (μιαεὶ
1067 2147 1413 2197 comperendinatus
1441 2161 1512 2190 vo-

119 2220 248 2262 catur,
289 2214 382 2265 quia
418 2224 495 2251 non
533 2223 625 2252 vere
667 2212 1028 2264 comperendinata,
1069 2213 1138 2253 sed
1168 2214 1356 2266 ampliata
1382 2216 1513 2256 fuerat

119 2286 156 2321 et
185 2281 225 2320 in
254 2279 354 2319 diem
383 2279 486 2318 forte
514 2279 669 2317 tertium
698 2280 866 2319 reiecta:
896 2293 932 2321 v.
961 2282 1030 2329 19,
1058 2282 1125 2320 74.

230 2346 424 2396 testudine]
462 2346 590 2387 Varro
622 2345 668 2385 de
698 2346 743 2385 L.
770 2346 817 2387 L.
843 2346 890 2388 V.
920 2359 959 2399 p.
992 2348 1085 2388 161.
1119 2359 1143 2386 a
1171 2347 1335 2399 Meyero
1367 2347 1511 2388 allatus

118 2415 232 2455 docet
271 2412 497 2454 cavaedium
536 2425 568 2452 s.
604 2412 769 2452 mediam
806 2412 958 2452 aedium
987 2419 1158 2466 partem,
1196 2426 1280 2454 cum
1316 2415 1386 2454 sub
1421 2415 1509 2455 divo

119 2486 240 2530 esset,
270 2481 491 2530 tvnpluvtum
514 2479 674 2528 dictum,
705 2492 790 2519 cum
815 2486 916 2520 esset
939 2486 1115 2521 contecta
1138 2481 1326 2534 desuper,
1355 2482 1511 2520 testudi-

118 2561 213 2587 nem.
272 2547 416 2587 Lucem
445 2547 566 2597 igitur
595 2547 813 2600 accipiebat
843 2559 891 2587 ex
918 2548 1111 2588 foramine
1140 2549 1244 2588 tecti.

229 2615 327 2652 male
351 2614 544 2663 mulcatos]
571 2614 715 2666 quippe
739 2626 823 2654 cum
847 2614 1026 2655 dictantis
1050 2616 1287 2656 voluntatem
1311 2613 1511 2653 celeritate

118 2680 314 2721 scribendi
342 2693 419 2721 non
447 2686 695 2733 aequassent.
753 2684 816 2719 Em
846 2695 916 2732 quo
945 2682 1183 2731 styntficabat
1211 2682 1310 2721 bene
1340 2680 1512 2733 explicat

118 2747 370 2800 Bernhardy:
416 2758 464 2788 ex
503 2760 580 2801 quo
620 2747 765 2789 indicio
806 2753 989 2802 tanquam
1027 2749 1135 2790 fonte
1170 2748 1336 2789 ducebat
1371 2747 1508 2788 obser-
