1835 3126
313 212 440 258 358
741 206 1283 251 EXPLICATIONES

422 321 529 361 XXI.
589 320 654 358 81.
713 320 777 356 sed
805 323 889 359 υῑυο
921 321 1071 369 Catone]
1102 320 1199 359 haee
1228 320 1380 359 minime
1409 327 1700 370 supervacanea

315 394 418 436 sunt,
458 386 526 427 sed
561 397 687 439 prope
727 386 965 426 necessaria.
1021 386 1147 424 Antea
1181 387 1281 424 enim
1315 398 1398 426 cum
1436 390 1502 425 aut
1533 384 1701 423 maiores

315 456 464 496 Catone
507 458 572 493 aut
611 453 797 505 aequales
838 457 904 492 aut
945 456 1047 491 certe
1083 452 1277 503 principes
1316 458 1352 491 et
1387 454 1600 492 honoratos
1638 462 1702 489 re-

315 522 547 569 censuisset,
577 533 676 560 nunc
707 520 755 560 ad
780 520 952 559 iuniores
984 518 1117 558 eodem
1147 517 1360 557 studiorum
1390 523 1427 557 et
1451 518 1578 557 laudis
1611 528 1702 556 con-

315 590 436 629 sortio
469 587 792 628 commendabiles
822 587 972 626 transit.

428 667 476 703 A.
494 666 667 715 Albinus]
695 677 772 705 cos.
800 677 833 703 a.
856 665 959 711 603;
989 675 1052 702 res
1076 663 1272 702 Romanas
1297 661 1445 701 Graece
1465 660 1705 712 perscripsit,

317 732 365 772 de
390 745 467 784 qua
493 733 703 784 scriptione
721 731 879 772 Catonis
904 730 1086 770 iudicium
1110 732 1407 768 commemorant
1426 727 1564 777 Polyb.
1581 725 1648 765 XI.
1667 727 1705 764 6.

316 800 548 840 Plutarchus
581 799 664 839 Cat.
684 799 742 839 M.
774 801 837 838 12.
871 802 906 836 et
938 797 1084 837 Gellius
1113 796 1182 836 XI.
1208 797 1245 835 8.
1304 794 1415 834 Alius
1444 794 1606 833 Albinus
1638 803 1708 831 no-

318 867 419 907 mine
457 872 567 906 tenus
604 871 717 905 notus
758 877 820 904 res
856 865 1052 904 Romanas
1089 863 1230 902 Latino
1270 872 1446 901 sermone
1483 864 1709 912 persecutus

319 939 395 972 est:
434 946 469 972 v.
499 934 680 973 Macrob.
713 933 794 973 Sat.
827 932 874 971 ΙΙ.
903 933 990 979 46,
1032 931 1097 982 qui
1133 929 1286 981 quidem
1314 928 1502 980 Nepotem
1540 928 1579 966 in
1615 926 1709 966 viris

317 1000 534 1038 illustribus
573 1006 724 1039 secutus
764 1005 832 1038 est.
869 1021 918 1026 -Ἀ
966 1000 1046 1034 Ser.
1078 997 1233 1034 Fulvius
1272 996 1429 1032 Flaccus
1467 992 1602 1032 consul
1638 991 1712 1030 suit

320 1079 356 1105 a.
388 1068 489 1113 619,
530 1069 610 1104 Ser.
643 1067 781 1104 Fabius
820 1068 945 1102 Pictor
983 1068 1145 1116 praetor
1184 1075 1218 1101 a.
1252 1064 1356 1109 609;
1401 1058 1711 1110 distinguendum

318 1138 449 1171 monet
477 1134 662 1183 Mcyerus
703 1145 725 1170 a
764 1132 809 1180 Q.
841 1131 964 1170 Fabio
1002 1130 1275 1169 historicorum
1312 1128 1574 1168 Romanorum
1612 1126 1711 1164 anti-

316 1199 526 1249 quissimo,
575 1198 675 1236 idem
719 1197 768 1235 ad
804 1197 913 1235 illum
953 1197 1127 1234 reserens
1168 1206 1268 1246 quae
1309 1207 1357 1233 ex
1393 1195 1570 1235 Varrone
1609 1191 1713 1244 apud

320 1265 487 1308 Nouium
517 1278 553 1317 p.
587 1265 681 1305 518.
713 1264 808 1302 544.
840 1263 932 1300 223.
981 1261 1147 1300 Gellium
1176 1261 1205 1299 Ι.
1241 1262 1304 1298 12.
1348 1259 1397 1298 Χ.
1433 1260 1517 1308 15.,
1558 1260 1713 1298 Festum

320 1345 360 1384 p.
387 1334 481 1372 216.
514 1331 572 1372 ed.
597 1330 731 1377 Liud.‚
764 1329 943 1369 Servium
972 1329 1012 1366 in
1044 1328 1188 1377 Georg.
1220 1325 1248 1365 I.
1281 1328 1346 1365 21.
1382 1331 1419 1365 et
1449 1337 1497 1365 ex
1524 1312 1636 1365 libris
1668 1326 1714 1365 de

321 1400 406 1437 iure
438 1398 633 1450 pontificio
666 1397 769 1449 apud
796 1395 1044 1436 Macrobium
1075 1394 1158 1435 Sat.
1185 1393 1250 1433 III.
1275 1396 1312 1432 2.
1357 1393 1521 1432 Nonium
1552 1406 1589 1445 p.
1617 1393 1712 1433 518.

320 1465 518 1516 leguntur.
557 1488 612 1495 -—
659 1466 702 1510 Q.
736 1464 875 1502 Fabius
911 1462 1051 1511 Labeo]
1101 1460 1341 1500 consulatum
1386 1461 1507 1511 gessit
1552 1473 1587 1499 a.
1618 1461 1713 1500 571.

322 1532 487 1572 Doctum
513 1532 707 1583 siguificat
731 1532 875 1572 Santra
898 1529 1002 1581 apud
1025 1529 1184 1569 Sueton.
1206 1529 1273 1568 vit.
1298 1528 1455 1568 Terent.
1479 1529 1538 1576 4.,
1569 1528 1617 1567 ab
1641 1528 1715 1567 hoc

324 1599 387 1639 vel
417 1600 594 1652 Sulpicio
627 1599 741 1639 Gallo
773 1597 996 1637 Terentium
1030 1596 1155 1647 magis
1186 1596 1358 1648 potuisse
1390 1594 1568 1635 adiuvari
1596 1599 1715 1634 testa-

320 1672 404 1715 tus,
433 1679 547 1718 quam
573 1680 596 1706 a
617 1667 801 1719 Scipione
821 1665 1029 1713 Laeliove,
1056 1665 1120 1716 qui
1144 1669 1232 1703 tunc
1258 1662 1538 1702 adolescentuli
1561 1662 1715 1701 fuerint.

443 1757 485 1801 Q.
509 1756 696 1805 Metellus]
731 1760 986 1806 cognomento
1010 1753 1291 1794 Macedonicus
1316 1765 1394 1792 cos.
1421 1765 1455 1791 a.
1480 1754 1580 1800 611,
1609 1756 1717 1803 post-

326 1834 441 1873 quam
464 1822 509 1860 de
533 1822 865 1873 Pseudophilippo
888 1823 1113 1873 praetorius
1138 1821 1394 1872 triumpharat
1417 1832 1452 1860 a.
1478 1820 1572 1859 608.
1611 1818 1718 1868 Qua-

326 1894 415 1927 tuor
454 1889 536 1927 cius
566 1888 636 1926 filii
667 1888 893 1926 consulares
924 1888 1100 1935 fuerunt,
1141 1888 1185 1936 Q.
1214 1887 1460 1934 Balearicus,
1497 1887 1542 1926 L.
1574 1885 1719 1925 Diade-

327 1960 472 2002 matus,
501 1956 560 1995 M.
593 1959 629 1993 et
659 1954 701 1994 C.
729 1954 904 2002 Metelli,
944 1965 1022 1993 cos,
1056 1966 1091 1993 a.
1118 1954 1220 2000 631,
1252 1954 1345 1999 637,
1375 1954 1475 2000 639,
1507 1954 1601 1991 641.
1659 1952 1719 1991 De

326 2021 576 2062 Macedonici
600 2021 788 2059 felicitate
819 2021 924 2059 multi
958 2020 1095 2059 multa:
1132 2033 1167 2060 v.
1198 2019 1298 2060 Vell.
1328 2019 1357 2059 Ι.
1386 2021 1455 2067 ll,
1483 2021 1520 2059 6.
1553 2024 1588 2057 et
1620 2030 1719 2070 quae

322 2088 558 2139 collegimus
589 2089 629 2126 in
658 2087 811 2139 Explic.
844 2087 893 2126 ad
925 2087 971 2125 de
1002 2087 1068 2126 Or.
1101 2086 1130 2125 I.
1161 2088 1234 2133 48,
1267 2088 1361 2125 211.

442 2167 509 2205 82.
568 2168 614 2202 L.
650 2165 770 2214 Cotta]
815 2176 893 2205 cos.
926 2177 961 2203 a.
992 2165 1092 2211 610;
1139 2165 1316 2203 tribunus
1353 2163 1454 2202 male
1485 2163 1607 2213 gessit
1639 2174 1720 2202 rem

329 2233 525 2286 publicam
555 2245 590 2272 a.
622 2234 726 2281 6003
766 2246 801 2272 v.
834 2232 921 2273 Val.
952 2232 1064 2271 Max.
1094 2231 1156 2272 VI.
1189 2231 1232 2279 5,
1261 2233 1299 2270 4.
1358 2230 1417 2269 De
1455 2241 1500 2269 eo
1536 2229 1720 2269 adversus

325 2301 545 2342 Viriathum
574 2300 756 2340 mittendo
789 2300 929 2339 dictum
954 2304 1011 2337 est
1032 2298 1211 2338 Africani
1241 2297 1343 2350 apud
1368 2297 1527 2337 eundem
1556 2297 1722 2348 scripto-

329 2379 411 2406 rem
433 2367 495 2408 VI.
520 2368 565 2415 4,
591 2370 628 2406 2.
659 2390 709 2393 ——
738 2366 798 2406 De
822 2367 954 2404 Laelio
986 2371 1022 2405 et
1048 2367 1234 2413 Ali-ircano
1264 2365 1351 2406 vide
1382 2364 1564 2417 prolegg.
1597 2361 1630 2415 ᾧ.
1657 2364 1719 2403 14.

330 2440 367 2474 ct
400 2435 463 2475 15.

443 2512 486 2548 de
516 2514 671 2561 ingeniis
701 2511 906 2560 oratorum]
949 2510 1092 2549 iniuria
1121 2523 1246 2548 eorum
1276 2522 1347 2562 pro
1382 2514 1571 2547 oratorum
1604 2508 1723 2547 scribi

332 2578 453 2618 voluit
476 2579 680 2618 Ernestus:
714 2579 896 2631 opposita
925 2578 1023 2617 enim
1049 2583 1133 2616 suut
1163 2578 1262 2617 inter
1284 2589 1325 2616 se
1355 2579 1542 2615 orationes
1572 2580 1608 2615 et
1633 2588 1722 2613 ora-

335 2652 432 2684 tores
442 2661 452 2692 ,·
485 2658 532 2685 ex
560 2646 640 2685 illis
671 2646 770 2685 enim
801 2645 847 2685 de
876 2646 1011 2685 horum
1042 2645 1199 2695 ingenio
1231 2644 1483 2684 existimatur.

446 2726 527 2763 Ser.
563 2724 697 2773 Galba]
730 2737 764 2762 v.
797 2723 978 2775 prolegg.
1011 2724 1046 2777 ξ.
1081 2724 1146 2763 16.
