1835 3126
600 145 856 189 BRUTUS
890 146 1009 191 (ΣΑΡ.
1043 150 1107 192 16.
1441 154 1549 200 129

157 272 208 301 ex
235 256 463 300 Naevianis
500 258 664 313 scriptis
704 258 891 314 intellegi
922 267 1066 315 potest.
1129 260 1193 304 his
1226 262 1334 304 enim
1365 264 1549 306 consuli-

153 336 253 384 bus,
295 342 335 377 ut
364 336 405 376 iu
436 335 643 378 veteribus
678 339 984 380 commentariis
1016 340 1209 396 scriptum
1237 348 1320 391 est,
1360 340 1544 386 Naevius

153 420 216 456 est
261 420 469 456 mortuus:
521 427 755 470 quanquam
798 414 930 459 Varro
974 425 1141 467 noster,
1187 418 1544 473 diligentissumus

150 493 424 546 investigator
463 494 738 548 antiquitatis,
776 501 888 550 putat
932 496 976 537 iu
1010 495 1090 539 hoc
1129 503 1307 539 erratum
1335 499 1542 554 vitamque

147 569 297 613 Naevii
326 570 512 627 producit
541 571 733 627 longius„
768 586 862 614 nain
890 573 1058 616 Plautus
1088 574 1132 617 P.
1158 574 1333 619 Claudio
1365 575 1412 618 L.
1437 576 1539 619 Por-

147 651 235 699 cio,
273 650 419 704 viginti
452 650 571 691 annis
603 657 695 706 post
723 650 841 702 illos,
887 665 990 708 quos
1024 660 1116 695 ante
1149 653 1256 704 dixi,
1299 654 1541 698 consulibus

144 735 327 770 mortuus
359 734 442 780 est,
477 726 632 771 Catone
664 742 851 772 censore.
912 731 979 772 61.
1010 729 1127 773 Hunc
1159 733 1284 786 igitur
1313 731 1539 788 Cethegum

145 813 391 848 consecutus
431 813 494 848 est
529 813 664 848 aetate
696 806 819 856 Cato,
860 809 928 862 qui
968 809 1088 849 aunis
1125 822 1180 850 ix.
1219 816 1313 865 post
1347 823 1438 851 eum
1465 811 1540 852 suit

144 884 302 926 consul.
354 897 445 926 eum
474 896 550 925 nos
581 890 623 925 ut
649 890 903 939 perveterem
932 884 1155 935 habemus,
1194 887 1262 940 qui
1294 884 1344 926 L.
1373 885 1538 929 Marcio

141 961 287 1004 Manio
331 960 508 1002 Manilio
555 953 796 1003 consulibus
838 968 1021 1005 mortuus
1067 970 1148 1013 est,
1195 964 1317 1006 annis
1363 977 1538 1007 Lxxxw.

140 1041 243 1096 ipsis
271 1045 364 1080 ante
393 1052 457 1080 me
491 1038 716 1081 consulem.

249 1115 360 1158 XVI.
400 1115 488 1160 Nec
515 1130 615 1160 vero
645 1116 781 1160 habeo
814 1131 1059 1174 quemquam
1089 1119 1385 1176 antiquiorem,
1416 1121 1534 1163 cuius

136 1195 300 1252 quidem
341 1198 495 1252 scripta
523 1195 774 1252 proferenda
802 1203 961 1253 putem:
1005 1198 1090 1240 uisi
1121 1211 1241 1253 quem
1270 1197 1377 1254 Appi
1405 1196 1534 1241 Caeci

136 1277 269 1318 oratio
299 1274 406 1317 haec
442 1276 536 1331 ipsa
566 1274 615 1317 de
645 1273 804 1329 Pyrrho
836 1281 875 1318 et
901 1275 1128 1318 nonnullae
1158 1282 1409 1319 mortuorum
1439 1276 1534 1319 lau-

135 1353 324 1396 dationes
356 1353 461 1396 sorte
497 1353 715 1395 delectant.
775 1354 843 1395 62.
882 1352 951 1404 Et,
988 1353 1210 1406 Hercules,
1253 1354 1333 1397 hae
1367 1355 1531 1410 quidem

135 1438 320 1474 exstant:
364 1432 481 1487 ipsae
526 1432 636 1473 enim
680 1431 866 1474 familiae
911 1445 988 1475 sua
1029 1435 1149 1489 quasi
1193 1439 1437 1476 ornamenta
1480 1446 1530 1477 ac

133 1516 397 1553 monumenta
426 1509 650 1552 servabant
680 1515 720 1551 et
750 1509 803 1551 ad
826 1523 965 1560 usum,
996 1512 1032 1552 si
1062 1512 1154 1567 quis
1184 1511 1370 1553 eiusdem
1399 1524 1530 1566 gene-

129 1589 189 1631 ris
224 1588 468 1639 occidisset,
506 1595 545 1630 et
576 1587 629 1630 ad
659 1589 900 1631 memorIam
929 1588 1098 1631 laudum
1129 1589 1448 1632 domesticarum
1490 1596 1530 1633 et

130 1667 184 1710 ad
226 1667 513 1709 illustrandam
552 1666 811 1709 nobilitatem
851 1679 981 1709 suam.
1041 1666 1288 1723 Quanquam
1326 1667 1393 1709 his
1436 1668 1529 1710 lau-

129 1778 249 1813 modo
274 1777 412 1825 plane]
447 1776 566 1811 modo
599 1775 736 1810 delevit
766 1775 971 1811 Lambinus.
997 1796 1043 1801 ——
1081 1775 1202 1820 Enni]
1235 1776 1288 1811 sic
1317 1777 1384 1823 Lg.
1409 1778 1443 1813 8.
1470 1777 1526 1813 51.

127 1834 183 1870 53.
207 1834 262 1869 58.
298 1833 390 1868 Ven.
414 1833 442 1868 l.
463 1852 511 1858 -—
545 1832 731 1878 intelleyi]
756 1834 808 1867 sic
832 1832 898 1878 Lg.
916 1833 949 1867 8.
970 1833 1025 1869 51.
1045 1853 1091 1858 —
1119 1835 1160 1868 in
1183 1833 1432 1869 veteribus—
1452 1835 1524 1878 est]

126 1890 321 1925 veteribus
338 1891 499 1923 —inest
525 1889 583 1924 ed.
609 1901 665 1935 pr.
688 1909 734 1915 —
770 1890 915 1933 Naevi]
946 1890 998 1924 sic
1031 1895 1092 1924 aut
1116 1889 1215 1925 Nevz·
1238 1889 1303 1936 Lg.
1326 1890 1359 1924 8.
1386 1890 1441 1925 35.
1469 1890 1524 1926 39.

124 1947 179 1981 51.
206 1947 262 1982 53.
289 1946 342 1981 58.
370 1946 425 1981 68.
450 1946 505 1980 70.
548 1945 638 1979 Ven.
668 1946 697 1982 1.
740 1946 809 1981 Gu.
837 1946 867 1981 l.
909 1957 980 1982 om.
1007 1946 1100 1982 Ven.
1125 1947 1158 1982 2.
1194 1966 1241 1971 —-
1287 1946 1525 1991 consulibus]

122 2003 335 2038 mendosum
367 2008 421 2037 est
445 2001 619 2036 consules
650 2003 686 2036 in
713 2002 770 2038 ed.
796 2014 851 2048 pr.
885 2014 931 2037 ex
957 2002 1173 2048 compendio
1198 2002 1374 2038 librorum
1403 2003 1521 2038 COSS.

123 2066 261 2101 ortum3
287 2069 423 2105 sequor
448 2059 689 2104 corrigentem
712 2058 918 2105 Meyerum.

214 2138 270 2172 61.
322 2135 546 2183 Cetkequm]
577 2143 616 2171 ut
641 2137 668 2182 ξ.
693 2137 747 2171 60.
777 2136 842 2181 Lg.
865 2136 921 2170 39.
946 2136 1001 2170 51.
1027 2155 1073 2160 ——
1109 2139 1226 2171 annis
1251 2135 1334 2179 IX]
1360 2137 1462 2170 annis
1488 2136 1521 2168 V

124 2193 191 2227 Gu.
209 2194 239 2227 l.
252 2211 298 2218 —-
321 2193 403 2237 fait
418 2193 565 2236 consul]
587 2193 660 2227 inv.
675 2192 744 2226 Gu.
760 2193 789 2226 l.
804 2210 850 2216 ——
874 2191 1034 2234 Manio]
1047 2191 1128 2225 libri
1141 2191 1195 2226 M.
1211 2209 1257 2218 ·—-
1281 2190 1520 2236 LXXXVI]

123 2247 386 2283 Lxxxxvlu
413 2248 480 2293 Lg.
506 2248 561 2283 20.
608 2248 745 2282 Verum
770 2259 977 2290 numerum,
1007 2259 1111 2292 quem
1135 2247 1260 2283 XVetz.
1289 2255 1324 2283 et
1349 2247 1413 2283 Or.
1439 2249 1520 2286 aliis

122 2304 360 2350 probantibus
379 2304 425 2338 de
446 2304 653 2339 coniectura
666 2311 885 2350 posuerunt,
911 2305 1009 2339 clare
1027 2305 1198 2349 scriptum
1220 2304 1366 2340 exhibet
1380 2304 1448 2351 Lg.
1461 2305 1518 2341 56.

120 2362 241 2407 itaque
264 2372 335 2396 sec.
361 2372 405 2396 m.
431 2360 463 2396 8.
491 2361 546 2397 51.
573 2362 743 2397 correxit.

212 2439 311 2475 XVI.
358 2438 480 2486 Appi]
508 2440 559 2475 sic
583 2439 650 2475 Lo,
675 2439 709 2476 8.
735 2438 791 2473 35.
815 2438 871 2474 39.
897 2438 953 2473 51.
978 2438 1033 2474 53.
1060 2438 1116 2473 58.
1140 2438 1196 2474 68.
1223 2438 1276 2473 70.

618 2469 639 2486 0

213 2506 271 2542 62.
319 2505 522 2552 Hercules]
545 2506 673 2542 hercle
690 2507 756 2554 Lg.
770 2507 825 2542 20.
841 2526 887 2532 —
911 2505 986 2540 hae
1003 2506 1178 2552 quidem]
1203 2506 1384 2552 equidem
1403 2505 1516 2541 Gu.1.

119 2574 165 2597 ex
199 2574 269 2597 eae
305 2563 467 2608 quidem
502 2570 726 2609 corruptum,
763 2563 861 2609 quod
895 2569 950 2598 est
983 2564 1019 2598 in
1053 2563 1147 2598 Ven.
1180 2564 1211 2599 1.
1245 2566 1278 2598 &
1312 2563 1370 2597 ed.
1393 2573 1447 2608 pr.
1472 2580 1519 2587 ——-

120 2620 418 2664 illustrandam]
449 2620 565 2655 Aldus
593 2622 672 2656 sine
700 2621 772 2656 ullo
800 2620 892 2655 libro
919 2619 1221 2662 illustrandum,
1254 2619 1446 2668 probatum
1472 2618 1518 2653 ab

116 2673 282 2720 Orellio>
314 2677 380 2712 sed
412 2677 680 2713 Varronianum
703 2678 825 2725 potius
851 2683 887 2713 et
911 2678 1152 2724 antiquatum,
1179 2687 1287 2723 quam
1311 2674 1518 2711 Ciceronis:

1154 2745 1236 2785 12*
