1835 3126
383 226 467 270 AD
500 225 614 268 Clc.
643 224 906 269 BRUTUM
939 226 1058 270 GAP.
1089 228 1157 272 90.
1183 228 1251 272 91.
1394 227 1514 272 42⁷

238 345 396 381 astricta
440 340 663 391 eloquentia]
707 341 807 381 hanc
850 342 1021 382 Zenonis
1065 341 1324 382 definitionem
1367 345 1517 394 spectat

126 410 241 451 etiam
270 407 531 458 Quintilianus
560 407 608 448 ΙΙ.
641 410 713 456 20,
744 410 783 448 7.

239 477 333 516 310.
393 475 651 524 declamitans]
682 474 729 514 de
750 475 825 515 hoc
847 474 968 515 verbo
999 480 1036 515 et
1057 475 1210 516 nomine
1235 475 1518 514 declamationis

126 542 321 595 disputavi
350 543 389 582 in
419 542 467 582 de
497 543 563 583 Or.
593 542 747 594 Explic.
777 541 824 581 II.
856 544 929 590 20,
960 543 1027 582 86.

237 623 319 648 cum
339 609 479 660 aliquo]
507 609 547 648 id
570 614 627 648 est
650 608 967 658 declamitabam,
994 609 1168 662 quisquis
1193 613 1277 648 erat
1300 607 1381 656 ille,
1405 617 1518 659 quem

126 677 273 716 socium
311 677 516 716 habebam.
575 675 662 715 Non
700 675 915 726 significari
955 678 1071 715 altum
1109 690 1216 728 quem
1252 681 1357 715 recte
1396 685 1518 713 anno-

125 744 222 783 tavit
242 742 489 794 Bernhardy3
518 754 590 782 nos
619 755 701 783 rem
728 744 924 796 copiosius
956 744 1128 783 exsecuti
1152 756 1280 783 sumus
1310 743 1349 782 in
1379 741 1427 781 de
1450 742 1517 781 Or.

125 809 240 861 Expl.
270 809 319 849 ΙΙ.
350 811 425 857 42,
458 810 551 850 178.
609 812 777 848 Multum
814 823 892 850 nou
927 811 989 851 hIc
1026 810 1250 862 significare
1281 810 1411 854 valdo,
1450 807 1518 848 sed

125 889 237 926 saepe
264 876 494 927 Madvigius
525 876 656 916 docuit
684 878 724 916 in
755 878 835 919 Cic.
865 878 950 918 Fin.
980 891 1018 930 p.
1049 879 1112 917 13.

243 945 385 981 Graece
413 944 577 994 saeptus]
621 956 778 984 causam
814 944 985 984 faciendi
1017 944 1152 984 Crassi
1186 954 1255 982 ore
1291 941 1443 994 profert
1472 940 1520 979 de

128 1009 195 1050 Or.
211 1009 240 1050 Ι.
258 1011 332 1059 34,
351 1010 442 1051 155.
475 1015 512 1050 et
535 1010 765 1062 explicatius
790 1010 894 1062 apud
917 1010 1143 1050 Suetonium
1168 1009 1215 1048 de
1238 1009 1334 1047 clar.
1358 1008 1456 1046 rhet.
1477 1009 1520 1045 2:

128 1077 342 1115 continebar
371 1082 494 1114 autem
525 1077 822 1114 doctissimorum
853 1077 1042 1114 homimem
1072 1074 1208 1126 (etiam
1239 1074 1394 1122 Crassi,
1433 1073 1521 1125 opi-

126 1141 217 1191 nor)
248 1145 489 1187 auctoritate,
529 1145 593 1192 qui
621 1142 889 1180 existimabant
921 1145 1077 1180 Graccis
1108 1141 1436 1181 exercitationibus
1468 1141 1522 1178 ali

126 1208 258 1246 melius
286 1211 435 1257 ingenia
462 1221 582 1258 posse.
641 1208 739 1250 Vide
769 1209 884 1248 etiam
913 1209 1281 1261 prolegomenorum
1312 1209 1348 1263 ξ.
1370 1210 1436 1248 39.

241 1275 335 1314 311.
394 1275 553 1313 crudelis
580 1275 766 1325 interitus]
808 1276 928 1315 occisi
957 1281 1043 1315 sunt
1078 1288 1103 1314 a
1131 1275 1373 1327 Damasippo
1402 1286 1521 1327 prae-

128 1345 214 1381 tore
236 1341 446 1389 Mariano,
477 1353 561 1381 cum
583 1342 697 1382 Sulla
724 1343 764 1381 in
786 1342 921 1382 urbem
950 1342 1170 1393 ingrueret3
1201 1342 1250 1382 cf.
1273 1342 1353 1382 Cic.
1378 1342 1426 1382 de
1452 1343 1518 1383 Or.

129 1408 256 1456 111.3‚
273 1410 300 1448 9
316 1420 401 1460 sqq.
431 1407 477 1447 N.
494 1408 542 1448 Ι).
559 1408 623 1448 III.
651 1411 723 1457 32,
747 1410 813 1449 80.
844 1408 1056 1449 Drumann.
1072 1409 1168 1448 Hist.
1187 1409 1233 1449 R.
1256 1415 1282 1449 t.
1299 1409 1346 1450 ΙΙ.
1369 1421 1406 1461 p.
1424 1411 1521 1450 463.

241 1475 336 1513 312.
394 1475 558 1524 Moloni]
590 1487 674 1515 cum
703 1476 770 1515 vix
797 1476 882 1516 veri
906 1476 1031 1515 simile
1060 1476 1110 1515 sit
1137 1476 1198 1515 his
1220 1476 1422 1516 Molonem
1440 1477 1523 1517 Ro-

130 1552 216 1580 mae
244 1540 386 1589 fuisse,
417 1541 678 1582 Schneiderus
704 1543 874 1595 priorem
904 1543 1017 1582 huius
1041 1543 1254 1583 sententiae
1282 1548 1431 1595 partem
1459 1555 1524 1584 re-

132 1607 242 1656 cidit,
273 1607 437 1647 alteram
466 1620 561 1649 vero
593 1622 616 1648 a
644 1610 775 1649 verbis
805 1610 986 1647 dictatore
1014 1613 1110 1648 enim
1139 1621 1263 1662 usque
1294 1610 1343 1650 ad
1372 1617 1525 1650 venerat

130 1675 295 1714 retraxit
325 1673 376 1713 ad
406 1675 549 1714 exitum
578 1687 610 1716 c.
629 1677 697 1716 89.
741 1676 825 1716 Hoc
849 1675 1002 1727 quidem
1026 1677 1191 1728 probari
1211 1677 1363 1717 minime
1384 1683 1524 1730 potest,

132 1741 236 1793 quod
264 1754 300 1781 a.
321 1743 417 1790 667,
448 1754 524 1793 quo
555 1748 669 1792 gesta
692 1748 779 1782 sunt
808 1755 909 1795 quae
939 1755 970 1783 c.
993 1744 1047 1784 89
1071 1749 1168 1783 extr.
1194 1749 1422 1792 narrantur,
1452 1757 1525 1785 nec

131 1809 247 1849 Sulla
277 1808 507 1848 dictaturam
536 1810 692 1849 tenebat
716 1821 788 1850 nec
815 1810 922 1850 bello
949 1809 1056 1850 civili
1084 1810 1277 1860 flagrante
1308 1816 1344 1850 et
1366 1812 1526 1851 Mithri-

131 1875 260 1915 datico
301 1881 523 1928 erumpente
552 1877 696 1917 Rhodii
732 1876 910 1928 praemia
945 1876 1149 1927 postulare
1185 1881 1385 1928 poterant,
1424 1890 1528 1929 quae

132 1947 370 1989 meruerunt,
402 1954 487 1982 cnm
508 1943 637 1982 Italici
660 1948 821 1982 auctore
843 1941 1074 1982 Mithridate
1104 1954 1175 1995 per
1197 1943 1330 1983 Asiam
1353 1945 1527 1985 trucida-

132 2010 285 2048 bantur.
343 2009 620 2061 Bernhardyus
657 2010 779 2061 igitur
815 2021 893 2049 non
922 2008 1072 2049 dubitat
1103 2009 1149 2049 de
1177 2010 1318 2049 iterato
1349 2011 1527 2051 Molonis

131 2076 172 2115 in
200 2076 295 2116 urhe
325 2077 640 2116 commoratione.
696 2077 799 2117 Mihi
823 2076 946 2115 omnis
977 2076 1208 2115 eximeretur
1237 2077 1462 2129 scrupulus,
1493 2080 1525 2118 si

134 2143 274 2184 Cicero
315 2143 536 2194 scripsisset
562 2144 712 2180 B‘Ioloni
744 2145 877 2179 iterum
909 2142 1075 2180 dedinms
1105 2156 1280 2192 operam3
1322 2144 1402 2183 tale
1435 2146 1528 2197 quid

134 2210 234 2248 enim
258 2208 503 2248 desideratur
531 2213 694 2260 propter
716 2209 947 2248 mentionem
974 2209 1139 2248 hominis
1163 2208 1303 2249 dudum
1333 2211 1413 2251 alio
1436 2212 1526 2253 loco

131 2276 295 2316 illatam.
354 2275 463 2316 Nunc
494 2273 650 2325 ἐπέχω.

243 2342 346 2383 XCI.
406 2344 500 2381 313.
558 2355 676 2380 naevo
704 2363 759 2368 ——
790 2340 1014 2391 crepundiis]
1050 2341 1198 2381 clarum
1228 2347 1286 2382 est
1314 2344 1529 2395 significari

136 2410 356 2460 agnitiones
388 2409 562 2448 scenicas
592 2413 795 2460 parentum
825 2413 862 2447 et
889 2408 1124 2447 liberorum:
1158 2409 1245 2448 fieri
1274 2411 1373 2450 enim
1403 2412 1531 2453 solent

135 2477 195 2516 his
226 2487 311 2516 cum
340 2475 585 2515 naturalibus
615 2481 693 2515 tum
722 2475 894 2515 fortuitis
924 2474 1171 2524 adiumentis,
1207 2481 1250 2516 ut
1275 2477 1315 2516 in
1346 2477 1529 2518 Cistella-

137 2543 199 2582 ria
238 2542 475 2583 Curculione
514 2542 688 2582 Rudente
724 2541 900 2583 Poenulo
937 2541 1130 2582 Plautinis
1158 2542 1303 2582 fabulis
1333 2544 1528 2585 videmus:

138 2609 188 2648 cf.
218 2610 370 2650 Ruhnk.
400 2610 439 2648 in
467 2609 558 2649 Ter.
582 2609 680 2649 Eun.
706 2610 769 2651 IV.
803 2611 848 2658 6,
882 2608 947 2649 15.
1005 2609 1119 2658 Quod
1150 2609 1380 2650 adversatur
1404 2611 1530 2651 Bern-

137 2675 261 2728 hardy
289 2676 409 2716 aliam
443 2677 798 2728 interpretationem
828 2687 1026 2729 promens,
1067 2688 1181 2728 quam
1210 2677 1434 2728 intelligere
1463 2691 1528 2718 ar-

140 2742 255 2783 duum
292 2748 371 2793 est,
410 2743 575 2784 maxime
613 2744 748 2784 nititur
784 2744 904 2786 verbo
945 2744 1183 2794 cognoscendi
1193 2759 1205 2791 ;
1246 2743 1285 2784 id
1323 2755 1416 2787 vero
1452 2743 1529 2785 dici
