1835 3126
287 223 416 271 426
718 219 1249 266 EXPLICATIONES

399 336 494 375 306.
555 334 600 380 Q.
629 335 833 373 Scaevolae
871 334 915 380 Q.
946 335 1004 384 R]
1044 335 1166 375 ascivi
1200 335 1374 375 Fabricii
1417 340 1454 375 et
1491 333 1674 377 Wetzelii

286 403 585 449 correctionem,
616 413 700 440 cum
732 401 772 440 in
800 401 913 440 libris
944 401 1103 452 legatur
1130 404 1174 438 Ρ.
1204 405 1247 441 F.
1303 401 1445 442 Docuit
1474 403 1574 442 enim
1603 401 1672 440 ille

283 471 323 509 in
352 470 432 510 vita
456 469 657 509 Ciceronis
687 467 737 507 ad
767 481 905 508 annum
932 469 1028 508 664.
1073 468 1299 508 Ciceronem
1326 470 1422 508 iuris
1450 468 1673 508 addiscendi

283 548 405 575 causa
442 536 606 588 primum
645 547 731 575 sese
768 535 818 574 ad
857 536 901 585 Q.
934 536 1167 576 Scaevolam
1195 535 1240 585 Q.
1272 535 1316 575 F.
1354 547 1540 585 augurem
1577 547 1673 575 con-

282 604 437 643 tulisse:
470 603 536 654 qui
567 614 652 641 cum
682 607 854 641 extrema
886 608 1081 642 senectute
1112 608 1283 642 mortuus
1315 607 1437 649 esset,
1474 614 1574 640 anno
1604 602 1672 641 de-

281 682 382 709 mum
411 656 564 709 ssssss‘se
595 669 640 720 Q.
665 669 884 710 Scaevolae
912 670 956 711 P.
983 670 1027 710 F.
1057 670 1233 722 pontifici
1261 669 1427 709 maximo
1459 667 1670 709 docendum

282 737 444 776 addixit.

394 804 488 843 306.
546 803 668 852 Philo]
699 802 859 843 Athenis
893 807 1115 843 excesserat
1145 814 1227 842 cum
1256 801 1544 842 Atheniensium
1571 801 1672 852 opti-

280 871 445 910 matibus
486 870 685 910 Aristione
730 874 893 920 tyranno
934 870 1176 909 Mithridatis
1221 869 1328 919 regis
1374 869 1498 920 copiis
1537 869 1673 907 urbem

279 942 432 977 tenente
460 949 495 976 a.
525 938 629 984 6663
671 936 902 976 Clitomachi
932 936 1088 976 auditor
1116 936 1265 984 fuerat,
1295 936 1525 975 Antiochum
1555 935 1672 974 disci-

278 1004 411 1056 pulum
435 1003 590 1051 habuit3
622 1009 806 1055 quantum
837 1009 963 1043 autem
993 1016 1018 1043 a
1043 1004 1231 1044 Cicerone
1262 1003 1440 1042 auditore
1470 1002 1594 1042 cultus
1622 1002 1671 1041 sit

278 1072 340 1110 hIc
371 1070 548 1122 plurimis
574 1070 673 1110 locis
703 1070 936 1117 declaravit,
971 1070 1077 1109 velut
1105 1070 1151 1115 N.
1177 1070 1225 1110 D.
1255 1071 1285 1110 I.
1317 1071 1361 1117 3,
1388 1072 1427 1110 6.
1476 1070 1592 1109 Tusc.
1621 1069 1667 1111 ΙΙ.

279 1138 325 1183 3,
351 1138 390 1175 9.
434 1135 556 1175 Acad.
579 1136 608 1175 I.
630 1138 677 1183 4,
711 1138 774 1175 13.
816 1136 969 1177 Divers.
992 1137 1097 1176 XIII.
1124 1139 1167 1177 l:
1200 1137 1248 1178 cf.
1279 1137 1529 1176 Plutarchum
1556 1136 1668 1177 Cice-

275 1213 372 1241 rone
403 1213 435 1240 c.
468 1203 532 1240 17.

389 1269 483 1307 307.
540 1266 606 1304 mo
635 1266 749 1316 αηηο]
781 1278 817 1308 a.
842 1267 938 1306 666.
981 1270 1206 1312 Proxtnms,
1238 1268 1304 1318 qui
1334 1267 1471 1306 deinde
1491 1274 1666 1316 vocatur,

276 1340 334 1374 est
357 1335 586 1385 insequens3
615 1345 711 1387 nam
729 1345 765 1373 a.
788 1334 870 1373 667
902 1332 1062 1373 Catulus
1083 1334 1272 1373 Antonius
1299 1338 1335 1373 et
1359 1333 1507 1373 Caesar
1531 1346 1555 1372 a
1574 1334 1667 1374 Ma-

274 1402 335 1441 rio
362 1400 595 1452 interempti.

383 1467 547 1516 Moloni]
577 1479 613 1507 v.
643 1466 683 1505 in
714 1477 745 1506 c.
770 1467 844 1514 90,
870 1467 963 1506 312.
1009 1466 1117 1505 Hunc
1140 1466 1342 1506 Molonem
1369 1466 1542 1515 (dubium
1567 1468 1665 1506 enim

274 1545 324 1573 an
362 1533 465 1573 forte
500 1533 698 1573 vocandus
736 1534 784 1572 sit
812 1534 1037 1583 Apollonius
1068 1534 1237 1571 Molonis
1272 1532 1392 1584 filius)
1434 1546 1511 1573 non
1549 1546 1665 1585 posse

274 1600 434 1640 eundem
463 1612 569 1649 esse,
601 1602 666 1652 qui
687 1600 974 1641 Alabandensis
1002 1600 1153 1640 dicatur
1184 1606 1220 1639 et
1246 1612 1270 1639 a
1291 1600 1485 1640 Scaevola
1513 1613 1664 1651 augure

273 1668 426 1707 auditus
466 1668 516 1707 sit
553 1667 761 1707 secundum
802 1667 882 1708 Cic.
923 1667 970 1707 de
1003 1668 1070 1708 Or.
1099 1667 1129 1707 Ι.
1164 1669 1227 1714 17,
1260 1666 1348 1715 75„
1388 1673 1493 1707 recte
1528 1674 1664 1707 contra

271 1735 475 1775 Ernestum
510 1734 697 1775 iudicavit
725 1734 951 1777 Wetzelius.
1008 1734 1124 1775 Ratio
1165 1734 1264 1773 enim
1294 1735 1433 1773 aetatis
1469 1736 1662 1787 prohibet.

273 1801 395 1850 Quem
426 1802 524 1840 enim
549 1802 745 1842 Scaevola
775 1806 879 1841 certe
907 1813 985 1840 non
1013 1806 1102 1853 post
1132 1813 1168 1840 a.
1188 1800 1270 1841 635
1299 1802 1520 1853 praetorius
1550 1801 1663 1840 audi-

270 1868 343 1915 vit,
386 1879 470 1906 cum
510 1867 646 1906 consul
685 1868 804 1907 fuerit
845 1880 880 1908 a.
911 1869 1010 1915 637,
1054 1869 1087 1907 is
1132 1879 1209 1906 non
1247 1869 1371 1920 potuit
1412 1881 1437 1908 a
1473 1868 1661 1909 Cicerone

272 1934 488 1985 exemplum
528 1933 775 1985 eloquentiae
811 1934 949 1972 haberi
982 1934 1070 1985 plus
1111 1934 1375 1984 quadraginta
1412 1936 1522 1974 aunis
1561 1941 1660 1987 post,

272 2012 357 2040 cum
386 2000 501 2039 Sulla
530 1999 721 2039 dictatore
748 2000 788 2038 in
816 2000 950 2039 Asiam
982 1999 1180 2051 profectus
1211 2004 1268 2038 est
1298 2012 1333 2039 a.
1364 2001 1459 2039 676.

381 2066 466 2106 XC.
525 2067 620 2105 308.
678 2066 741 2102 sed
768 2066 973 2114 oratorum]
1004 2066 1222 2116 particulae
1251 2066 1327 2105 vim
1356 2078 1433 2105 non
1460 2072 1658 2106 assecutus

268 2134 455 2173 Ernestus
486 2132 700 2184 scripturus
729 2136 813 2171 erat
837 2138 882 2169 et.
936 2131 1136 2171 Sententia
1159 2132 1251 2170 olim
1272 2143 1456 2182 perverse
1480 2133 1660 2172 distincta

270 2201 395 2251 magis
433 2204 610 2251 pateret,
652 2199 686 2237 si
726 2204 918 2236 oratorum
957 2204 1159 2235 ceterorum
1196 2198 1420 2248 legeretur:
1464 2204 1521 2238 est
1559 2200 1659 2238 enim

269 2268 381 2307 talis:
415 2266 507 2305 urbs
538 2266 621 2304 sine
652 2266 769 2305 armis
802 2265 954 2317 quidem
984 2270 1089 2305 erat:
1121 2264 1188 2304 sed
1218 2277 1265 2304 ne
1292 2270 1403 2317 putes
1432 2268 1658 2317 provenisse

270 2346 315 2374 eo
337 2345 467 2372 rerum
491 2338 593 2372 statu
608 2339 799 2381 oratores,
820 2332 1066 2382 cogitandum
1084 2337 1141 2371 est
1162 2332 1373 2384 plerosque
1399 2338 1464 2371 aut
1478 2334 1658 2372 interisse

269 2406 335 2440 aut
357 2400 525 2450 fugisse,
557 2400 612 2439 ita
634 2405 675 2439 ut
690 2400 918 2439 Hortensius
942 2399 1048 2439 solus
1072 2399 1231 2439 relictus
1255 2404 1374 2447 esset,
1406 2400 1472 2452 qui
1494 2399 1656 2440 dicendo

266 2467 429 2509 valeret.

380 2534 475 2572 309.
534 2532 705 2582 modona]
748 2533 782 2571 is
822 2532 888 2571 diu
915 2533 1011 2573 vixit
1048 2544 1132 2571 cum
1164 2531 1373 2580 Cicerone,
1413 2536 1449 2571 et
1478 2532 1655 2584 plurimis

268 2600 366 2639 locis
402 2604 565 2651 propter
603 2599 855 2639 eruditionem
895 2605 931 2639 et
970 2611 1096 2638 mores
1137 2600 1185 2638 ab
1223 2610 1269 2638 eo
1308 2598 1511 2647 laudatur,
1549 2600 1654 2639 velut

268 2668 336 2705 Ae.
359 2666 406 2705 II.
431 2668 503 2714 36,
531 2666 622 2706 115.
669 2666 784 2705 Tusc.
808 2666 854 2708 V.
885 2668 958 2714 39,
985 2667 1075 2705 113.
1121 2666 1273 2706 Dirers.
1298 2666 1401 2705 XIII.
1428 2667 1490 2705 16.
1538 2667 1652 2706 Mor-

269 2738 353 2771 tuus
384 2738 441 2772 est
470 2744 506 2772 a.
533 2732 635 2781 6953
666 2732 833 2775 ostendit
860 2733 1072 2778 Wetzelius
1103 2744 1151 2773 ex
1181 2744 1240 2785 ep.
1272 2731 1321 2772 ad
1350 2733 1427 2773 Att.
1455 2731 1502 2773 11.
1529 2733 1593 2773 20.
