1835 3126
544 188 546 190 ·
591 162 847 208 BRUTUS
887 163 1004 208 GAP.
1038 166 1104 208 19.
1422 167 1542 212 185

153 278 220 321 hic
246 276 322 327 ait,
358 289 476 333 quem
506 289 583 319 nos
614 277 841 333 sequimur:
879 283 941 319 est
967 278 1075 319 enim
1107 277 1212 319 inter
1241 278 1464 335 scriptores
1489 277 1540 321 de

151 368 320 398 numero
344 368 544 398 annorum
567 357 862 398 controversia.
904 355 1060 398 Accius
1087 362 1220 398 autem
1238 369 1264 398 a
1280 355 1328 408 Q.
1345 355 1542 400 Maxumo

152 435 334 490 quintum
358 433 528 476 consule
554 442 715 491 captum
737 433 911 476 Tarenti
937 436 1102 491 scripsit
1121 432 1283 477 Livium
1307 436 1426 477 annis
1442 449 1541 477 xxx.

150 519 263 569 post,
296 526 417 568 quam
442 526 533 555 eum
558 513 742 555 fabulam
767 513 959 555 docuisse
988 519 1027 555 et
1050 513 1212 555 Atticus
1237 512 1380 555 scribit
1403 520 1442 556 et
1464 527 1543 556 nos

151 592 195 633 in
226 593 404 647 antiquis
435 594 742 634 commentariis
772 593 1026 634 invenimus:
1085 591 1151 634 73.
1183 591 1376 634 docuisse
1408 598 1543 635 autem

154 669 339 712 fabulam
370 672 490 712 anuis
519 677 612 726 post
642 683 699 713 xl.
732 669 776 712 C.
796 668 991 712 Cornelio
1024 668 1072 720 Q.
1089 669 1274 712 Minucio
1303 671 1544 713 consulibus

153 748 262 790 ludis
293 747 540 799 Iuventatis,
581 762 684 804 quos
716 747 931 790 Salinator
960 746 1140 789 Senensi
1169 749 1329 803 proelio
1360 756 1543 792 voverat.

152 826 195 867 in
219 840 298 882 quo
322 834 458 868 tantus
483 839 600 868 error
623 826 745 868 Accii
770 826 865 874 fuit,
895 831 938 865 ut
962 823 1027 865 his
1052 825 1291 866 consulibus
1317 839 1383 867 x1..
1412 840 1545 870 annos

152 911 274 946 natus
304 903 461 946 Ennius
490 903 635 945 fuerit:
679 904 745 944 cui
775 904 812 943 si
844 901 1035 956 aequalis
1064 901 1187 943 fuerit
1213 901 1378 954 Livius,
1409 906 1544 947 minor

154 982 228 1024 suit
258 982 468 1037 aliquanto
498 982 556 1031 is,
589 981 660 1036 qui
688 981 842 1036 primus
871 978 1056 1022 fabulam
1079 979 1210 1031 dedit,
1245 994 1366 1037 quam
1397 983 1444 1032 ii⁷
1476 985 1546 1039 qui

153 1060 302 1101 multas
324 1059 550 1101 docuerant
575 1065 667 1100 ante
691 1058 769 1101 hos
789 1058 1003 1108 consules,
1032 1065 1070 1100 et
1094 1057 1264 1101 Plautus
1290 1067 1329 1102 et
1348 1059 1544 1105 Naevius.

265 1135 384 1179 XIX.
415 1136 482 1180 74.
513 1136 629 1181 Haec
660 1139 697 1180 si
727 1138 860 1179 minus
892 1144 988 1193 apta
1012 1137 1201 1180 videntur
1227 1137 1323 1180 huic
1351 1142 1546 1192 sermoni,

152 1215 277 1259 Brute
292 1250 301 1267 ‚
324 1215 463 1259 Attico
485 1218 671 1272 assigna,
699 1218 768 1272 qui
789 1229 853 1258 me
876 1215 1144 1258 inflammavit
1168 1217 1302 1259 studio
1325 1217 1545 1261 illustrium

152 1294 360 1338 hominum
392 1301 550 1338 aetates
581 1302 620 1337 et
648 1301 835 1351 tempora
861 1295 1151 1351 persequendi.
1210 1293 1302 1350 Ego
1331 1310 1451 1348 vero,
1483 1300 1548 1341 in-

154 1375 240 1429 quit
275 1372 443 1424 Brutus,
488 1381 528 1415 et
566 1373 751 1416 delector
789 1375 873 1415 ista
913 1375 1033 1429 quasi
1068 1375 1279 1416 notatione
1321 1381 1546 1431 temporum

155 1457 195 1493 et
234 1450 287 1492 ad
325 1451 387 1501 id,
433 1451 542 1506 quod
584 1453 797 1494 instituisti
839 1458 1048 1494 oratorum
1090 1464 1250 1506 genera
1291 1452 1546 1509 distinguere

156 1529 381 1578 aetatibus,
431 1531 553 1571 istam
598 1530 856 1585 diligentiam
905 1542 999 1572 esse
1047 1530 1400 1573 accommodatam
1438 1540 1546 1589 puto.

155 1608 222 1650 75.
253 1607 402 1658 Recte,
441 1610 629 1664 inquam,
659 1607 806 1660 Brute,
844 1608 1068 1663 intellegis.
1126 1608 1262 1664 Atque
1293 1611 1447 1652 utinam
1477 1625 1549 1654 ex-

155 1729 239 1764 libri
266 1729 356 1776 (Lg.
381 1731 414 1766 S.
439 1731 494 1767 39.
520 1731 575 1767 53.
598 1731 654 1766 56.
678 1731 771 1775 58),
804 1742 895 1776 quos
918 1741 1053 1776 sequor
1074 1741 1150 1765 rem
1175 1730 1327 1776 posthac
1350 1743 1422 1767 non
1447 1739 1548 1769 nota-

158 1792 266 1821 turus.
291 1806 337 1813 ·-—
362 1792 502 1832 quarto
529 1789 707 1831 decumo]
734 1788 785 1822 sic
809 1799 876 1832 per
900 1799 927 1821 u
951 1786 1017 1833 Lg.
1039 1786 1071 1823 8.
1093 1786 1148 1822 35.
1172 1787 1227 1822 39.
1249 1787 1301 1821 51.
1320 1788 1375 1823 53.
1406 1789 1498 1825 Ven.
1517 1793 1548 1826 1.

158 1840 234 1878 Ott.
259 1864 305 1869 —
340 1849 397 1878 est
425 1845 544 1888 enim]
575 1850 675 1879 recte
700 1844 860 1878 distinxit
883 1841 1054 1878 Orellius.
1102 1842 1200 1879 Olim
1225 1846 1329 1878 enim
1355 1852 1391 1880 et
1415 1852 1550 1882 autem

157 1901 346 1934 contrariis
369 1900 457 1934 locis
482 1901 654 1945 ponenda
676 1912 755 1935 esse
780 1907 957 1945 putaram.
983 1921 1029 1926 —
1063 1900 1220 1944 Accius]
1248 1901 1385 1937 Actias
1413 1904 1469 1940 ed.
1495 1916 1549 1949 pr.

156 1955 314 1991 Atticus
345 1955 411 2002 Lg.
437 1956 492 1991 39.
540 1957 672 1992 Nullus
703 1957 813 1992 habet
844 1958 1001 1998 Attius,
1038 1957 1135 2002 quod
1164 1958 1295 1992 iniuria
1326 1960 1550 2004 praefertur:

157 2023 191 2047 v.
209 2013 345 2048 Comm.
364 2014 421 2049 Cr.
451 2015 486 2048 in
514 2014 559 2048 de
580 2013 643 2049 Or.
662 2013 722 2048 ΙΙΙ.
743 2015 782 2057 7,
800 2015 855 2050 27.
878 2033 924 2042 »-
947 2013 1161 2057 Maxumo]
1186 2013 1252 2059 Lg.
1274 2014 1307 2048 8.
1326 2015 1381 2050 51.
1412 2014 1488 2052 Ott.
1506 2037 1552 2043 —

161 2068 335 2114 Tarenti]
362 2070 417 2104 ed.
436 2082 489 2116 pr.
517 2077 552 2104 et
572 2071 678 2105 codd.
698 2071 864 2116 plerique
886 2071 1074 2111 Tarent05
1105 2070 1316 2105 Tarentum
1334 2071 1400 2116 Lg.
1418 2072 1472 2107 20.
1493 2074 1549 2109 39.

158 2125 213 2159 53.
238 2126 294 2161 68.
320 2127 375 2162 70.
406 2127 456 2160 ita
488 2138 578 2161 corr.
605 2128 659 2161 35.
709 2127 842 2161 Finitio
874 2127 1040 2172 proximo
1073 2127 1253 2161 vocabulo
1279 2129 1552 2163 accommodata

160 2187 225 2217 est.
250 2202 296 2207 —
330 2182 500 2226 Atticus]
526 2182 685 2217 Aeticus
708 2182 772 2227 Lg.
793 2182 850 2215 39.

251 2238 307 2273 73.
358 2241 473 2272 annis
490 2242 587 2283 post
606 2237 684 2280 XI]
717 2238 922 2271 XVetzelius
948 2237 1102 2272 coniecit
1124 2236 1224 2279 XII..
1260 2242 1314 2272 tot
1343 2241 1435 2275 enim
1469 2248 1553 2277 sunt

162 2307 184 2328 a
200 2294 277 2329 545.
300 2294 346 2328 ad
361 2294 438 2328 557.
458 2314 498 2319 —
527 2293 758 2337 Iuventatis]
780 2295 965 2328 laentatz's
985 2294 1040 2329 ed.
1061 2304 1115 2337 pr.
1142 2292 1208 2338 Lg.
1226 2292 1259 2326 8.
1277 2295 1332 2330 53.
1352 2296 1405 2331 56.
1422 2298 1477 2331 58.
1495 2299 1551 2335 68,

161 2350 344 2386 Liuianis
362 2350 418 2384 ⁶20.
455 2353 644 2385 mentalis
661 2350 716 2384 35.
738 2351 792 2385 70.
827 2351 1020 2385 laentanz‘s
1038 2350 1091 2385 39.
1128 2353 1310 2385 ivenlatz‘s
1326 2351 1380 2386 53.
1406 2353 1500 2390 Ven.
1520 2356 1552 2391 l.

162 2406 289 2443 Ottob.
331 2407 515 2441 lactantis
530 2406 594 2441 Gu.
610 2407 638 2441 l.
668 2406 760 2441 Hinc
773 2412 857 2441 ante
871 2407 1069 2441 victorium
1091 2407 1275 2453 legebatur
1290 2406 1493 2444 Luctatz'z‘s.
1507 2432 1553 2437 —

163 2462 342 2507 Senensi]
368 2465 572 2498 senonensi
593 2462 659 2508 Lg.
685 2463 740 2497 20.
781 2466 945 2497 seriens-i
968 2463 1023 2499 ed.
1052 2475 1104 2510 pr.
1129 2482 1175 2490 Q
1210 2467 1274 2498 cuz·
1299 2467 1403 2509 eam]
1430 2471 1495 2502 cuz·
1518 2470 1556 2503 se·

164 2520 220 2555 etl.
247 2532 298 2565 pr.
330 2523 363 2554 &
386 2520 528 2565 Meyer.
561 2519 659 2554 nulla
687 2519 822 2555 idonea
849 2532 969 2554 causa.
994 2540 1040 2547 --
1081 2520 1271 2565 Naevius]
1300 2520 1453 2557 Ennius
1484 2523 1551 2569 Lg.

163 2576 209 2610 20
231 2588 323 2610 corr.
361 2575 486 2611 ottob.
990 2605 993 2608 .

256 2633 351 2666 XIX.
398 2633 453 2668 74.
503 2635 540 2668 si
563 2651 604 2657 —
630 2634 817 2678 sermoni]
853 2632 944 2668 haee
976 2644 1044 2668 om.
1077 2632 1143 2678 Lg.
1167 2632 1223 2669 20.
1247 2652 1292 2659 --
1334 2642 1552 2668 accommo-

168 2690 319 2734 datam]
349 2688 431 2726 add.
461 2700 542 2725 esse
569 2688 636 2724 Gu.
665 2689 694 2725 1.
