1835 3126
577 164 835 209 BRUTUS
875 165 994 210 CAP.
1024 167 1091 210 20.
1423 168 1536 213 ΙΘῖ

141 280 332 322 disertus.
391 277 574 320 indicant
615 291 705 321 cum
742 278 1027 322 oratiunculae
1070 287 1152 322 tum
1187 278 1366 322 historia
1406 292 1534 335 quae-

141 358 235 400 dam
267 356 433 400 Graeca
461 358 616 412 scripta
645 356 909 399 dulcissume.

250 433 349 476 XX.
392 434 459 478 78.
497 434 758 491 Numeroque
795 436 941 478 eodem
982 436 1056 478 suit
1086 435 1182 479 Sex.
1214 436 1384 486 AeliuS,
1425 438 1531 480 iuris

137 513 302 570 quidem
342 513 478 556 civilis
520 516 698 557 omnium
739 516 1049 570 peritissumus,
1095 515 1170 558 sed
1209 516 1333 557 etiam
1373 515 1427 557 ad
1467 516 1531 557 di-

136 592 312 634 cendum
336 599 529 649 paratus:
562 593 612 634 de
643 593 870 636 minoribus
902 600 1035 636 autem
1063 592 1108 635 C.
1134 593 1343 650 Sulpicius
1368 593 1530 645 Gallus,

135 672 205 726 qui
237 684 424 713 maxume
454 673 633 714 omnium
664 671 865 714 nobilium
891 671 1066 715 Graecis
1100 672 1233 715 literis
1264 673 1436 724 studuit3
1471 675 1530 716 is-

138 762 215 804 que
257 757 296 791 ct
332 757 540 792 oratorum
576 751 619 791 in
655 763 826 792 numero
865 757 928 793 est
965 750 1130 792 habitus
1172 758 1211 792 et
1246 751 1321 793 suit
1356 752 1529 807 reliquis

135 827 261 869 rebus
305 835 474 870 ornatus
526 834 646 882 atque
692 827 878 881 elegans.
951 829 1034 868 iam
1075 829 1184 868 enim
1236 835 1325 869 erat
1369 832 1531 871 unctior

137 906 343 961 quaedam
383 905 719 962 splendidiorque
758 903 1011 946 consuetudo
1049 903 1259 959 loquendi.
1318 918 1414 946 nam
1449 905 1529 948 hoc

133 990 324 1039 praetore
362 983 483 1024 ludos
523 981 710 1038 Apollini
745 981 923 1023 faciente
962 995 1054 1024 cum
1093 981 1307 1036 Thyesten
1342 983 1529 1026 fabulam

133 1061 363 1111 docuisset,
395 1060 443 1110 Q.
461 1058 625 1102 Marcio
658 1058 730 1101 Cn.
753 1058 935 1102 Servilio
962 1059 1202 1103 consulibus
1229 1068 1400 1104 mortem
1428 1062 1530 1105 obiit

132 1137 304 1180 Ennius.
364 1139 431 1181 79.
469 1137 570 1180 Erat
600 1138 733 1180 isdem
765 1138 1018 1194 temporibus
1050 1138 1116 1180 Ti.
1151 1138 1363 1183 Gracchus
1392 1140 1435 1182 P.
1468 1140 1526 1192 F„

132 1219 201 1273 qui
240 1217 306 1259 bis
344 1216 492 1260 consul
528 1224 568 1260 et
607 1230 758 1260 censor
794 1217 889 1267 fuit,
930 1218 1046 1260 cuius
1088 1225 1151 1260 est
1188 1221 1321 1261 oratio
1361 1218 1529 1263 Graeca

133 1296 241 1352 apud
269 1295 480 1338 Rhodios:
521 1309 642 1351 quem
672 1297 804 1338 civem
843 1309 933 1338 cum
961 1309 1133 1351 gravem
1170 1302 1254 1338 tum
1284 1299 1408 1340 etiam
1439 1298 1526 1341 elo-

132 1381 322 1429 quentem
359 1382 521 1417 constat
549 1374 694 1417 fuisse.
753 1373 943 1416 Publium
973 1376 1098 1417 etiam
1131 1373 1370 1430 Scipionem
1401 1375 1527 1419 Nasi-

132 1465 247 1502 cam,
287 1453 354 1507 qui
396 1459 460 1494 est
489 1451 710 1494 Corculum
750 1452 1003 1508 appellatus,
1042 1454 1110 1508 qui
1147 1457 1243 1495 item
1278 1453 1345 1495 bis
1379 1456 1525 1497 consul

130 1537 171 1572 et
195 1543 345 1572 censor
368 1530 461 1580 fuit,
492 1530 675 1572 habitum
698 1530 957 1586 eloquentem
982 1532 1112 1581 aiunt,
1142 1531 1277 1582 illius,
1307 1534 1376 1588 qui
1400 1547 1526 1576 sacra

130 1610 353 1666 acceperit,
384 1608 532 1659 filium3
573 1609 711 1652 dicunt
741 1611 865 1652 etiam
897 1607 945 1651 L.
975 1607 1217 1661 Lentulum,
1259 1612 1328 1666 qui
1358 1625 1448 1653 cum
1476 1612 1523 1654 C.

215 1744 259 1771 79.
296 1743 478 1776 eloquentem
505 1744 604 1772 aiunt,
636 1743 734 1772 illius,
765 1744 815 1776 qui
843 1750 932 1769 sacra
957 1743 1123 1775 acceperit,
1149 1742 1261 1775 filimn5
1291 1743 1394 1771 dicunt
1421 1747 1522 1781 etlam]

290 1789 497 1824 eloquentem,
517 1788 556 1815 M.
574 1789 677 1819 alium,
696 1788 793 1819 illius,
812 1788 862 1822 qui
881 1796 967 1814 saera
986 1789 1152 1823 acceperit,
1172 1789 1276 1815 filium:
1298 1791 1395 1818 etiam.

127 1917 296 1948 mortem
326 1911 439 1954 obiit]
473 1916 602 1946 morte
631 1910 698 1957 Lg.
724 1910 756 1946 8.
783 1910 838 1946 39.
863 1911 919 1946 51.
945 1911 1001 1949 58.
1052 1911 1134 1948 obit
1168 1913 1285 1948 eidem
1321 1919 1357 1949 et
1381 1914 1437 1951 53.
1465 1915 1522 1950 56.
1547 1958 1550 1959 ⁷

125 1967 182 2005 68.
205 1970 259 2003 70.
297 1968 363 2004 Gu.
393 1970 422 2004 l.
473 1968 553 2003 obit
579 1972 706 2002 morte
730 1968 785 2003 35.

219 2026 273 2060 79.
323 2024 465 2068 isdem]
490 2026 542 2059 sic
566 2024 630 2070 Lg.
657 2025 690 2059 8.
718 2024 772 2060 51.
799 2024 853 2060 53.
881 2025 934 2059 58.
968 2024 1062 2062 Ven.
1086 2027 1114 2061 l.
1163 2026 1311 2061 eisdem
1337 2027 1403 2063 Gu.
1426 2029 1456 2063 l.
1476 2046 1523 2054 —·

128 2080 173 2116 P.
201 2081 263 2126 Ε]
294 2080 405 2128 publi
424 2080 456 2126 f.
492 2081 557 2127 Lg.
583 2081 638 2115 35.
663 2081 717 2115 39.
743 2082 798 2116 53.
825 2082 878 2117 58.
905 2082 960 2116 70.
984 2099 1031 2109 ι·-
1069 2082 1252 2118 habitum
1281 2083 1521 2128 eloquentem

127 2142 260 2179 aiunt,
283 2138 411 2178 illius,
433 2140 502 2182 qui
520 2149 639 2171 sacra
657 2141 873 2184 acceperit,
893 2138 1044 2182 filium,·
1067 2139 1204 2172 dicunt
1224 2142 1347 2173 etiam
1366 2138 1410 2173 L.
1424 2139 1522 2174 Len-

127 2195 268 2237 tulum]
296 2195 348 2227 sic
370 2194 471 2227 locus
496 2205 541 2226 ex
561 2194 663 2226 libris
687 2200 910 2238 pen-sanatus.
947 2194 1104 2238 Vulgata
1127 2195 1325 2239 scriptura,
1351 2208 1443 2240 quae
1468 2201 1523 2231 est

128 2251 235 2283 etiam
253 2251 288 2283 in
306 2248 387 2283 cod.
408 2248 473 2290 B„
490 2249 535 2282 ab
555 2249 719 2283 omnibus
738 2249 943 2283 damnatur:
970 2248 1006 2283 Ιι.
1029 2250 1285 2295 eloquentem,
1306 2251 1363 2286 M.
1383 2252 1519 2293 alium,

129 2307 254 2347 illias,
283 2308 352 2350 qui
376 2316 406 2338 s.
432 2316 467 2339 α.
493 2304 524 2349 f.
551 2307 683 2340 etiam.
732 2304 800 2339 Ed.
829 2317 902 2350 pr.:
935 2306 1079 2351 eloqu„
1103 2311 1275 2342 maioris
1299 2308 1427 2349 illius,
1453 2310 1522 2354 qui

127 2375 157 2396 s.
181 2374 259 2397 aec.
279 2361 431 2405 filium,-
459 2361 615 2395 dicunt:
639 2361 704 2395 sed
728 2362 909 2406 Scipionis
933 2362 1076 2397 Corculi
1102 2371 1240 2409 patrem
1265 2377 1371 2399 nemo
1391 2365 1520 2400 Maio-

127 2431 212 2453 rem
237 2418 346 2459 ‹lixit3
373 2418 426 2451 sin
446 2422 697 2453 vetustiorem
718 2417 917 2464 significet,
942 2418 1099 2465 ineptum
1118 2427 1196 2455 erat
1221 2421 1358 2455 addere
1379 2428 1519 2466 patrem

129 2474 208 2508 filio
241 2475 350 2508 fuisse
381 2475 564 2510 maiorem.
614 2474 708 2519 eloq.
731 2487 783 2509 m.
811 2475 938 2510 (diunt
971 2476 1077 2510 illim·
1103 2475 1189 2514 Par.
1216 2478 1258 2513 A.
1286 2478 1347 2519 C.‚
1382 2478 1449 2524 Lg.
1474 2479 1518 2521 8.²

129 2531 235 2565 inser.
272 2531 391 2564 mendi
424 2537 512 2564 nota
538 2541 598 2574 ψ,
633 2531 678 2566 39
697 2543 789 2566 εοιϊ.
825 2535 959 2573 aiunt,
994 2534 1079 2566 item
1112 2534 1167 2568 51.
1194 2535 1249 2568 58.
1292 2533 1416 2569 Ottob.
1465 2546 1515 2569 m.

128 2589 240 2620 aiem!
264 2590 327 2622 διε.
356 2586 422 2631 Lg.
448 2587 502 2621 20.
524 2587 580 2622 56.
629 2588 871 2633 eloquentem
903 2615 1006 2625 .....
1033 2590 1141 2625 illius
1167 2593 1230 2625 sac.
1257 2590 1348 2625 Vcn.
1375 2593 1404 2625 l.
1441 2603 1518 2624 cum

127 2644 267 2678 lacuna.
307 2644 546 2688 eloquentem
569 2645 661 2679 inde
687 2648 801 2680 aiunl
826 2645 938 2680 illius
962 2646 1029 2681 Gn.
1053 2648 1082 2681 l.
1107 2646 1192 2682 Par.
1212 2647 1259 2682 D.
1305 2647 1518 2681 Schuetzius

127 2700 300 2734 coniecit:
333 2711 470 2736 censor
492 2701 598 2746 fuit,
631 2701 677 2738 P.
702 2702 830 2744 illius,
865 2702 1014 2739 Idaeae
1038 2705 1182 2740 macris
1211 2706 1281 2749 qui
1302 2716 1428 2748 ..sacra
1453 2716 1515 2740 ac-
