1835 3126
366 179 562 224 BREVIS
590 178 986 233 ELOQUENTIAE
1017 179 1152 225 ROM.
1181 179 1324 224 HIST.
1418 184 1536 229 123

259 296 381 336 Huius
419 296 569 335 simiam
605 295 800 336 vocabant
828 298 887 334 M.
920 298 1145 342 Favonium,
1190 301 1387 336 oratorum
1425 295 1534 336 nullo

147 365 187 403 in
215 374 394 411 numero,
433 362 502 402 sed
537 367 711 402 tenacem
750 367 787 402 et
824 362 882 402 rei
909 363 1092 415 publicae
1126 363 1276 402 liberae
1317 363 1432 402 etiam
1465 362 1535 402 ad-

146 441 280 470 versus
323 430 598 478 Octavianum,
643 441 727 469 cum
770 430 945 482 captivus
990 431 1073 482 ipsc
1112 435 1235 478 esset,
1279 430 1534 471 defensorem.

145 497 268 536 Huius
298 497 488 548 insignem
519 497 709 549 quendam
740 496 867 536 locum
898 496 944 536 de
969 509 1176 537 coenarum
1204 497 1362 537 luxuria
1387 497 1535 538 Gellius

144 564 277 604 retulit
297 561 380 615 (⁹⁶).

255 631 545 671 Dissimillimus
582 630 690 679 huic,
732 629 799 670 sed
837 642 913 670 non
950 631 1073 670 minus
1113 642 1205 671 acer
1243 631 1426 672 Caesaris
1464 631 1535 671 ad-

143 699 341 738 versarius
367 705 452 738 erat
477 699 514 736 G.
533 700 734 735 Memmius
758 700 804 736 L.
827 701 870 735 F.
912 697 949 737 Is
972 698 1148 737 tribunus
1172 703 1308 737 contra
1329 699 1535 738 Lucullum

143 765 379 805 clamoribus
407 771 443 805 et
468 765 688 804 criminibus
718 776 855 803 nomen
880 765 1086 815 quaesivit,
1115 770 1151 803 et
1176 776 1224 803 ex
1247 765 1425 804 oratione
1451 766 1534 804 eius

143 832 187 869 de
204 833 389 882 triumpho
408 833 559 870 Luculli
586 831 805 883 particulae
835 835 1014 870 servatae
1035 836 1120 868 sunt
1136 828 1227 878 (²³⁷);
1256 836 1395 881 postca
1416 843 1534 882 prae-

142 903 205 938 tor
246 898 286 936 in
323 898 520 937 consulem
560 897 769 937 Caesarem
811 897 1036 948 asperrimis
1075 897 1318 936 orationibus
1362 897 1534 937 invectus

142 969 200 1004 est
224 961 313 1016 (9⁸);
357 975 442 1003 cum
474 968 602 1003 autem
639 962 881 1003 consulatum
917 967 1086 1014 peteret,
1127 964 1291 1003 ambitus
1331 963 1533 1009 damnatus

140 1033 311 1072 Athenas
350 1031 391 1070 in
420 1030 602 1070 exsilium
635 1031 825 1070 concessit
850 1026 930 1081 (⁹9).
990 1030 1027 1070 Is
1059 1031 1297 1071 Graecarum
1331 1031 1535 1071 literarum

140 1099 396 1151 peritissimus
438 1098 667 1138 Latinarum
708 1097 936 1137 fastidiosus
982 1096 1142 1146 dicitur,
1193 1104 1328 1138 orator
1369 1104 1533 1149 argutus

141 1166 347 1217 verbisque
387 1164 531 1213 dulcis;
572 1164 641 1204 sed
679 1164 879 1216 cogitandi
915 1165 1066 1217 pariter
1103 1170 1140 1204 et
1175 1165 1327 1205 dicendi
1356 1166 1533 1205 laborem

139 1232 329 1284 fugiebat.
357 1233 637 1272 Auctoritatem
656 1232 778 1283 igitur
798 1233 839 1271 in
854 1232 1008 1273 civitate
1027 1233 1184 1285 assequi
1202 1245 1278 1273 non
1293 1230 1532 1285 potuit(⁷⁰⁰).

772 1341 807 1396 ς.
838 1342 906 1384 50.

251 1433 333 1473 Iam
364 1432 414 1473 ad
445 1445 511 1473 eos
540 1433 785 1485 pervenimus
825 1433 892 1484 qui
922 1437 989 1472 aut
1018 1445 1067 1472 ex
1095 1433 1301 1472 uberrimis
1331 1432 1533 1473 Ciceronis

139 1488 467 1552 disputationibus
499 1505 565 1539 aut
587 1499 803 1551 exemplum
826 1500 908 1539 eius
929 1500 1067 1538 imitati
1090 1505 1268 1539 oratores
1291 1500 1532 1552 prodierunt.

139 1567 230 1607 Fuit
266 1567 366 1606 enim
399 1566 506 1605 illius
536 1564 736 1618 praeclari
762 1566 860 1614 viri,
898 1578 1012 1617 quam
1043 1566 1159 1606 etiam
1191 1567 1231 1605 in
1261 1566 1351 1606 aliis
1379 1568 1532 1618 magnis

139 1634 308 1685 ingeniis
343 1633 704 1681 animadvertimus,
742 1633 955 1684 singularis
993 1633 1185 1685 quaedam
1221 1633 1332 1682 laus,
1376 1639 1419 1673 ut
1454 1647 1532 1674 non

140 1702 265 1741 solum
290 1702 375 1753 ipse
405 1700 531 1740 adiret
560 1712 690 1740 omnes
719 1701 908 1740 humanae
932 1701 1117 1739 scientiae
1146 1700 1292 1747 fontes,
1323 1700 1391 1738 sed
1416 1701 1532 1739 etiam

140 1769 229 1808 aliis
254 1768 495 1821 patefaceret
520 1779 664 1819 eosque
685 1768 834 1818 ingenti
859 1766 986 1806 studio
1008 1765 1181 1805 discendi
1204 1766 1395 1818 impleret.
1438 1767 1532 1808 Inde

138 1836 283 1875 factum
307 1840 382 1883 est,
413 1839 453 1873 ut
474 1834 741 1874 adolescentes
764 1835 832 1874 vix
852 1833 971 1873 alium
997 1834 1038 1872 in
1059 1833 1184 1872 literis
1207 1833 1341 1873 ducem
1367 1834 1532 1875 circum-

138 1903 333 1955 spicerent
357 1912 482 1953 neque
512 1901 561 1940 ad
592 1901 711 1940 alium
741 1913 827 1941 sese
857 1901 1117 1953 applicarent3
1149 1901 1221 1940 etsi
1251 1901 1407 1952 quidam
1430 1903 1533 1942 vitae

137 1970 310 2009 instituto
352 1973 389 2008 et
427 1969 620 2016 moribus,
660 1974 702 2008 ut
738 1968 901 2017 Brutus,
942 1969 1013 2008 alii
1045 1968 1232 2020 exemplis
1270 1968 1321 2007 ad
1358 1969 1532 2021 ipsorum

139 2041 318 2075 naturam
354 2035 772 2076 accommodatioribus
812 2036 1026 2085 imitandis,
1074 2041 1113 2075 ut
1154 2035 1319 2085 Calvus,
1359 2036 1408 2075 ab
1449 2037 1532 2076 eius

137 2104 358 2155 praeceptis
396 2102 650 2143 dissederunt.
709 2104 857 2143 Horum
891 2104 1101 2156 plurimum
1128 2103 1258 2142 famae
1288 2103 1534 2153 collegerunt

139 2170 326 2221 aequales
364 2170 438 2210 duo
478 2171 599 2220 longe
630 2170 931 2210 diversissimum
953 2171 1058 2209 vitae
1087 2181 1211 2220 genus
1242 2169 1435 2220 amplexi,
1471 2173 1531 2207 Μ.

142 2237 290 2275 Caelius
317 2237 445 2284 Rufus
475 2242 512 2275 et
542 2236 581 2275 G.
612 2239 782 2274 Licinius
816 2237 953 2274 Calvus
971 2234 1049 2286 (¹).
1093 2236 1191 2275 Nam
1217 2236 1372 2274 tertium
1396 2236 1532 2275 horum

231 2377 292 2421 96)
322 2378 414 2413 GeII.
436 2377 516 2412 XV.
539 2378 571 2414 8.
605 2377 647 2413 cf.
670 2376 815 2423 Meyer.
842 2389 876 2422 p.
896 2377 974 2412 424.
1095 2376 1154 2420 97)
1183 2377 1335 2412 Servius
1357 2377 1404 2411 ad
1428 2377 1528 2423 Virg.

139 2436 230 2470 Aen.
257 2434 282 2470 1.
305 2434 380 2470 161.
417 2434 481 2470 lv.
506 2434 585 2470 261.
704 2435 764 2478 98)
793 2435 893 2469 Suet.
917 2434 1020 2469 Caes.
1043 2432 1098 2467 23.
1117 2434 1172 2468 49.
1193 2433 1247 2469 73.
1367 2434 1426 2478 99)
1454 2434 1527 2469 Cic.

138 2492 225 2526 Div.
251 2491 343 2525 XIII.
373 2491 401 2525 l.
440 2492 512 2526 Att.
537 2490 598 2526 IV.
627 2491 679 2526 18.
795 2492 877 2534 700)
904 2492 978 2526 Cic.
1003 2489 1105 2524 Brut.
1128 2490 1189 2532 70,
1213 2490 1291 2524 217.
1410 2491 1444 2533 l)
1469 2490 1530 2526 De

140 2548 267 2583 Caelio
298 2548 462 2582 dixerunt
481 2548 667 2582 Manutius
687 2550 877 2594 prooemio
898 2548 1145 2583 commentarii
1169 2547 1216 2581 ad
1237 2546 1423 2582 Ciceronis
1444 2558 1528 2593 epp.

140 2605 189 2638 ad
210 2604 389 2639 Diversos
406 2603 498 2638 VIII.
523 2610 558 2639 et
574 2604 804 2640 Drumannus
830 2606 865 2639 in
889 2604 1040 2639 historia
1057 2604 1244 2646 Romana,
1270 2615 1376 2649 quem
1400 2604 1529 2639 librum

140 2672 214 2695 non
240 2660 376 2702 habe03
402 2660 448 2695 de
467 2661 670 2697 Caeliorum
688 2662 885 2709 originibus
902 2661 1051 2708 Pighius
1075 2661 1148 2696 vol.
1169 2659 1229 2695 III.
1257 2672 1292 2705 p,
1314 2660 1369 2695 28.
1392 2666 1427 2695 et
1447 2660 1525 2696 201.

141 2716 284 2754 Nomen
308 2728 418 2764 saepe
444 2729 521 2754 cum
544 2717 712 2756 Caecilio
740 2719 986 2757 confunditur:
1011 2730 1047 2754 v.
1067 2717 1208 2755 Ruhnk.
1230 2718 1277 2754 ad
1297 2717 1388 2754 Vell.
1407 2716 1452 2752 11.
1470 2717 1526 2753 68.
