1835 3126
489 233 745 277 BRUTUS
786 234 904 277 GAP.
936 236 1002 278 90.
1033 237 1100 278 91.
1355 237 1490 283 309

102 349 248 391 multus
284 346 444 388 interim
483 358 556 402 pro
585 346 872 403 recuperanda
900 346 1116 404 republica
1146 354 1185 390 et
1215 348 1395 391 crudelis
1426 350 1488 391 in-

99 428 239 469 teritus
280 429 487 467 oratorum
528 426 646 466 trium
684 423 919 468 Scaevolae
961 423 1165 468 Carbonis
1205 425 1382 478 Antisti3
1423 440 1489 469 re-

99 503 204 546 ditus
245 501 389 545 Cottae
434 501 627 545 Curionis
669 501 815 545 Crassi
843 501 1109 545 Lentulorum
1135 502 1324 559 Pompei3
1368 504 1488 559 leges

98 586 137 624 et
176 581 332 623 iudicia
369 583 611 633 constituta3
651 588 896 638 recuperata
931 580 1191 637 respublica3
1228 595 1278 624 ex
1317 595 1487 624 numero

98 666 231 702 autem
274 666 481 702 oratorum
521 659 770 716 Pomponius
811 658 1064 702 Censorinus
1104 659 1283 702 Murena
1319 659 1484 702 sublati.

97 736 203 779 Tum
232 738 403 793 primum
432 752 509 781 nos
539 738 593 780 ad
623 750 774 780 causas
806 744 845 779 et
872 739 1056 794 privatas
1088 745 1128 781 et
1155 738 1345 794 publicas
1369 738 1486 780 adire

96 816 325 872 coepimus,
358 829 439 858 non
470 822 512 858 ut
542 817 585 858 in
616 816 705 859 foro
728 815 1003 866 disceremus,
1033 815 1142 872 quod
1164 816 1350 872 plerique
1374 817 1486 859 sece-

96 900 207 943 runt‚
245 893 319 936 sed
350 901 410 944 ut,
443 901 635 949 quantum
663 907 740 936 nos
771 892 936 935 efficere
965 895 1264 948 potuissemus,
1304 894 1414 936 docti
1445 895 1487 935 in

95 971 227 1013 forum
263 973 508 1014 veniremus.
567 971 662 1012 312.
700 968 856 1012 Eodem
887 976 1068 1025 tempore
1100 969 1263 1012 Moloni
1298 970 1485 1013 dedimus

95 1062 282 1105 operam:
324 1049 522 1091 dictatore
568 1048 676 1089 enim
706 1045 845 1095 ·,Sulla
886 1046 1050 1101 legatus
1097 1046 1150 1089 ad
1195 1054 1383 1090 senatum
1435 1048 1486 1090 de

92 1125 344 1169 Rhodiorum
369 1126 567 1181 praemiis
596 1131 780 1167 venerat.
825 1123 966 1180 Itaque
992 1126 1127 1181 prima
1156 1138 1287 1168 causa
1315 1125 1484 1182 publica

92 1217 164 1260 pro
195 1202 293 1246 Sex.
323 1202 478 1246 Roscio
510 1202 620 1246 dicta
657 1209 812 1245 tantum
842 1204 1211 1246 commendationis
1241 1203 1405 1255 habuit,
1444 1211 1486 1247 ut

92 1295 175 1325 non
213 1281 302 1324 ulla
339 1288 469 1332 esset,
506 1294 613 1337 quae
650 1295 734 1324 non
764 1281 892 1336 digna
927 1288 1069 1324 nostro
1107 1283 1338 1338 patrocinio
1368 1282 1486 1325 vide-

93 1366 215 1402 retur.
275 1358 480 1416 Deinceps
515 1360 611 1402 inde
641 1359 813 1410 multae,
852 1372 956 1415 quas
986 1373 1070 1402 non
1099 1362 1233 1403 minus
1265 1360 1486 1416 diligenter

94 1438 334 1481 elaboratas
366 1445 404 1480 et
432 1444 627 1494 tanquam
653 1438 917 1481 elucubratas
949 1437 1237 1481 afferebamus.
1276 1425 1292 1438 ⁶

206 1514 316 1558 XCI.
347 1516 442 1557 313.
476 1515 593 1559 Nunc
628 1517 821 1572 quoniam
850 1522 975 1558 totum
1005 1530 1091 1567 me,
1121 1530 1206 1560 non
1238 1529 1373 1559 naevo
1406 1515 1486 1558 ali-

94 1607 173 1650 quo
205 1601 274 1636 aut
298 1594 554 1651 crepundiis,
586 1594 661 1637 sed
690 1607 862 1650 corpore
887 1595 997 1637 omni
1018 1595 1174 1638 videris
1196 1594 1305 1637 velle
1329 1607 1486 1649 cogno-

94 1686 233 1722 scere,
265 1672 516 1729 complectar
543 1686 626 1716 non
655 1671 772 1715 nulla
802 1673 945 1723 etiam,
976 1686 1082 1729 quae
1107 1673 1287 1716 fortasse
1312 1672 1486 1715 videan-

94 1756 158 1793 tur
183 1751 316 1793 minus
345 1752 602 1794 necessaria.
661 1749 760 1792 Erat
797 1764 847 1793 eo
881 1757 1063 1806 tempore
1103 1752 1146 1792 in
1173 1750 1295 1792 nobis
1327 1762 1487 1792 summa

93 1828 312 1884 gracilitas
352 1836 391 1872 et
426 1829 641 1871 infirmitas
685 1828 896 1884 corporis,
931 1841 1148 1884 procerum
1179 1834 1219 1870 et
1246 1834 1367 1870 tenue
1399 1826 1487 1870 col-

94 1906 198 1957 lum;
229 1908 298 1963 qui
326 1906 490 1949 habitus
521 1913 560 1949 et
582 1919 688 1961 quae
718 1905 852 1959 figura
875 1918 958 1947 non
982 1905 1126 1962 procul
1150 1905 1302 1948 abesse
1324 1911 1489 1962 putatur

93 2038 269 2082 Gudiani,
294 2044 380 2084 puto
401 2039 566 2084 quicquid
590 2039 759 2074 collatum
784 2038 900 2073 adhuc
922 2044 992 2079 θεῖς
1018 2038 1102 2072 hinc
1124 2049 1197 2072 non
1216 2038 1308 2073 levis
1328 2039 1487 2073 nascitur

91 2095 248 2141 suspicio
268 2095 518 2141 corrigendum
534 2107 614 2130 esse
635 2095 822 2129 tumultus
842 2094 1141 2141 recuperandae
1160 2093 1426 2141 reipublicae.
1441 2115 1487 2119 —

93 2152 256 2195 Antisti]
281 2152 332 2186 sic
356 2150 421 2196 Lg.
440 2152 473 2186 8.
493 2151 548 2185 35.
569 2151 624 2185 39.
646 2151 702 2184 51.
725 2150 779 2185 53.
799 2149 853 2185 56.
876 2150 931 2184 58.
956 2151 1011 2186 68.
1038 2151 1091 2185 70.
1124 2150 1218 2186 Ven.
1240 2151 1269 2184 l.
1297 2150 1488 2195 eidemque

93 2214 238 2253 praeter
264 2207 319 2241 56.
349 2219 433 2241 mox
457 2206 637 2253 Pompei.
665 2225 711 2232 —-
749 2205 939 2250 Murena]
974 2206 1092 2240 nullus
1121 2206 1212 2240 liber
1237 2218 1306 2250 ae‚-
1342 2211 1380 2241 et
1405 2217 1486 2241 mu-

95 2274 190 2298 rena
213 2263 279 2309 Lg.
300 2263 356 2297 39.

189 2318 267 2353 312.
317 2317 449 2362 Sulla]
476 2318 575 2364 sylla
603 2317 669 2364 Lg.
697 2317 741 2352 39
766 2329 860 2353 corr.
894 2328 928 2352 u.
955 2322 979 2352 t.
1005 2317 1059 2351 56.
1085 2317 1141 2352 68.
1188 2317 1280 2352 Rell.
1305 2324 1417 2353 recte.
1442 2338 1488 2343 —-

95 2375 248 2419 habuit]
274 2373 397 2409 habui
413 2374 478 2420 Lg.
499 2380 642 2420 praeter
660 2374 714 2408 35.
727 2400 738 2417 ,
762 2375 846 2408 item
867 2373 934 2408 Gu.
953 2373 982 2408 l.
1003 2379 1039 2407 et
1056 2372 1200 2408 Gruteri
1219 2374 1323 2408 codd.
1345 2374 1428 2408 duo.
1441 2392 1488 2401 ·-

93 2437 138 2469 ut
161 2443 238 2466 non
261 2430 361 2474 ulla]
386 2435 428 2465 ut
452 2430 638 2465 nonnulla
661 2429 726 2476 Lg.
748 2430 792 2464 53
809 2441 902 2465 corr.
940 2433 986 2465 ut
1010 2429 1123 2464 nulla
1147 2429 1299 2482 20-corr.
1319 2449 1364 2455 —-—
1389 2441 1488 2476 quas

94 2489 181 2533 nos]
207 2487 258 2522 sic
283 2487 339 2522 etl.
362 2498 415 2532 pr.
442 2486 508 2532 Lg.
534 2497 675 2530 omnes,
699 2486 791 2522 Ven.
808 2487 837 2522 l.
867 2485 1031 2522 Gu.1.2.
1058 2483 1133 2522 Ott.
1160 2485 1243 2520 Vat.
1285 2497 1386 2532 quas
1408 2496 1498 2539 none

96 2545 152 2580 ed.
178 2544 270 2579 Ven.
312 2554 410 2589 quas
434 2554 512 2577 non
533 2546 664 2578 minus
686 2543 795 2590 vulgo
821 2543 906 2578 inde
934 2542 978 2577 ab
1000 2542 1081 2578 Asc.
1106 2543 1135 2577 l.
1153 2563 1197 2568 —
1222 2547 1260 2577 et
1281 2534 1504 2588 tanquams

97 2601 160 2647 Lg.
187 2600 241 2635 70.
269 2612 338 2635 om.
365 2604 403 2634 et
427 2604 615 2646 tanquam
637 2599 898 2636 elucubratas.
948 2601 1070 2634 etiam
1094 2610 1213 2644 quam
1238 2598 1324 2632 Par.
1344 2597 1391 2632 D.
1418 2597 1485 2644 Lg.

98 2663 242 2703 praeter
265 2657 298 2691 8.
323 2656 377 2690 35.
403 2656 479 2699 51.,
510 2657 617 2691 etiam
647 2656 740 2693 Ven.
761 2657 791 2691 1.
822 2654 896 2692 Ott.
927 2655 997 2692 Gu,
1018 2655 1046 2689 1.
1095 2655 1218 2689 Facile
1253 2660 1330 2688 erat
1362 2658 1431 2689 tan
1458 2666 1484 2689 s.

98 2718 183 2748 lam
208 2718 244 2747 et
267 2714 351 2747 iam
376 2711 610 2749 confundere.

191 2768 284 2806 XCl.
332 2768 410 2806 313.
459 2780 536 2805 non
561 2769 686 2814 nulla]
711 2769 762 2805 sic
781 2769 922 2805 divisim
941 2768 1007 2815 Lg.
1022 2769 1054 2804 8.
1069 2767 1124 2804 39.
1137 2768 1193 2804 56.
1206 2767 1261 2805 70.
1288 2766 1381 2803 Ven.
1397 2766 1427 2802 1.
1443 2784 1487 2794 —
