1835 3126
0 2864 2 2866 ·
0 2346 12 2794 uu-*pw-vv-vu

359 232 440 276 AD
473 232 585 275 CIC.
615 232 881 277 BRUTUM
914 234 1032 277 (JAP.
1068 236 1131 279 17.
1166 235 1229 278 18.
1360 237 1485 283 ³53

93 347 258 389 debebat
280 349 402 385 oratio
432 349 557 397 aptior
586 351 623 386 et
642 348 755 386 verba
778 351 983 400 composita
1008 355 1041 387 et
1066 353 1174 401 qnasi
1198 356 1456 401 coagmentata
1469 366 1483 399 ,-

91 426 177 454 nam
208 419 318 453 recta
347 413 627 465 compositione
653 421 743 464 apta
772 416 798 455 i.
831 427 863 456 e.
888 416 1055 456 rotunda
1080 421 1116 456 et
1141 419 1484 469 comprehensione

88 482 170 522 sive
209 475 408 535 περιόδῳ
448 480 578 521 vincta
619 482 745 522 oratio
785 485 968 523 nascitur.
1031 483 1111 524 Cic.
1153 483 1222 523 Or.
1260 487 1337 533 71,
1379 486 1480 527 235:

86 548 240 596 facilins
264 553 317 585 est
344 554 434 598 apta
459 548 671 593 dissolvere,
695 562 806 598 qzmm
831 551 1015 602 dissipata
1033 557 1255 590 connectere.
1301 553 1367 600 70,
1384 554 1479 591 233.

87 613 275 662 efficiatur
311 620 439 664 aptam
467 614 580 660 illud,
621 615 717 665 quod
750 617 864 663 faerit
894 624 1005 656 antea
1037 617 1214 666 diffluens
1243 624 1277 656 et
1305 619 1480 659 solatum.

85 681 183 721 Hinc
201 680 446 733 Thucydides
471 682 640 734 scriptor
662 683 782 720 verbis
808 690 918 734 aptus
939 690 1102 726 vocatur
1118 685 1164 724 de
1182 686 1248 726 Or.
1263 685 1311 726 II.
1332 687 1394 734 13,
1412 686 1478 727 56.

86 753 123 788 et
162 748 308 788 medius
340 748 491 788 dicendi
520 748 655 788 modus
686 753 947 800 compositione
976 759 1089 803 aptas
1122 752 1361 803 Quintiliano
1392 753 1478 793 XII.

87 817 151 863 10,
178 817 245 856 60.
288 816 412 856 Plane
438 815 594 856 diversa
618 821 675 855 est
702 817 828 857 oratio
852 832 1050 858 numerosa
1074 819 1155 861 Cic.
1183 820 1249 861 Or.
1275 818 1350 867 54,
1377 821 1480 860 181:

83 882 236 928 deinde,
269 883 366 933 qnod
397 883 532 920 dicitnr
560 885 599 920 in
630 885 798 921 oratione
826 897 1082 931 namerosmn,
1116 887 1153 922 id
1176 892 1303 923 atram
1324 899 1479 924 numero

84 947 127 999 (i.
154 960 186 989 e.
216 949 380 1002 pedibus
405 960 609 988 numerose
631 948 856 988 cadentibus
880 951 1094 990 coniunctis
1116 964 1151 991 v.
1179 952 1246 991 Or.
1269 953 1343 1000 49‚·
1363 951 1477 1002 164.)

81 1015 162 1053 solo
199 1015 408 1063 efficiatur,
446 1029 496 1053 an
537 1018 649 1052 etiam
684 1016 741 1052 vel
771 1019 1035 1065 compositione
1067 1016 1232 1066 quadam
1261 1018 1321 1055 vel
1348 1030 1479 1066 yenere

79 1082 286 1119 verboram.
344 1081 405 1120 Ab
450 1086 542 1130 apta
584 1083 753 1118 oratione
790 1080 1041 1133 distinguitur
1072 1083 1189 1122 etiam
1225 1089 1311 1134 apte
1344 1084 1480 1122 cadens

79 1148 105 1187 i.
136 1159 169 1186 e.
200 1158 405 1187 numerose
434 1146 554 1187 finita.
613 1146 775 1196 Quintil.
805 1142 874 1188 IX.
904 1150 953 1198 4,
983 1151 1056 1190 32:
1096 1153 1159 1201 qni
1189 1148 1305 1201 (ordo
1335 1151 1479 1192 verbo-

78 1213 181 1264 rum)
211 1217 245 1252 si
278 1217 436 1253 vitiosas
468 1220 542 1260 est,
583 1214 667 1252 licet
697 1220 731 1252 et
759 1218 886 1254 vincta
914 1219 963 1254 sit
993 1222 1028 1254 et
1058 1223 1144 1267 apte
1174 1218 1310 1255 cadens
1341 1222 1476 1265 oratio,

78 1286 203 1319 tamen
232 1284 363 1320 merito
392 1284 639 1331 incomposita
670 1282 829 1322 dicatur.
887 1283 986 1323 Hinc
1014 1296 1251 1321 numerosam
1286 1284 1312 1324 i.
1347 1296 1381 1323 e.
1411 1297 1477 1325 so-

77 1353 255 1398 nantem,
295 1353 332 1388 et
369 1354 499 1399 aptam
538 1348 565 1388 i.
604 1360 637 1388 e.
678 1349 1023 1401 comprehensione
1061 1350 1229 1391 vinctam
1260 1351 1477 1392 oratIonem

78 1414 217 1455 Cicero
249 1415 443 1467 componit
473 1415 539 1455 Or.
571 1414 646 1463 50,
680 1416 782 1455 168:
814 1429 899 1466 ergo
930 1422 964 1454 et
993 1417 1032 1455 hi
1060 1420 1206 1454 numeri
1234 1419 1309 1455 sint
1339 1421 1478 1468 cogniti

78 1480 223 1534 (pedes
264 1482 436 1522 suaviter
479 1480 681 1533 cadentes)
723 1489 757 1520 ct
795 1496 910 1533 yenas
948 1483 1043 1521 illud
1079 1487 1229 1521 tertiam
1270 1485 1477 1535 explicetur

78 1549 188 1599 (ptale
222 1552 293 1595 sit,
332 1562 553 1587 numerosae
590 1555 624 1586 et
663 1555 775 1600 aptae
814 1554 997 1589 orationis
1007 1566 1020 1598 ,-
1060 1551 1085 1590 i.
1117 1563 1149 1590 e.
1192 1551 1381 1591 orationis
1418 1553 1476 1592 ita

0 1619 7 1671 5,
76 1620 212 1668 aptae,
256 1621 297 1656 ut
337 1617 702 1668 comprehensiones
739 1629 947 1657 numerose
986 1617 1188 1667 finiantur,
1234 1630 1282 1658 ne
1320 1619 1476 1660 hiulcae

76 1683 174 1731 sint,
213 1695 262 1723 ne
296 1683 534 1732 claudicent3
569 1689 605 1723 et
634 1684 895 1733 Quintilianus
923 1684 992 1725 IX.
1022 1686 1071 1733 4,
1106 1687 1169 1724 17.
1208 1685 1475 1727 felicissimum

76 1762 291 1790 sermonem
329 1751 440 1798 dicit,
480 1751 542 1790 cui
579 1756 613 1788 et
651 1757 772 1788 rectas
809 1751 899 1789 ordo
939 1757 973 1789 et
1002 1757 1094 1802 apta
1125 1755 1299 1791 iunctura
1328 1759 1360 1791 et
1391 1767 1475 1791 cnm

0 1818 4 1870 ζ
74 1819 134 1856 his
163 1831 338 1856 numerus
369 1824 572 1868 opportune
602 1818 738 1856 cadens
770 1818 990 1869 eontigerit.
1050 1817 1316 1870 Componendi
1351 1825 1474 1859 artem

75 1897 100 1924 a
128 1885 323 1925 veteribus
356 1884 515 1925 Graecis
545 1885 571 1923 i.
604 1896 636 1923 e.
670 1885 736 1936 qui
766 1890 855 1924 ante
883 1885 1093 1924 Isocratem
1124 1884 1301 1934 fuerunt,
1333 1885 1472 1927 Cicero

9 1944 11 1967 ³
75 1951 273 1991 abiudicat
308 1964 385 1991 non
413 1951 476 1990 hic
506 1950 639 1999 modo,
679 1950 748 1990 sed
778 1951 894 1990 etiam
919 1952 960 1990 in
991 1952 1159 1992 Oratore
1192 1963 1223 1990 c.
1255 1951 1322 1992 50.
1357 1954 1471 2002 168.;

73 2030 271 2058 numerum
299 2017 442 2057 ibidem
471 2017 544 2066 55,
571 2018 683 2067 186.;
712 2023 920 2071 utrumque
950 2018 1199 2059 dissentiente
1227 2017 1470 2068 Quintiliano

73 2086 141 2127 IX.
171 2087 220 2134 4,
255 2087 321 2126 16.

185 2154 250 2192 69.
309 2153 457 2201 formis]
502 2152 692 2193 Graecum
731 2145 931 2205 σχήματα
970 2150 1092 2191 latine
1131 2151 1313 2192 reddidit.
1371 2153 1471 2193 Nam

71 2218 216 2268 fiyuras
242 2218 339 2258 dixit
369 2224 477 2257 aetas
507 2219 722 2270 posterior,
752 2229 830 2257 non
861 2218 1020 2258 Cicero:
1048 2231 1084 2259 v.
1117 2218 1160 2259 C.
1190 2219 1235 2260 F.
1261 2219 1469 2261 Hermann.

74 2285 123 2324 ad
154 2285 315 2325 Lucian.
348 2285 395 2324 de
422 2286 519 2324 Hist.
553 2285 712 2325 Conscr.
742 2297 781 2337 p.
812 2286 907 2324 272.

182 2351 321 2393 XV111.
381 2353 447 2392 70.
508 2352 687 2402 Canachi]
731 2351 935 2392 Canachus
966 2351 1172 2403 Sicyonius
1202 2353 1333 2394 floruit
1364 2354 1470 2394 circa

73 2419 125 2459 ol.
143 2421 234 2467 70.;
258 2419 365 2458 rudis
393 2419 474 2458 eius
500 2431 564 2458 ars
587 2420 626 2459 in
649 2419 857 2459 simulacro
873 2419 1070 2471 Apollinis
1088 2416 1292 2471 Didymaei
1315 2426 1470 2474 specta·

71 2487 207 2535 batur3
241 2487 407 2524 Calamis
437 2487 543 2526 circa
568 2487 618 2526 ol.
640 2488 707 2528 80.
734 2487 849 2528 vixit:
879 2499 915 2527 v.
938 2486 1080 2527 Muell.
1102 2488 1312 2528 Archaeol.
1339 2490 1374 2544 ᾗ.
1401 2491 1467 2529 92.

75 2555 168 2593 112.
208 2553 242 2592 85
278 2553 409 2604 Sillig.
449 2554 489 2592 in
526 2554 640 2594 catal.
680 2554 784 2594 artif.
825 2553 853 2593 l.
891 2565 923 2593 c.
984 2553 1217 2607 Quanquam
1248 2555 1469 2596 Canachum

70 2621 222 2662 Plinius
249 2621 296 2660 H.
327 2620 374 2660 N.
404 2621 584 2663 XXXIV.
614 2622 653 2662 8.
691 2620 903 2674 olympiadi
931 2620 998 2662 59.
1028 2622 1218 2672 assignat.
1265 2622 1468 2662 Ciceronis

71 2689 170 2729 haec
200 2688 369 2728 imitatus
400 2688 661 2739 Quintilianus
690 2688 777 2729 XII.
811 2690 881 2737 10,
913 2690 952 2728 7.
1007 2687 1209 2728 Callonem
1238 2693 1365 2728 tamen
1394 2699 1468 2741 pro

75 2756 260 2798 Canacho
291 2756 483 2808 nominat,
516 2761 584 2798 aut
614 2756 790 2798 consulto
822 2760 889 2796 aut
918 2756 1129 2796 memoriae
1154 2755 1263 2796 vitio.

1128 2831 1184 2873 23
