1835 3126
380 188 577 232 BREVIS
609 187 1003 241 ELOQUENTIAE
1035 189 1171 234 ROM.
1202 189 1344 234 llIST.
1461 193 1558 237 117

169 305 267 355 egit,
298 316 376 342 una
404 308 496 342 nota
526 309 583 342 est
604 303 780 351 Aufidiae
809 304 940 343 nescio
969 306 1095 354 cuius,
1129 318 1242 358 quam
1274 310 1339 345 aut
1360 305 1558 346 accusavit

167 376 233 409 aut
262 369 449 409 defendit:
488 369 586 409 adeo
619 370 718 409 enim
752 371 792 409 in
822 370 977 411 diversa
1008 373 1150 412 abeunt
1186 374 1419 424 scriptorum
1446 373 1556 412 testi-

167 437 314 484 monia,
354 442 395 476 ut
432 436 482 476 ad
510 436 699 489 liquidum
734 449 796 476 res
826 438 987 490 perduci
1017 452 1134 492 posse
1167 452 1244 480 non
1272 439 1450 479 videatur
1470 436 1555 489 (⁰⁹).

164 503 262 543 Nam
295 504 488 543 Murenae
527 505 833 553 accusationem,
871 506 974 557 quod
1011 507 1134 547 visum
1164 506 1476 554 Westermanno‚
1515 506 1556 544 in

164 571 263 610 hunc
297 583 495 610 numerum
531 571 682 611 referre
718 583 795 610 non
832 572 946 621 licet,
991 574 1084 624 quia
1122 586 1198 613 non
1236 578 1387 613 constat
1419 573 1556 625 ipsene

162 638 360 689 Sulpicius
403 643 513 677 actor
557 638 765 690 prodierit;
812 639 995 691 quicquid
1039 640 1138 678 enim
1176 640 1314 680 Cicero
1356 640 1556 680 criminum

163 704 309 743 refutat
339 717 363 743 a
386 704 466 744 filio
493 705 661 757 Sulpicii
690 705 939 746 adolescente
968 706 1139 758 proferri
1161 708 1303 758 potuit,
1336 718 1449 758 quem
1478 718 1555 745 non

162 772 288 821 tangit
316 772 405 820 ille,
444 772 538 824 quia
568 777 704 811 contra
736 778 932 812 auctorem
964 773 1224 812 accusationis
1255 774 1408 823 dicere,
1440 785 1555 825 quam

164 838 429 877 administrum
458 843 593 889 petere
622 837 768 876 maluit.

271 903 383 943 Addo
407 903 624 955 Sulpicium
650 913 735 941 cum
759 902 848 941 aliis
875 902 976 942 inter
1000 902 1170 944 lascivos
1195 909 1333 957 poetas
1357 905 1554 944 recenseri

161 982 186 1009 a
215 969 342 1010 Plinio
365 966 458 1021 (⁷⁰);
490 970 700 1010 carminum
727 969 825 1009 nihil
854 969 1048 1022 reliquum
1078 976 1147 1011 est.

788 1081 824 1137 ς.
854 1083 923 1122 47.

746 1156 785 1191 C.
814 1156 959 1192 Caesar.

273 1240 311 1277 G.
346 1239 466 1276 Iulius
504 1238 666 1283 Caesar,
713 1238 779 1290 qui
818 1238 985 1278 dictator
1022 1240 1115 1288 fuit,
1155 1240 1314 1291 ingenio
1356 1238 1552 1278 excellens

158 1305 294 1344 studiis
336 1305 502 1356 diligens
544 1310 744 1357 promptus
792 1306 953 1346 dicendo
996 1306 1194 1358 loquendo
1239 1306 1552 1357 elegantissimus

159 1373 326 1411 omnium
360 1372 582 1424 aequalium
616 1373 781 1412 maxime
818 1374 1009 1414 verendus
1041 1374 1242 1414 Ciceronis
1280 1373 1453 1412 aemulus
1490 1372 1552 1411 fu-

159 1444 268 1478 turus
293 1445 396 1487 erat,
426 1440 503 1478 nisi
525 1440 680 1490 gloriae
712 1445 749 1479 et
777 1441 931 1493 imperii
955 1441 1188 1493 assequendi
1218 1440 1409 1492 cupiditas
1434 1439 1552 1479 rebus

158 1506 264 1545 bello
318 1505 500 1557 gerendis
545 1511 774 1558 occupatum
826 1508 875 1545 ab
922 1519 1045 1559 opera
1088 1508 1239 1546 forensi
1280 1507 1550 1546 abstraxisset.

159 1574 318 1613 Summa
352 1574 433 1612 eius
466 1578 550 1611 erat
578 1573 618 1611 in
648 1573 865 1625 eloquendo
895 1586 1011 1621 cura3
1051 1586 1165 1625 quam
1194 1579 1236 1613 ut
1266 1574 1395 1613 multis
1424 1573 1550 1613 literis

156 1640 385 1687 illustravit,
416 1640 471 1678 ita
497 1640 609 1679 libris
641 1642 1002 1681 commentariorum
1031 1645 1211 1680 testatam
1240 1641 1411 1691 reliquit.
1471 1639 1552 1680 Sed

159 1708 193 1746 si
234 1708 465 1758 scriptorum
503 1712 674 1747 veterum
714 1708 934 1747 testimonia
976 1706 1285 1755 consideramus,
1329 1707 1448 1746 facile
1490 1707 1551 1745 in-

158 1773 370 1824 telligimus
425 1779 530 1814 recte
575 1774 824 1826 perspexisse
876 1786 962 1814 eum
1008 1774 1227 1814 orationum
1272 1774 1392 1813 aliam
1434 1785 1551 1826 quam

249 1925 307 1968 69)
341 1923 521 1959 Aufidiam
547 1928 819 1962 accusaverime
854 1940 899 1962 an
925 1928 1151 1971 defenderit,
1187 1939 1260 1962 non
1285 1933 1444 1970 constan
1480 1926 1551 1961 hoc

156 1982 280 2016 dicunt
303 1981 450 2019 Quintil.
471 1981 531 2016 IV.
551 1982 590 2026 2,
615 1983 690 2018 106.
720 1983 779 2017 lx.
803 1985 841 2027 l,
858 1984 913 2019 22.
948 1984 1076 2020 Festus
1100 1996 1135 2019 v.
1159 1995 1371 2031 manceps;
1396 1990 1433 2018 at
1453 1983 1550 2018 idem

157 2039 217 2073 ille
241 2038 304 2073 Vl.
329 2038 364 2080 l,
390 2038 435 2072 20
467 2039 619 2073 alterum
651 2045 805 2075 testatur
837 2052 905 2075 nec
930 2041 1121 2083 memoria,
1159 2047 1196 2075 ut
1226 2041 1322 2075 solet
1349 2041 1455 2082 alias,
1489 2040 1552 2074 de-

159 2100 282 2140 ceptus
309 2101 379 2129 est:
408 2106 501 2140 quae
527 2096 620 2130 enim
645 2097 801 2142 exempli
827 2109 936 2131 causa
961 2097 1065 2132 affert
1091 2097 1220 2132 actoris
1245 2109 1450 2142 personae,
1476 2107 1549 2130 non

157 2153 301 2197 patroni
322 2151 550 2187 conveniunt.
586 2153 642 2187 De
660 2153 875 2188 coniecturis
890 2153 968 2188 VV.
984 2153 1066 2187 DD.
1085 2165 1120 2188 v.
1134 2153 1403 2187 westermann.
1420 2164 1454 2197 p.
1468 2151 1549 2185 210.

159 2208 373 2242 Messallam
399 2208 545 2242 alterius
566 2210 680 2253 partis
699 2214 891 2252 patronum
908 2209 1017 2242 fuisse
1037 2214 1179 2243 constat
1197 2220 1243 2242 ex
1264 2208 1487 2245 Quintiliano
1502 2207 1549 2241 X.

160 2264 197 2307 l,
214 2264 269 2298 22.
306 2264 387 2297 Hoc
410 2264 493 2297 loco
515 2275 588 2297 non
605 2264 805 2308 relinquam
824 2263 1005 2298 Velleium
1023 2264 1064 2298 11.
1083 2263 1137 2298 36.
1152 2290 1161 2306 ,
1188 2264 1223 2298 in
1240 2275 1311 2309 quo
1332 2263 1548 2308 explicando

157 2320 423 2365 corrigendove
457 2330 536 2352 cum
573 2320 634 2353 alii
671 2325 836 2353 errarunt
867 2326 939 2354 tum
974 2320 1219 2355 Ruhnkenius.
1278 2319 1421 2365 Lipsius
1455 2320 1549 2353 enim

156 2384 256 2411 recte
281 2376 458 2410 intellexit
483 2376 556 2409 illic
578 2387 651 2409 non
676 2375 718 2410 L.
745 2376 931 2418 Crassum,
964 2377 1029 2411 sed
1053 2375 1108 2410 M.
1135 2377 1303 2412 Crassum
1326 2376 1549 2410 triumvirum

154 2432 371 2479 significari,
408 2443 476 2465 nec
510 2431 550 2466 P.
576 2432 794 2478 Sulpicium,
834 2433 892 2476 qui
925 2433 995 2467 alio
1031 2433 1114 2467 loco
1150 2444 1229 2467 cum
1266 2432 1478 2477 aequalibus
1513 2437 1549 2466 et

156 2490 349 2524 maioribus
374 2488 417 2523 L.
444 2488 576 2523 Crasso
602 2495 637 2523 et
661 2489 715 2523 M.
740 2489 899 2523 Antonio
926 2491 1014 2524 satis
1039 2490 1206 2524 laudatus
1230 2490 1276 2524 sit
1299 2488 1360 2534 (11.
1386 2489 1455 2532 9.),
1483 2489 1549 2523 sed

155 2547 250 2580 hunc
270 2547 350 2581 Ser.
370 2546 568 2590 Sulpicium
592 2545 678 2580 iuris
702 2546 912 2581 consultum.
949 2545 1017 2579 Illa
1036 2546 1149 2581 verba
1168 2557 1336 2592 saneque
1354 2544 1410 2580 M.
1435 2544 1548 2579 Cras-

155 2614 246 2638 sum
277 2602 346 2636 hoc
377 2603 491 2647 ipsum
523 2601 726 2647 significant
759 2613 804 2636 ne
829 2602 922 2636 hunc
954 2603 1116 2646 quidem,
1155 2604 1251 2648 quod
1277 2603 1338 2637 vix
1366 2602 1548 2643 crederes,

157 2671 178 2692 a
204 2659 310 2692 laude
333 2659 492 2693 oratoria
515 2659 670 2694 alienum
693 2659 821 2700 fuisse3
847 2659 892 2693 de
917 2670 988 2703 qua
1004 2671 1044 2694 re
1068 2659 1154 2694 vide
1172 2660 1245 2696 Cic.
1265 2659 1371 2696 Brut.
1389 2658 1447 2702 66,
1466 2656 1545 2692 233.

156 2715 215 2760 70)
241 2715 335 2751 Plin.
361 2715 456 2762 Epp.
482 2715 526 2753 V.
551 2715 593 2761 3,
617 2716 650 2752 5.
690 2715 734 2753 cs.
761 2713 871 2752 Ovid.
899 2715 1005 2753 Trist.
1032 2715 1076 2752 11.
1103 2716 1180 2752 441.
