1892 3116
682 249 1073 293 PRAEFATIO.
1530 263 1574 292 xi

182 368 358 406 notatur.
404 361 662 407 Inscribitur:
699 361 791 413 ‚‚M.
823 362 954 404 Tullii
988 362 1201 405 Ciceronis
1231 360 1280 403 de
1314 359 1489 404 Oratore
1522 362 1575 404 ad

185 440 233 491 Q.
260 440 445 484 Fratrem
473 442 568 484 libri
596 440 672 491 ΙΙΙ,
699 440 846 483 Brutus
873 443 909 482 85
933 440 1083 483 Orator
1104 454 1178 482 seu
1202 440 1251 482 de
1272 440 1574 496 perfectissimo

182 532 336 574 genere
362 520 574 562 dicendi.“
622 518 667 561 In
692 520 770 562 fine
796 520 988 573 leguntur
1011 519 1136 562 haec:
1170 517 1261 569 „le
1286 517 1336 560 T.
1360 518 1576 560 Ciceronis

183 598 226 639 in
264 596 431 640 Brutum
472 599 649 655 explIcit.
709 596 838 640 Liber
875 612 982 640 anno
1021 597 1172 640 Christi
1215 594 1576 647 MGGGGLXIX„

185 674 251 717 die
280 689 379 718 vero
403 675 496 718 XII.
520 679 675 719 mensis
701 676 897 719 Ianuarii.
942 675 1122 725 Romae,
1149 677 1189 717 in
1213 675 1386 717 aedibus
1409 674 1578 730 Magni-

184 752 248 795 fici
279 755 357 796 viri
388 753 498 797 Petri
530 756 579 797 dc
611 755 845 797 Maxim0.“
904 753 1112 810 Impressa
1145 760 1207 795 est
1243 755 1284 794 in
1312 753 1576 803 membranis,

186 845 276 874 cnm
310 833 539 875 initialibus
578 833 835 887 singulorum
864 832 1064 873 librorum
1103 832 1259 871 auratis
1292 837 1330 871 ct
1364 831 1576 878 coloratis,

186 917 225 951 et
255 912 296 950 in
327 911 513 963 margine
546 909 709 952 scholia
737 909 862 950 habet
889 907 1117 956 uberrima,
1148 908 1252 949 satis
1284 906 1423 957 docta,
1455 922 1577 950 mann

185 986 339 1041 Angeli
362 986 558 1029 Politiani
590 988 764 1043 scripta,
796 993 836 1028 nt
859 985 1049 1028 Bandino
1079 987 1211 1028 visum
1243 993 1406 1041 propter
1430 987 1578 1029 simili-

184 1065 365 1107 tudinem
395 1065 608 1108 literarum
640 1065 965 1108 scribendarum.
1010 1063 1307 1119 Lagomarsini
1327 1064 1457 1107 verba
1481 1065 1578 1108 aliis

185 1144 399 1186 codicibus
438 1143 489 1186 ab
523 1146 613 1201 ipso
648 1144 813 1187 collatis
852 1145 1051 1200 inscripta
1092 1142 1143 1185 ab
1175 1142 1254 1185 hoc
1293 1142 1459 1194 absunt,
1503 1145 1577 1188 sed

185 1222 292 1265 inest
320 1229 418 1265 nota
447 1225 624 1273 numeri,
655 1237 734 1279 quo
770 1222 996 1272 indicatur,
1028 1222 1097 1263 93.
1146 1220 1317 1263 Constat
1345 1222 1458 1265 foliis
1482 1223 1577 1266 177.

297 1300 525 1344 Consilium
560 1301 679 1343 huius
711 1315 828 1343 meae
861 1300 1055 1343 editionis
1088 1300 1166 1343 hoc
1196 1300 1282 1341 snit.

296 1378 521 1422 Historiam
559 1380 820 1436 eloquentiae
850 1378 1064 1422 Romanae
1102 1379 1227 1421 rebus
1265 1378 1408 1421 ordine
1438 1380 1579 1423 verbis

185 1457 308 1512 plane
342 1466 538 1501 mutatam
577 1459 714 1501 multis
745 1458 931 1515 partibus
969 1457 1261 1514 amplificatam
1297 1457 1484 1513 plurimis
1515 1459 1579 1501 lo-

188 1536 249 1578 cis
282 1545 512 1579 correctam
542 1536 649 1579 libro
677 1536 953 1579 Ciceroniano
984 1538 1266 1592 praemittere,
1299 1542 1338 1577 ut
1369 1537 1411 1577 in
1441 1539 1578 1593 priore

188 1614 368 1657 editione
413 1613 635 1665 fecer-anis
660 1622 698 1657 et
741 1616 842 1657 viris
883 1615 1035 1662 doctiS,
1087 1614 1234 1669 quibus
1277 1613 1351 1655 illa
1393 1618 1580 1670 quamvis

187 1692 301 1734 rudis
328 1693 617 1749 indigestaque
646 1693 777 1736 moles
801 1707 884 1735 non
915 1692 1212 1748 displicuisset,
1245 1692 1387 1734 deberi
1413 1701 1451 1735 et
1482 1695 1581 1736 mihi

189 1770 382 1813 decorum
412 1771 641 1813 videbatur.
700 1769 805 1812 Nam
837 1783 942 1826 quae
972 1772 1125 1812 rectius
1155 1769 1411 1813 intellexeris
1449 1774 1581 1829 copiis

187 1851 307 1891 novis
340 1850 506 1891 auxeris
547 1849 694 1891 melius
726 1849 890 1903 digesta
920 1848 1152 1903 elegantius
1188 1851 1484 1906 perscripseris
1515 1865 1581 1894 re-

186 1929 317 1969 tinere
356 1934 394 1969 et
434 1927 572 1970 celare
609 1929 716 1970 ratio
756 1941 839 1970 non
878 1935 951 1969 est.
1010 1926 1170 1969 Deinde
1201 1927 1331 1969 verba
1366 1927 1582 1973 Ciceronis

188 2013 413 2061 sequuntur
434 2006 573 2048 inultis
596 2006 702 2049 locis
727 2008 849 2049 etiam
877 2013 969 2062 post
993 2004 1194 2048 Orellinm
1219 2007 1252 2047 &f
1272 2005 1582 2063 Bernhardyum

188 2086 341 2127 rectius
384 2085 599 2135 distincta,
638 2099 721 2128 non
761 2085 887 2127 nullis
926 2087 1049 2127 etiam
1088 2091 1243 2127 mutata
1270 2092 1309 2127 et
1341 2088 1582 2140 emendata3

190 2163 337 2219 quibus
369 2163 557 2206 subiecta
587 2171 649 2206 est
679 2164 905 2207 notabilior
934 2164 1119 2206 codicum
1151 2165 1378 2220 scripturae
1410 2166 1585 2208 diversi-

189 2249 254 2284 tas
289 2249 326 2284 et
353 2244 614 2285 coniecturae
640 2256 730 2285 cum
754 2242 928 2284 aliorum
954 2249 1034 2283 tum
1063 2255 1181 2283 meae
1207 2242 1258 2282 ad
1281 2242 1583 2297 explanandum

190 2320 339 2362 librum
380 2320 580 2376 prolatae.
643 2320 926 2362 Paucissimas
959 2320 1066 2361 enim
1097 2319 1236 2361 verbis
1269 2318 1485 2363 Ciceronis
1520 2323 1584 2363 in-

192 2400 325 2449 serui,
364 2412 441 2440 nec
480 2411 651 2454 usquam
688 2399 792 2440 citra
830 2399 1145 2448 necessitatem3
1183 2397 1266 2440 loci
1299 2405 1366 2440 aut
1407 2403 1584 2456 corrupti

193 2484 261 2520 aut
289 2477 338 2519 de
368 2478 608 2519 coniectura
635 2476 839 2518 emendati
874 2475 1157 2530 significantur
1184 2476 1366 2532 praefixo
1399 2479 1519 2533 signo
1543 2480 1581 2529 †.

193 2554 428 2598 Secundum
471 2555 603 2598 libros
652 2562 786 2597 antem
832 2561 869 2597 et
914 2555 1097 2597 ordinem
1141 2555 1359 2597 verborum
1396 2556 1584 2612 plurimis

191 2633 298 2676 locis
340 2636 493 2676 mutavi
532 2642 571 2676 et
609 2636 771 2677 correxi
802 2633 1004 2689 quaedam
1043 2634 1291 2676 notabilius:
1328 2637 1438 2677 velut
1469 2636 1512 2685 l,
1542 2637 1582 2677 2.

194 2712 237 2762 5,
263 2711 328 2754 19.
368 2712 438 2763 ll,
465 2712 533 2755 43.
571 2713 648 2764 15,
671 2713 737 2756 58.
771 2712 845 2763 17,
865 2712 932 2754 63.
962 2713 1035 2763 20,
1059 2712 1124 2755 79.
1155 2714 1229 2762 26,
1256 2713 1350 2754 10].
1381 2714 1458 2763 33,
1487 2714 1581 2755 125.

193 2789 270 2840 44,
301 2790 397 2834 162.
442 2790 643 2843 48,160.
713 2790 877 2834 Ernesti
922 2793 1124 2848 scriptura
1167 2806 1194 2836 a
1236 2805 1329 2835 mea
1373 2792 1582 2836 dissidens

1887 339 1892 346 =
1881 199 1892 279 —m
1879 118 1892 165 *r
1876 0 1892 67 Υ.-
