1835 3126
338 179 536 227 BREVIS
567 178 962 233 ELOQUENTIAE
992 178 1128 224 ROM.
1160 179 1303 224 HIST.
1402 180 1517 227 145

127 297 280 349 attigit;
319 295 387 336 sed
416 295 541 335 libros
579 294 627 335 de
657 294 866 347 disciplina
895 294 1080 346 augurali
1109 294 1252 334 iniuria
1288 294 1324 334 ei
1352 293 1518 334 tributas

127 377 153 404 a
183 362 357 405 Gerardo
380 362 520 403 Vossio
550 363 628 402 iam
653 362 864 413 Burignius
894 362 944 402 ad
972 367 1143 414 patrem,
1175 362 1241 414 qui
1270 362 1379 400 annis
1408 362 1522 413 quin-

128 441 202 483 que
243 435 280 469 et
316 430 600 481 quinquaginta
636 441 763 480 augur
799 429 890 478 fuit,
929 435 1127 469 auctorem
1155 428 1382 468 referendos
1412 427 1520 469 vidit.

126 498 269 538 Poe'tas
293 497 496 537 Horatium
522 502 559 537 et
580 497 788 548 Virgilium
813 497 969 549 saepius
996 498 1176 537 virtutum
1200 496 1281 535 eius
1302 495 1521 534 meminisse

126 576 236 604 nemo
273 565 452 615 ignorat:
495 564 567 604 etsi
604 569 770 616 uterque
807 569 968 616 propter
997 563 1186 602 beneficia
1215 567 1376 614 accepta
1404 562 1522 602 Mac-

128 632 255 671 cenati
285 631 499 671 devinctior
522 632 617 680 fuit,
648 644 672 671 a
696 632 804 670 cuius
828 631 999 670 moribus
1026 636 1062 670 et
1081 631 1162 671 vita
1184 629 1380 669 Messalla
1404 628 1523 680 plane

127 698 378 738 abhorrebat.
439 698 578 739 Ovidio
611 704 738 738 autem
769 698 943 750 quamvis
975 698 1034 736 sui
1062 697 1245 736 iactatori
1275 708 1353 736 non
1369 695 1524 736 videtur

127 777 199 816 pro
229 763 522 817 vaniloquentia
551 765 795 804 tribuendum
806 795 817 820 ἔ
850 763 954 815 quod
982 775 1054 802 sua
1084 763 1178 802 olim
1201 763 1330 801 studia
1360 775 1385 800 a
1412 763 1522 801 Mes-

125 832 231 871 salla
252 837 361 870 recta
384 842 469 870 esse
489 831 611 870 refert
626 829 715 880 (⁴5):
748 835 805 869 est
829 830 928 868 enim
949 830 1033 869 veri
1053 839 1131 867 non
1156 828 1334 866 absimile
1357 838 1523 865 nascen-

124 898 173 937 tis
202 890 350 947 ingenii
378 896 622 947 nondumque
650 895 885 934 luxuriantis
913 895 1014 934 fetus
1038 905 1180 944 magno
1202 893 1288 932 viro
1311 893 1524 944 placuisse,

127 963 284 1013 Quanta
311 962 560 1003 observantia
590 961 771 1001 Tibullus
803 973 889 1002 eum
915 961 1082 1001 coluerit
1111 959 1285 999 carmina
1308 959 1349 998 in
1374 969 1524 998 omnem

123 1031 390 1083 posteritatem
417 1029 673 1069 testabuntur.

238 1097 482 1149 Scriptorum
516 1096 597 1136 eius
624 1100 784 1149 praeter
807 1095 1005 1136 orationes
1030 1095 1215 1147 frequens
1238 1093 1426 1133 memoria
1452 1096 1524 1141 est,

125 1163 194 1204 sed
230 1163 424 1215 reliquiae
461 1164 731 1216 paucissimae.
790 1162 841 1203 Et
878 1163 1219 1214 grammaticorum
1252 1159 1405 1212 quidem
1432 1159 1527 1198 libri

126 1231 170 1269 de
195 1232 304 1269 litera
326 1233 357 1268 S
379 1231 520 1271 mentio
546 1230 756 1283 aliquoties
780 1229 820 1269 fit
844 1229 948 1282 apud
964 1229 1243 1280 Quintilianum
1264 1232 1300 1266 et
1317 1223 1526 1276 alios(⁴⁶);

125 1297 268 1338 librum
303 1298 346 1336 de
382 1298 544 1336 involute
580 1298 606 1337 i.
638 1309 671 1337 e.
712 1297 856 1337 tralate
890 1297 999 1335 dictis
1027 1297 1165 1337 Festus
1197 1298 1413 1334 antestatur
1432 1290 1524 1343 (⁴⁷);

127 1364 230 1404 idem
258 1365 526 1414 explicationes
556 1365 746 1403 duodecim
776 1364 1010 1410 tabularum,
1050 1375 1148 1415 opus
1178 1374 1256 1401 non
1287 1360 1337 1400 ad
1365 1360 1527 1410 linguae

127 1432 253 1472 solum
290 1431 460 1479 latinae,
497 1430 566 1469 sed
604 1430 654 1470 ad
690 1431 807 1470 totins
848 1430 1090 1481 antiquitatis
1119 1428 1320 1468 Romanae
1351 1427 1527 1466 rationes

125 1497 419 1549 investigandas
445 1498 729 1548 gravissimum.
775 1497 1063 1537 Historicorum
1093 1494 1302 1534 clarissimi
1326 1498 1412 1532 sunt
1433 1493 1528 1532 libri

127 1566 171 1603 de
200 1566 292 1604 bello
321 1565 440 1610 civi-li,
473 1565 612 1616 quibus
631 1564 863 1604 Plutarchus
892 1564 933 1602 in
960 1563 1041 1602 vita
1063 1562 1176 1601 Bruti
1204 1567 1389 1613 tanquam
1418 1559 1528 1599 fonte

128 1637 166 1671 et
194 1631 422 1671 documento
449 1643 542 1670 usus
568 1636 626 1670 est
644 1628 732 1682 (⁴3);
765 1631 921 1670 fuerunt
942 1630 1057 1668 etiam
1074 1627 1121 1667 de
1143 1628 1303 1667 familiis
1327 1626 1528 1679 Romanis,

130 1711 156 1738 a
193 1710 284 1738 sene
314 1699 520 1751 compositi
537 1696 632 1749 (49);
673 1697 741 1737 sed
772 1697 949 1736 libellum
979 1696 1022 1733 de
1046 1696 1220 1744 progente
1249 1695 1413 1742 Auyustt
1445 1693 1528 1731 eius

127 1766 282 1805 nomine
320 1765 563 1805 circumferri
606 1764 763 1804 solitum
791 1762 988 1803 Messalla
1015 1772 1178 1814 prorsus
1209 1759 1411 1810 indignum
1442 1769 1529 1797 esse

128 1832 269 1872 (ludum
308 1832 561 1871 consentiunt.
619 1829 839 1882 Epistolam
876 1830 958 1869 eius
1000 1828 1132 1867 nescio
1166 1839 1280 1878 quam
1311 1830 1529 1865 antestatur

127 1899 336 1940 Suetonius
353 1895 444 1948 (5⁰);
476 1902 622 1937 certum
648 1896 739 1936 inde
770 1901 828 1936 est
854 1896 991 1935 literas
1015 1896 1064 1934 ab
1092 1906 1138 1934 eo
1163 1906 1242 1933 non
1263 1894 1375 1933 libris
1399 1892 1527 1941 modo,

127 1965 196 2006 sed
241 1966 356 2005 etiam
400 1965 655 2017 epistolarum
700 1964 929 2003 commercio
970 1974 1057 2002 esse
1095 1966 1298 2001 tractatas.
1364 1960 1528 2000 Poe‘tam

125 2033 313 2074 lascivum
347 2032 444 2072 dixit
458 2032 629 2080 Plinius,
661 2030 765 2084 quod
791 2030 984 2070 amatoria
1006 2028 1198 2081 quaedam
1220 2026 1381 2067 levioris
1406 2037 1528 2076 argu-

128 2101 244 2140 menti
281 2101 455 2139 carmina
495 2099 642 2150 tangit,
687 2109 788 2150 quae
825 2109 926 2136 nunc
957 2108 1042 2136 cum
1073 2097 1162 2147 ipsa
1188 2105 1313 2146 paene
1342 2093 1531 2132 memoria

124 2166 322 2218 perierunt
348 2164 443 2216 (5¹)3
481 2177 552 2205 nec
591 2165 691 2204 enim
730 2165 771 2202 in
809 2163 1019 2214 pastoritia
1058 2162 1232 2200 carmina
1267 2160 1308 2198 id
1338 2159 1528 2206 convenit,

127 2243 292 2284 quorum
328 2234 497 2283 scriptor
535 2230 717 2270 carminis
762 2228 813 2268 ad
850 2228 1083 2268 Messallam
1122 2226 1291 2265 meminit
1320 2221 1410 2276 (5²),
1456 2235 1528 2264 nec

219 2375 279 2418 45)
310 2371 381 2408 Ov.
408 2372 516 2407 Pont.
540 2371 566 2406 Ι.
592 2373 633 2414 ’7,
657 2371 714 2407 27.
833 2371 893 2415 46)
929 2370 1079 2408 Quintil.
1108 2369 1133 2404 Ι.
1158 2369 1198 2411 5,
1226 2366 1278 2401 15.
1323 2366 1362 2409 7,
1389 2365 1443 2400 23.
1470 2364 1525 2399 35.

129 2430 191 2465 lx.
218 2431 260 2473 4,
284 2429 338 2464 38.
373 2430 503 2464 Festus
528 2440 564 2464 v.
591 2430 746 2475 serpsit.
868 2428 928 2472 47)
963 2427 1093 2462 Festus
1117 2438 1152 2461 v.
1179 2427 1350 2459 sanates.
1399 2421 1526 2466 Expli-

129 2488 291 2521 cationes
316 2485 505 2520 duodecim
530 2484 735 2519 tabularum
760 2484 842 2519 loco
868 2485 992 2519 mutilo
1017 2495 1053 2529 p.
1075 2482 1150 2517 164.
1176 2479 1283 2514 Lind.
1310 2488 1525 2513 commemo-

127 2548 265 2578 rantur.
381 2541 438 2585 48)
469 2541 565 2576 Plut.
585 2540 689 2576 Brut.
716 2540 772 2576 40.
792 2541 847 2576 45.
867 2542 923 2575 53.
960 2540 1045 2574 Tac.
1066 2539 1157 2573 Ann.
1180 2536 1242 2571 IV.
1268 2534 1322 2571 34.
1362 2534 1441 2568 Tib.
1463 2532 1525 2566 lv.

130 2599 166 2641 l,
192 2600 223 2633 5.
343 2598 400 2642 49)
428 2598 523 2632 ΡΙίη.
547 2597 592 2632 Η.
611 2597 657 2632 N.
681 2597 849 2634 XXXIV.
880 2598 931 2633 13.
971 2595 1123 2631 XXXV.
1149 2594 1184 2628 2.
1222 2593 1323 2627 Suet.
1349 2592 1441 2636 Aug.
1467 2589 1523 2623 74.

127 2655 188 2698 50)
226 2655 377 2690 Sueton.
415 2654 461 2688 de
499 2653 583 2691 clar.
621 2665 768 2700 gramm.
805 2655 837 2690 4.
956 2653 1014 2697 51)
1053 2652 1148 2688 Ptin.
1182 2649 1277 2695 Epp.
1310 2647 1355 2682 V.
1392 2646 1434 2688 3⁷
1466 2643 1521 2678 20·

128 2712 188 2756 52)
222 2724 258 2748 v.
286 2712 336 2747 17.
368 2723 404 2747 v.
430 2710 662 2746 VVernsdorf.
688 2723 723 2757 p.
751 2710 824 2747 118.

1193 2773 1246 2815 10
