1835 3126
257 156 390 216 2:30
776 165 1125 211 emenonis

259 276 493 322 oratoribus
515 273 664 317 Latine
693 282 732 318 et
761 276 984 330 diligenter
1010 277 1273 332 loquentibus
1301 283 1536 320 numeratus
1565 284 1648 320 est:

260 357 330 411 qui
367 361 505 397 tamen
534 366 694 395 summa
728 352 943 395 nobilitate
971 353 1177 396 hominem
1214 357 1460 409 cognatione
1493 355 1651 398 sodali-

258 438 341 475 tate
386 431 567 485 collegio
612 444 771 473 summa
809 432 934 473 etiam
973 430 1210 487 eloquentia
1251 430 1300 472 L.
1336 432 1565 489 Philippum
1609 434 1652 474 in

261 509 502 553 consulatus
534 511 730 566 petitione
768 510 987 565 superavit.
1046 507 1204 550 Eodem
1234 515 1414 564 tempore
1451 509 1494 552 C.
1526 511 1652 552 Clau-

262 589 380 637 dius,
435 589 513 630 etsi
555 595 721 645 propter
765 600 962 629 summam
1010 586 1268 628 nobilitatem
1313 593 1351 628 et
1399 588 1652 641 singularem

259 667 483 722 potentiam
509 680 684 721 magnus
712 672 820 715 erat,
850 672 988 707 tamen
1012 667 1135 706 etiam
1161 664 1421 719 eloquentiae
1448 665 1653 719 quandam

262 744 588 787 mediocritatem
620 743 832 787 afferebat.
890 742 986 784 167.
1016 741 1213 784 Eiusdem
1243 741 1328 783 sere
1357 744 1552 797 temporis
1581 743 1656 785 suit

262 835 391 878 eques
421 822 632 866 Romanus
665 821 709 864 G.
735 821 896 872 Titius,
927 822 995 877 qui
1024 834 1116 863 meo
1147 820 1301 862 iudicio
1333 833 1383 862 eo
1413 822 1654 874 pervenisse

261 901 446 949 videtur,
478 915 557 955 quo
587 902 715 957 potuit
744 901 830 942 fere
861 899 1035 942 Latinus
1069 905 1210 942 orator
1239 900 1328 940 sine
1357 897 1531 940 Graecis
1561 899 1655 940 lite-

262 979 321 1020 ris
354 985 392 1020 et
426 979 515 1019 sine
546 977 671 1019 multo
703 990 780 1018 usu
809 978 1037 1032 pervenire.
1097 976 1218 1018 huius
1254 978 1465 1018 orationes
1500 983 1655 1018 tantum

263 1057 536 1109 argutiarum,
577 1062 733 1097 tantum
771 1054 1068 1110 exemplorum,
1108 1060 1263 1095 tantum
1301 1053 1545 1095 urbanitatis
1580 1053 1656 1095 ha-

264 1132 380 1182 bent,
412 1140 453 1174 ut
482 1146 614 1188 paene
646 1131 784 1175 Attico
816 1132 911 1174 stilo
942 1134 1119 1188 scriptae
1152 1145 1245 1173 esse
1272 1131 1500 1173 videantur.
1560 1145 1658 1174 eas-

265 1211 355 1253 dem
388 1212 574 1264 argutias
613 1212 655 1252 in
688 1210 927 1263 tragoedias
967 1211 1070 1251 satis
1107 1209 1178 1250 ille
1209 1209 1372 1263 quidem
1402 1216 1542 1259 acute,
1582 1210 1657 1251 sed

262 1302 407 1344 parum
436 1290 594 1342 tragico
622 1287 841 1330 transtulit.
902 1285 1033 1337 Quem
1063 1285 1253 1328 studebat
1282 1287 1433 1327 imitari
1457 1285 1505 1326 L.
1530 1286 1657 1328 Afra-

263 1368 356 1408 nius
387 1372 530 1422 poe'ta‚
576 1365 698 1407 homo
737 1372 1006 1422 perargutus‚
1048 1366 1089 1406 in
1122 1363 1277 1406 sabulis
1318 1364 1480 1419 quidem
1520 1366 1655 1415 etiam,

264 1451 306 1486 ut
344 1445 480 1493 scitis,
521 1444 713 1486 disertus.
781 1443 875 1485 168.
915 1442 1006 1501 Fuit
1047 1444 1171 1485 etiam
1209 1441 1257 1493 Q.
1289 1441 1469 1484 Rubrius
1509 1441 1656 1493 Varro,

264 1523 333 1578 qui
373 1536 398 1564 a
438 1529 585 1565 senatu
623 1521 751 1564 hostis
799 1535 890 1564 cum
928 1520 972 1564 G.
1008 1520 1147 1563 Mario
1186 1521 1391 1564 iudicatus
1430 1506 1658 1571 esuum·

266 1607 306 1642 et
345 1600 567 1643 vehemens
605 1607 837 1643 aecusator.
896 1599 943 1641 In
979 1612 1029 1642 eo
1070 1613 1225 1654 genere
1267 1612 1368 1642 sane
1411 1598 1656 1655 probabilis,

269 1678 412 1720 doctus
459 1685 594 1720 autem
633 1677 808 1722 Graecis
848 1678 981 1721 literis
1018 1680 1268 1735 propinquus
1312 1684 1478 1729 noster,
1522 1677 1656 1720 factus

353 1830 409 1856 166.
449 1829 608 1867 mamlius]
631 1832 762 1858 studius.

357 1953 434 1989 166.
490 1952 695 1996 Claudius]
718 1952 878 1987 Clodius
896 1953 1002 1987 codd.
1023 1958 1059 1987 et
1081 1953 1183 1995 edd.‚
1204 1954 1355 1987 alienum
1375 1954 1419 1987 ab
1438 1954 1497 1987 illa
1517 1959 1655 1995 aetram

265 2010 450 2045 Ciceronis
468 2010 609 2043 demum
629 2014 791 2053 tempore
813 2010 874 2042 illa
892 2009 1006 2043 forma
1025 2010 1060 2043 in
1080 2021 1177 2043 usum
1197 2010 1309 2044 venit.
1323 2028 1365 2034 ——
1390 2010 1655 2054 nobilitatem]

265 2073 349 2100 ante
375 2066 410 2099 id
437 2067 719 2099 auctoritatem
743 2064 933 2098 inferciunt
958 2065 1073 2099 Gu.1.
1105 2065 1188 2100 Par.
1211 2065 1257 2100 D.

360 2121 434 2155 167.
484 2120 658 2156 eiusdem
681 2141 726 2144 —
750 2121 957 2166 temporis]
993 2120 1140 2155 eisdem
1163 2139 1209 2146 »-
1234 2121 1477 2166 temporibus
1507 2121 1573 2168 Lg.
1599 2123 1654 2158 20.

262 2178 349 2212 Par.
372 2177 417 2211 D.
436 2197 481 2202 —
516 2181 674 2211 tantum
699 2177 965 2223 clv-[Juliarum]
990 2177 1119 2211 absunt
1143 2177 1233 2211 haec
1257 2177 1301 2211 ab
1330 2177 1385 2211 ed.
1407 2189 1460 2222 pr.
1484 2198 1524 2203 —
1558 2181 1657 2212 satis

265 2234 331 2269 ille
356 2233 528 2278 quidem]
556 2236 655 2267 satis
681 2234 839 2278 quidem
863 2234 927 2267 ille
950 2232 1042 2268 Nor.
1081 2234 1161 2269 Asc.
1190 2240 1225 2268 et
1246 2239 1334 2269 vett.
1357 2234 1440 2267 edd.
1468 2234 1656 2278 quaedam.

264 2302 292 2324 s.
318 2292 378 2324 ita
403 2290 566 2335 quidem
590 2289 656 2335 Lg.
684 2295 832 2335 praeter
856 2290 909 2323 20.
935 2289 1010 2331 35.;
1044 2291 1079 2324 in
1105 2290 1160 2325 20.
1188 2295 1242 2324 est
1274 2292 1349 2324 iste
1373 2290 1552 2334 quidem,
1588 2302 1659 2334 qua

262 2347 439 2390 scriptura
459 2346 553 2381 illius
575 2347 677 2391 origo
701 2347 923 2391 explanatur.
945 2364 987 2372 e—
1013 2347 1266 2392 perarylutus]
1286 2351 1502 2392 peracutus
1518 2346 1583 2391 Lg.
1600 2346 1655 2381 35.

263 2401 319 2436 39.
347 2401 401 2435 53.
427 2401 482 2435 68.
510 2403 563 2437 70.
585 2423 629 2427 ——
664 2408 709 2437 ut
735 2404 859 2446 seins]
887 2406 986 2437 salis
1012 2403 1076 2448 Lg.
1101 2403 1157 2438 ς20.

361 2457 435 2491 168.
483 2457 645 2502 Antoni]
672 2461 721 2493 ita
745 2459 811 2505 Lg.
830 2459 884 2494 35.
903 2458 957 2492 39.
983 2459 1035 2492 51.
1058 2460 1112 2494 53.
1136 2460 1190 2494 58.
1210 2459 1266 2495 68.
1292 2459 1385 2492 Ven.
1408 2460 1437 2494 1.
1464 2458 1547 2492 Vat.
1573 2469 1657 2491 mox

266 2512 380 2548 Mari
403 2514 519 2547 eidem
545 2521 691 2560 praeter
715 2516 780 2561 Lg.
804 2516 881 2559 68„
911 2515 976 2549 secl
1001 2516 1106 2549 etiam
1130 2516 1162 2550 S.
1188 2517 1242 2552 70.
1268 2536 1312 2540 —-
1346 2516 1474 2562 pater]
1501 2520 1658 2561 patrem

267 2569 398 2603 usitato
433 2582 558 2606 errore
593 2572 820 2607 librariorum
854 2583 1105 2617 praegressum
1140 2573 1356 2608 vocabulum
1390 2572 1658 2617 respicientium

266 2625 332 2669 Lg.
361 2637 484 2660 omnes
512 2633 659 2672 praeter
682 2641 753 2665 sec,
779 2641 824 2665 m.
850 2629 902 2671 8.;
941 2628 1024 2663 item
1050 2628 1140 2665 Veu.
1169 2631 1198 2665 l.
1226 2630 1258 2664 2.
1294 2629 1378 2665 Vat.
1419 2627 1493 2664 Ott.
1530 2628 1595 2663 Gn.
1625 2627 1654 2661 l.

267 2681 435 2718 Correxit
462 2681 659 2722 Manutius.
