1835 3126
552 142 803 187 BRUTUS
836 143 955 187 CAP.
985 144 1052 188 84.
1377 145 1499 190 29⁷

113 259 151 301 si
195 262 367 310 anguste
412 262 452 298 et
494 255 657 298 exiliter
701 256 840 299 dicere
884 262 947 299 est
982 256 1229 306 Atticorum,
1278 257 1358 299 sint
1394 269 1496 299 sane

110 335 257 377 Attici:
295 334 369 376 sed
405 335 447 375 in
480 336 686 377 comitium
714 336 902 385 veniant,
942 335 995 377 ad
1025 341 1199 377 stantem
1228 335 1404 377 iudicem
1435 335 1496 377 di-

108 419 214 454 cant.
246 412 451 455 subsellia
475 414 741 468 grandiorem
764 420 803 455 et
826 413 1052 467 pleniorem
1076 426 1219 455 vocem
1245 412 1495 455 desiderant.

105 490 203 532 290.
234 489 340 533 Volo
372 491 451 535 hoc
479 494 631 534 oratori
659 494 891 546 contingat,
920 498 983 541 ut,
1011 504 1099 533 cum
1123 491 1303 532 auditum
1328 491 1380 532 sit
1404 503 1495 532 eum

106 581 202 611 esse
243 569 465 620 dicturum,
504 570 622 613 locus
663 572 705 613 in
749 569 963 612 subselliis
994 576 1215 625 occupetur
1244 568 1496 624 compleatur

104 647 285 690 tribunal
324 650 498 703 gratiosi
538 649 702 691 scribae
737 650 816 691 sint
854 651 896 690 in
932 648 1067 690 dando
1115 654 1153 690 ct
1184 647 1368 690 cedendo
1398 647 1492 689 loco

104 739 261 768 corona
289 727 500 783 multiplex
529 728 651 770 iudex
676 734 857 770 erectus:
893 740 983 769 cum
1010 732 1153 780 surgat
1182 727 1240 776 is,
1271 727 1339 781 qui
1365 725 1494 767 dictu-

103 816 174 845 rus
206 805 277 855 sit,
317 805 572 860 significetur
613 819 639 848 a
673 818 830 848 corona
868 804 1098 853 silentium3
1139 803 1287 845 deinde
1319 803 1492 845 crebrae

104 884 373 925 assensiones
411 882 562 924 multae
597 882 913 930 admirationes;
955 882 1087 930 risus,
1127 893 1217 922 cum
1248 880 1369 930 velit,
1402 893 1492 921 cum

101 960 220 1009 velit,
264 959 402 1002 fletus:
440 967 500 1009 ut,
543 961 611 1015 qui
651 959 756 1001 haec
794 958 937 1015 procul
965 958 1123 1009 videat,
1169 959 1294 1000 etiam
1329 959 1366 1000 si
1395 957 1493 1014 quid

102 1044 250 1092 agatur
273 1038 453 1087 nesciat,
481 1044 522 1079 at
545 1037 712 1094 placere
735 1044 875 1079 tamen
896 1043 934 1079 et
958 1038 1000 1078 in
1026 1050 1154 1079 scena
1178 1050 1273 1079 esse
1294 1036 1491 1079 Roscium

99 1115 327 1171 intellegat.
384 1115 500 1159 Haec
531 1118 596 1159 cui
627 1117 887 1171 contingant,
917 1129 1009 1157 eum
1039 1117 1142 1158 scito
1171 1116 1308 1158 Attice
1339 1115 1491 1165 dicere,

98 1201 140 1237 ut
170 1194 220 1237 de
250 1193 411 1237 Pericle
444 1195 650 1245 audimus,
692 1202 733 1237 ut
763 1195 813 1237 de
844 1193 1072 1250 Hyperide,
1112 1201 1154 1236 ut
1184 1194 1234 1236 de
1265 1193 1490 1243 Aeschine,

100 1272 150 1315 de
191 1274 281 1329 ipso
319 1273 481 1329 quidem
519 1272 797 1317 Demosthene
836 1285 1036 1315 maxume.
1095 1273 1192 1314 291.
1238 1270 1314 1314 Sin
1356 1278 1491 1314 autem

100 1358 260 1394 acutum
297 1351 476 1408 prudens
519 1359 558 1394 et
596 1352 706 1395 idem
741 1353 948 1394 sincerum
987 1358 1026 1393 et
1058 1351 1235 1394 solidum
1277 1357 1316 1393 et
1354 1351 1490 1392 exsic-

99 1437 234 1472 catum
271 1443 403 1485 genus
442 1431 643 1473 orationis
682 1430 858 1487 probant
892 1443 969 1472 nec
1006 1429 1080 1473 illo
1117 1431 1312 1485 graviore
1343 1434 1490 1472 ornatu

178 1587 238 1614 290.
275 1587 396 1622 surffltt]
417 1589 521 1621 surgit.
540 1602 572 1608 —
601 1587 753 1624 audimus]
774 1587 951 1614 audivimus.

97 1699 341 1747 intellefflmt]
366 1700 433 1747 Lg.
450 1701 482 1736 8.
505 1701 559 1737 35.
582 1701 636 1737 39.
657 1701 711 1737 51.
744 1699 869 1736 ottob.
894 1718 941 1727 ν-
978 1698 1033 1733 acl
1051 1699 1237 1742 stantem]
1262 1698 1488 1733 adstantem

97 1762 133 1790 et
156 1762 356 1792 astantem
384 1757 448 1803 Lg.
473 1758 504 1792 8.
532 1757 576 1792 39
599 1769 668 1810 ing.
694 1757 736 1799 ’ξπ
764 1757 819 1791 51.
846 1756 902 1790 53.

185 1824 264 1859 290.
314 1836 400 1859 eum
423 1830 558 1871 surqat
584 1825 633 1868 is]
659 1825 768 1870 vulgo
793 1825 932 1869 snryz't.
981 1821 1092 1860 Quod
1116 1823 1201 1857 olim
1225 1822 1370 1856 correxi
1393 1833 1488 1856 nune

93 1881 246 1926 praebet
264 1880 320 1914 ed.
338 1892 391 1925 pr.
418 1880 484 1927 Lg.
505 1881 560 1916 20.
589 1881 746 1915 concinit
763 1881 814 1923 S.,
840 1881 874 1914 in
895 1891 966 1925 quo
989 1885 1043 1914 est
1062 1882 1256 1925 sumatis,
1285 1884 1320 1913 et
1338 1878 1419 1912 Par.
1442 1879 1486 1914 D.

94 1937 162 1972 Gu.
192 1937 245 1979 l.,
281 1938 316 1971 in
342 1938 468 1982 quibus
503 1942 713 1984 eonsurgsat
749 1939 837 1983 (pro
870 1948 962 1972 eum
995 1938 1074 1980 s.).,
1104 1936 1171 1970 Gn.
1202 1936 1229 1971 l.
1268 1940 1425 1982 ereptus
1451 1947 1486 1980 p.

92 1998 254 2029 erectus.
274 2012 322 2021 ·—-
352 1995 608 2040 siynz'sz'eetur]
635 1993 828 2040 .siqrtifieet
853 1994 909 2028 ed.
936 2005 989 2038 pr.
1014 2013 1060 2018 —
1092 1992 1395 2035 admirationes]
1420 1992 1488 2026 ad-

90 2053 429 2085 murmurationes
455 2049 536 2091 Or.;
573 2051 638 2085 sed
662 2057 814 2095 recepta
840 2051 1019 2095 scriptura
1044 2050 1152 2094 plane
1177 2048 1378 2083 defenditur
1402 2049 1485 2082 loco

92 2107 137 2142 de
163 2106 227 2142 Οι·.
254 2107 280 2142 l.
306 2108 368 2149 33,
396 2107 469 2140 152.
497 2126 542 2131 —-
577 2106 793 2152 intellegat]
820 2107 871 2140 sic
894 2105 959 2151 Lg.
977 2105 1008 2139 S.
1030 2105 1085 2139 39.
1106 2105 1160 2139 51.
1181 2104 1236 2140 68.
1263 2125 1307 2130 -—
1341 2103 1389 2137 cle
1414 2103 1484 2137 Pe-

92 2164 203 2207 ricle]
230 2163 278 2197 (Ie
300 2163 478 2209 plerique
503 2162 570 2196 Gu.
599 2164 628 2197 l.
651 2183 698 2188 —
735 2162 935 2205 audimus]
962 2162 1012 2196 sic
1037 2161 1102 2208 Lg.
1130 2173 1273 2203 omnes,
1299 2160 1367 2195 Gu.
1396 2161 1425 2195 l.
1451 2161 1484 2196 2.

93 2219 186 2255 Ven.
206 2220 234 2253 l.
262 2218 344 2255 Vat.
371 2217 446 2253 Ott.
497 2219 572 2253 Sed
597 2217 755 2254 Orellius
787 2230 831 2253 ex
857 2219 988 2252 Aldina
1017 2229 1096 2252 cum
1129 2218 1209 2251 aliis
1242 2218 1484 2258 azalivimus,

94 2276 191 2321 quod
222 2287 294 2310 non
328 2275 455 2309 dieitur
483 2275 529 2309 de
553 2275 649 2309 fania
673 2280 853 2321 perpetua
880 2281 916 2309 et
944 2279 1163 2320 pervagata,
1198 2274 1262 2308 sed
1295 2274 1339 2308 de
1364 2285 1402 2307 re
1437 2286 1483 2308 ex

93 2333 242 2367 alicuius
263 2344 327 2366 ore
348 2338 517 2377 accepta,
543 2337 578 2366 nt
598 2332 729 2366 dudum
751 2338 850 2366 recte
872 2332 1058 2377 praecepit
1075 2331 1321 2376 Heusingerus
1345 2331 1390 2364 acl
1409 2329 1480 2365 Off.

90 2389 115 2424 L
132 2390 170 2431 6,
186 2390 218 2423 5.
232 2409 275 2414 ——
302 2393 347 2424 ut
367 2389 415 2422 cle
432 2388 631 2433 Aeschine]
658 2394 702 2423 ut
721 2400 790 2423 om.
812 2387 866 2422 ed.
884 2399 958 2433 pla,
979 2392 1024 2423 ut
1043 2387 1091 2421 cle
1111 2399 1180 2423 0111.
1206 2387 1270 2433 Lg.
1287 2399 1421 2421 omnes.
1435 2406 1482 2413 —

90 2446 292 2489 maoeume]
317 2446 369 2479 sic
393 2445 486 2481 Ven.
505 2445 534 2481 l.
566 2445 645 2480 Vat.
675 2443 751 2480 Ott.

183 2513 262 2548 291.
310 2515 493 2558 qravz'ore
514 2513 668 2557 ornata]
692 2513 909 2559 mundiore
928 2512 1019 2546 coni.
1041 2509 1176 2551 orell..
1202 2511 1332 2556 probat
1351 2509 1480 2555 Meye-

90 2581 163 2604 rus.
212 2569 413 2612 „Praestat
433 2572 658 2616 qravz'orem
683 2574 870 2604 ornatum
893 2569 1104 2610 memorari,
1130 2567 1187 2612 qui
1212 2571 1420 2600 versaretur
1444 2567 1479 2600 in

90 2626 218 2660 animis
244 2628 332 2668 (non
357 2637 543 2667 coronae,
571 2627 637 2661 sed
662 2626 856 2666 iudicum,
887 2625 953 2659 etsi
979 2625 1066 2658 illud
1093 2624 1172 2658 vult
1195 2623 1259 2666 B.)
1285 2622 1481 2657 tractandis

91 2687 128 2719 et
154 2682 283 2728 quovis
307 2688 405 2718 motu
430 2683 702 2730 perturbandis;
734 2693 817 2717 nam
843 2682 977 2718 Calvus
1008 2681 1241 2717 subtilitatem
1264 2679 1401 2725 Lysiae
1424 2690 1480 2715 se-
