1835 3126
285 232 412 286 396
707 235 1246 282 EXPLIGATIONES

286 355 358 399 21,
387 353 476 398 82„
509 360 623 401 quam
653 348 702 387 oh
733 360 814 388 rem
845 355 1022 389 oratores
1052 352 1173 399 operis
1204 354 1323 389 nostri
1353 358 1522 389 (uictores
1550 350 1670 400 Quiri-

284 418 442 457 tilianus
473 415 569 454 dixit
597 415 642 456 V.
672 416 747 463 14,
778 417 867 463 27.;
911 428 1024 465 opera
1054 421 1245 453 oratorum
1276 417 1494 466 quotidiana
1523 423 1557 455 et
1585 430 1673 467 per—

283 488 425 532 vagata
456 482 594 522 Cicero
624 481 671 521 de
700 483 766 522 Or.
796 481 862 521 III.
893 482 968 529 49,
1002 481 1094 520 188.

394 549 474 590 LV.
531 550 625 588 201.
684 563 708 587 α
752 550 859 587 Cotta
900 553 934 584 et
975 546 1157 597 Sulpicio]
1206 558 1330 586 sermo
1376 547 1425 586 ad
1465 549 1564 588 hauc
1605 548 1672 588 de-

284 616 526 667 gressionem
556 614 714 654 defluxit
751 616 799 654 ab
829 614 929 662 illis,
968 625 1069 665 quae
1097 613 1280 664 leguntur
1315 625 1349 653 c.
1378 614 1454 660 49,
1488 615 1587 653 183:
1627 628 1673 652 ex

284 683 342 720 his
381 682 489 719 Cotta
528 687 562 718 et
602 682 792 732 Sulpicius
833 694 915 719 cum
953 694 1031 719 meo
1070 680 1207 718 iudicio
1248 686 1327 717 tum
1363 683 1527 717 omnium
1562 681 1674 727 facile

282 751 427 798 primas
456 749 631 787 tulerunt.

396 815 596 864 attenuate]
637 825 783 866 genere
822 814 1011 854 orationis
1051 811 1158 867 λιτῷ
1197 825 1228 852 s.
1266 812 1392 861 tenui,
1431 826 1506 865 quo
1547 815 1676 854 omnia

285 880 335 920 ad
365 881 617 920 subtilitatem
653 881 817 921 docendi
851 881 1093 929 referuntur,
1138 891 1215 919 non
1248 879 1297 918 ad
1326 880 1401 920 vim
1430 886 1467 920 et
1501 881 1674 920 sublimi-

283 953 400 987 tatem
436 949 584 987 animos
614 947 877 1000 permovendi.
934 948 1074 998 Longe
1111 946 1226 986 aliter
1257 946 1371 987 Calvi
1401 948 1528 988 oratio
1557 952 1675 986 φιὶηιὶα

284 1015 460 1063 νοῖὶ9ῐοηε
484 1020 677 1052 attenuata
708 1014 848 1053 dicitur
878 1026 911 1054 c.
935 1016 1009 1062 82,
1037 1015 1140 1053 283:
1170 1015 1244 1053 hoc
1276 1014 1375 1053 enim
1401 1015 1675 1066 reprehensio-

284 1093 369 1120 nem
398 1081 515 1120 habet
551 1080 741 1132 docetque
773 1081 951 1128 Calvum,
992 1081 1084 1132 quia
1121 1081 1161 1119 in
1197 1080 1414 1130 deligendis
1441 1081 1571 1121 verbis
1601 1081 1675 1120 sibi

284 1159 478 1198 nunquam
518 1148 775 1195 satisfecerit,
820 1148 868 1186 ab
911 1148 1013 1186 omni
1048 1147 1236 1186 orationis
1276 1147 1314 1187 vi
1350 1151 1387 1186 et
1415 1154 1564 1200 *ornatu
1604 1149 1673 1187 ab-

284 1213 490 1252 sterritum.

398 1281 492 1319 203.
551 1280 717 1327 tragicus
742 1278 884 1327 orator]
916 1277 1071 1317 easdem
1090 1277 1227 1316 laudes
1253 1279 1488 1318 naturalium
1511 1280 1673 1332 Sulpicii

283 1348 473 1386 bonorum
503 1346 597 1384 satis
624 1344 850 1396 magnificas
874 1345 991 1384 habet
1016 1344 1153 1384 Cicero
1187 1343 1234 1384 de
1257 1345 1323 1385 Or.
1347 1344 1393 1384 ΙΙ.
1420 1348 1491 1394 21,
1515 1347 1570 1386 88
1588 1359 1672 1398 sqq.

282 1414 341 1453 Ibi
371 1413 524 1465 quidem
552 1412 593 1451 in
620 1413 714 1460 hoc,
758 1411 862 1463 quod
891 1412 1075 1453 Crassum
1110 1411 1280 1451 voluerit
1316 1412 1478 1462 imitari,
1518 1414 1675 1454 Antonii

284 1481 486 1521 consilium
516 1484 668 1519 secutus
698 1478 849 1518 dicitur.

395 1549 490 1587 204.
549 1546 677 1596 defuit]
730 1545 942 1597 singularis
985 1545 1181 1596 legitimus
1232 1545 1272 1583 in
1317 1547 1527 1597 epexegesi
1568 1547 1675 1587 facta

282 1614 412 1655 verbis
443 1614 538 1651 duae
567 1626 626 1651 res
653 1634 708 1657 ,-
734 1614 857 1651 altera
888 1614 1010 1652 alteri.
1068 1613 1254 1663 Meyerus
1290 1617 1455 1652 testatur
1486 1614 1567 1654 Cic.
1600 1613 1672 1654 Off.

282 1682 312 1721 Ι.
342 1683 418 1729 41,
446 1682 538 1720 147.
549 1711 559 1729 ‚
591 1692 666 1732 quo
697 1680 785 1719 loco
815 1693 924 1717 suum
953 1682 1106 1729 quisque
1134 1692 1225 1729 opus
1256 1679 1485 1718 consideran
1513 1681 1592 1718 vult
1621 1681 1674 1719 si-

283 1748 425 1787 militer
456 1752 774 1787 commemoratos
804 1747 974 1799 pictores
1005 1750 1042 1785 et
1071 1746 1281 1785 statuarios
1314 1751 1350 1785 et
1376 1751 1513 1798 poetas
1544 1748 1674 1798 sequi-

283 1820 364 1862 tur,
396 1815 485 1852 item
511 1815 618 1853 Suet.
646 1814 759 1855 Caes.
785 1814 869 1863 89„
901 1825 977 1865 quo
1005 1812 1094 1853 loco
1124 1812 1281 1853 Ernesti
1310 1824 1483 1853 errorem
1508 1813 1673 1856 Wolfius

282 1880 503 1931 castigavit.

392 1945 489 1988 LVI.
548 1946 765 1995 Isocratem]
808 1946 841 1985 is
877 1945 1017 1985 sollers
1055 1938 1243 1996 magister
1272 1951 1454 1985 accurate
1483 1948 1672 1998 pervesti-

283 2018 379 2065 gata
420 2011 700 2064 discipulorum
743 2017 885 2051 natura
927 2011 976 2050 ad
1022 2012 1127 2063 quod
1170 2023 1292 2062 genus
1336 2014 1500 2051 maxime
1542 2014 1673 2054 idonei

284 2085 433 2127 essent,
472 2090 514 2117 se
552 2078 731 2117 conferre
774 2090 840 2117 eos
877 2078 1010 2125 iussit3
1056 2079 1113 2117 sic
1143 2078 1342 2129 Ephorum
1382 2079 1432 2117 ad
1470 2080 1672 2120 historiam

283 2145 527 2186 scribendam
566 2144 737 2196 impulit:
779 2144 827 2184 cf.
867 2143 915 2182 de
947 2144 1012 2183 Or.
1044 2144 1092 2182 II.
1127 2145 1199 2192 13,
1228 2145 1296 2183 57.
1344 2147 1419 2192 22,
1449 2146 1515 2185 94.
1574 2150 1673 2185 Lene

283 2213 422 2252 (licitur
446 2212 596 2264 Ephori
623 2211 821 2261 ingenium
850 2214 930 2249 acri
960 2210 1204 2262 Theopompi
1232 2216 1396 2250 naturae
1426 2213 1673 2262 contrarium,

283 2279 387 2332 quod
416 2279 485 2318 ille
516 2279 564 2317 ab
593 2278 695 2317 omni
722 2277 964 2318 vehementia
992 2282 1028 2316 et
1058 2278 1301 2316 contentione
1329 2278 1483 2326 aberat3
1514 2275 1674 2328 ὕπτιος

284 2343 358 2387 καὶ
386 2341 605 2399 μηδεμίαν
636 2340 743 2395 ἔχων
773 2341 997 2392 ἐπίτασιν,
1028 2356 1127 2395 quae
1151 2344 1297 2384 Suidae
1327 2351 1413 2384 sunt
1443 2345 1489 2384 de
1511 2346 1670 2398 Ephoro

282 2413 425 2460 verba,
466 2418 643 2449 cunctans
680 2417 713 2448 et
746 2414 854 2461 quasi
883 2411 1156 2455 verecundans,
1197 2410 1396 2450 Ciceronis
1439 2411 1486 2451 de
1513 2413 1579 2452 Or.
1604 2413 1669 2453 III.

283 2483 329 2528 9,
358 2480 424 2519 36.
484 2478 638 2518 Similia
673 2478 850 2518 Platonis
892 2476 996 2516 dicta
1034 2476 1080 2515 de
1115 2477 1327 2516 Aristotele
1368 2483 1405 2516 et
1437 2479 1672 2528 Xenocrate,

283 2545 506 2587 Aristotelis
537 2544 585 2584 de
615 2544 886 2596 Theophrasto
917 2549 953 2583 et
984 2542 1221 2584 Callisthene
1252 2545 1487 2597 comparatis
1515 2546 1672 2586 retinuit

284 2614 483 2664 Diogenes
511 2612 693 2652 Laertius
723 2612 768 2653 V.
799 2613 865 2651 39.

395 2678 490 2718 205.
548 2681 614 2718 P.·
639 2678 832 2727 Canutius]
878 2678 911 2716 is
951 2681 1156 2716 accusator
1196 2677 1402 2729 Oppianici
1441 2677 1669 2718 Scamandri

285 2744 424 2785 medici
454 2750 491 2786 et
510 2744 684 2787 Fabricii
713 2744 786 2786 fuit
809 2745 846 2785 in
871 2756 990 2785 causa
1010 2743 1195 2794 Cluentii,
1225 2744 1404 2785 laudatus
1433 2757 1456 2784 a
1482 2744 1668 2787 Cicerone
