1835 3126
260 197 347 241 48
474 186 670 232 BREVIS
701 183 1094 237 ELOQUENTIAE
1125 183 1259 228 ROM.
1291 183 1433 226 HIST.

260 306 418 360 publica
440 302 627 354 principis
655 299 886 351 gravitatem
906 298 1147 338 orationibus
1164 298 1245 337 eius
1261 298 1489 350 impressam
1504 296 1646 344 fuisse;

261 373 346 420 sed,
391 382 475 409 cum
516 380 642 419 neque
678 366 773 405 artis
814 378 938 417 neque
980 369 1138 404 ornatus
1171 364 1367 403 lenocinia
1405 363 1644 410 accederent,

261 437 438 489 exempla
484 447 532 475 ex
568 435 616 474 iis
657 438 698 473 ut
737 432 1026 473 desumerentur
1061 431 1147 470 fieri
1182 443 1257 470 non
1286 436 1461 483 poterat:
1497 443 1574 482 qua
1604 441 1645 468 re

261 504 445 545 memoria
475 513 608 542 earum
639 499 743 553 apud
772 499 983 551 plerosque
1014 510 1103 538 mox
1134 498 1323 537 exstincta
1353 503 1422 538 est.

919 641 927 648 .
958 612 1026 648 22.

771 684 815 718 Ρ.
840 608 993 719 Rufinus
1018 683 1144 718 Rufus.

373 772 618 821 Adiungatur
657 767 808 808 Scauro
851 768 960 806 annis
999 766 1084 805 fere
1122 769 1208 804 octo
1249 763 1374 802 minor
1411 766 1453 800 Ρ.
1484 763 1651 800 Rutilius

263 841 388 888 Rufus
412 837 493 889 (⁴³¹).
552 836 589 875 Is
626 840 739 886 patre
772 834 973 886 praetorio
1004 837 1115 871 natus
1147 832 1195 870 ab
1226 832 1379 870 ineunte
1410 835 1537 869 aetate
1568 841 1651 868 eam

261 907 409 957 ingenii
443 903 723 956 praestantiam
761 901 975 940 ostendisse
1014 899 1185 946 ridetur,
1225 910 1302 949 qua
1331 910 1477 936 summa
1506 909 1653 936 morum

263 974 487 1024 integritate
522 971 651 1008 iuncta
686 969 747 1007 vir
783 968 908 1006 factus
947 966 1121 1006 omnibus
1160 965 1244 1003 fere
1275 964 1504 1015 aequalibus
1535 975 1653 1015 prae-

263 1041 370 1081 stitit.
429 1037 624 1076 Tribunus
654 1035 800 1086 plebis,
837 1034 882 1073 de
914 1045 989 1085 quo
1021 1032 1253 1082 magistratu
1283 1035 1393 1080 gesto
1425 1031 1548 1082 prImo
1578 1029 1653 1068 ali-

264 1106 357 1159 quid
396 1103 641 1154 accepimus,
686 1107 838 1140 creatus
877 1106 934 1139 est
974 1111 1050 1138 non
1091 1103 1178 1136 ante
1217 1110 1251 1136 a.
1284 1098 1384 1144 639,
1428 1097 1461 1136 si
1500 1097 1653 1148 quidem

264 1174 416 1213 omnino
463 1182 545 1209 eum
590 1170 776 1208 honorem
819 1168 961 1217 gessit3
1007 1177 1106 1205 anuo
1147 1165 1245 1203 enim
1284 1164 1417 1215 priore
1455 1164 1653 1216 repulsam

263 1251 402 1292 passus
434 1242 491 1275 est
509 1234 592 1285 (⁰2).
641 1236 871 1274 Praeturam
909 1233 997 1272 inde
1029 1246 1063 1271 a.
1096 1235 1196 1281 643,
1235 1233 1475 1271 consulatum
1506 1244 1541 1270 a.
1570 1232 1653 1270 649

265 1306 446 1351 obtinuit,
492 1315 575 1342 cum
614 1313 713 1340 anno
752 1305 839 1339 ante
878 1302 916 1338 iu
952 1300 1117 1352 petendo
1158 1304 1362 1351 superatus
1399 1304 1499 1337 esset
1537 1311 1560 1337 a
1594 1298 1651 1338 M.

265 1374 415 1413 Scauro
439 1368 519 1420 (9³³).
579 1369 622 1407 In
660 1380 735 1419 quo
776 1368 1024 1417 magistratu,
1065 1378 1148 1405 cum
1189 1366 1346 1416 collega
1382 1365 1449 1404 Cn.
1487 1364 1653 1403 Mallius

264 1438 461 1479 Maximus
490 1436 640 1485 ingenti
668 1439 801 1484 strage
833 1446 856 1472 a
887 1433 1051 1472 Cimbris
1081 1434 1190 1472 fusus
1221 1437 1341 1479 esset,
1376 1431 1546 1470 iuniores
1576 1431 1654 1469 Ita—

263 1506 342 1544 liae
372 1506 614 1541 sacramento
645 1500 807 1550 adigere
838 1511 862 1537 a
892 1504 1027 1537 senatu
1057 1500 1185 1538 iussus
1213 1499 1273 1537 rei
1302 1503 1429 1537 tamen
1459 1497 1656 1548 gerendae

265 1570 471 1611 occasione
509 1567 645 1606 caruit.
711 1566 809 1605 Tum
845 1566 1009 1617 primum
1044 1570 1080 1604 et
1118 1566 1167 1604 ab
1204 1566 1278 1605 hoc
1316 1564 1474 1604 consule
1509 1565 1656 1603 tirones

266 1644 386 1677 artem
417 1647 526 1674 arma
554 1632 746 1672 tractandi
776 1633 972 1671 arcessitis
1003 1632 1289 1682 gladiatoribus
1321 1631 1503 1671 didicere.

376 1702 570 1742 Plurimas
612 1700 772 1740 virtutes
809 1699 848 1737 in
883 1699 957 1737 hoc
993 1700 1077 1739 viro
1117 1700 1229 1750 quasi
1268 1699 1465 1738 societatis
1501 1698 1656 1738 vinculo

267 1773 416 1811 iunctas
454 1768 575 1806 fuisse
612 1771 784 1806 veterum
819 1765 1040 1803 testimonia
1076 1767 1331 1804 consentiunt.
1390 1766 1519 1805 Fortis
1559 1766 1657 1804 enim

266 1837 372 1877 bello
404 1836 477 1874 fuit
511 1840 547 1874 et
576 1834 652 1871 iam
683 1831 994 1870 adolescentulus
1026 1832 1202 1883 Scipioni
1230 1832 1374 1871 bellum
1411 1831 1459 1870 ad
1486 1832 1656 1871 Numan-

268 1906 358 1943 tIam
383 1902 533 1953 gerenti
557 1899 846 1951 acceptissimus
864 1896 953 1949 (⁹⁴);
979 1910 1123 1950 easque
1143 1910 1205 1937 res
1231 1899 1314 1950 ipse
1340 1899 1531 1948 singulari
1553 1899 1656 1938 libro

269 1970 485 2022 descripsit.
545 1966 793 2015 Adiungebat
823 1978 924 2012 eam,
962 1978 1062 2017 quae
1092 1971 1180 2004 tunc
1211 1971 1314 2013 erat,
1353 1965 1554 2004 literarum
1585 1978 1656 2005 no-

267 2039 402 2077 titiam.
463 2035 614 2085 Quippe
652 2033 748 2072 iuris
778 2034 1033 2084 peritissimus
1066 2038 1167 2079 erat,
1204 2033 1310 2071 euius
1340 2034 1506 2084 peritiae
1537 2033 1656 2072 (locu-

267 2110 394 2143 menta
435 2101 645 2154 praeclara
690 2105 726 2139 et
769 2100 809 2138 in
848 2100 1091 2139 orationibus
1131 2100 1335 2139 exstabant
1379 2106 1415 2139 et
1458 2102 1496 2139 in
1531 2101 1657 2149 libris,

360 2209 419 2252 91)
454 2208 617 2254 Egerunt
647 2209 693 2243 de
727 2207 797 2241 hoc
829 2218 895 2251 per
932 2214 1088 2242 saturam
1118 2207 1226 2243 Voss.
1262 2208 1306 2241 (le
1330 2208 1420 2244 Hist.
1454 2209 1497 2243 L.
1531 2221 1566 2254 p.
1601 2209 1655 2244 39.

270 2273 305 2301 ct
333 2267 378 2300 (le
400 2266 490 2301 Ilist.
517 2265 577 2300 Gr.
605 2277 638 2310 p.
668 2263 742 2298 110.
769 2265 852 2297 item
872 2263 1117 2309 Glanum-pius
1137 2265 1172 2299 in
1194 2263 1447 2307 Onomastic03
1473 2266 1583 2311 paulo
1602 2278 1658 2299 ac-

270 2323 423 2356 curatius
435 2320 666 2355 Wernsdorf.
691 2320 737 2354 ad
757 2320 798 2354 P.
816 2319 858 2355 L.
879 2319 932 2355 M.
960 2321 1032 2354 vol.
1050 2320 1091 2355 V.
1113 2333 1148 2366 p.
1170 2321 1198 2356 l.
1218 2333 1250 2365 p.
1269 2322 1314 2354 ‘28
1332 2333 1407 2366 sqq.
1508 2323 1567 2364 92)
1584 2322 1657 2356 Cic.

269 2378 395 2413 Plane.
411 2376 465 2410 21.
583 2376 642 2420 93)
664 2376 743 2410 I‘Ioe
769 2377 863 2410 enim
888 2376 933 2410 ad
952 2377 1147 2410 secundum
1161 2404 1170 2420 ,
1195 2388 1267 2410 non
1293 2379 1339 2411 acl
1361 2379 1508 2422 primum
1529 2378 1657 2411 Scauri

271 2434 490 2468 consulatum
514 2435 696 2478 pertinere
720 2434 813 2467 bene
835 2433 991 2467 ostendit
1011 2432 1159 2478 Pighius
1185 2439 1206 2467 t.
1232 2433 1291 2468 111.
1312 2446 1345 2479 p.
1365 2434 1437 2469 134.
1480 2434 1567 2468 Cum
1588 2437 1658 2479 pri·

270 2501 362 2524 inum
389 2490 512 2522 consul
531 2490 686 2523 Scaurus
702 2489 785 2531 suit,
812 2489 1002 2523 tribunicia
1023 2493 1100 2523 erat
1115 2489 1237 2523 Rutilii
1256 2495 1366 2525 aetas.
1466 2491 1525 2531 94)
1545 2490 1658 2525 Prae-

271 2547 385 2580 fectus
418 2546 599 2590 Scipionis
634 2558 677 2579 ρο
707 2546 804 2580 bello
838 2546 919 2580 suit:
960 2557 992 2579 v.
1027 2545 1181 2590 Appian.
1211 2545 1315 2593 Ἰβηρ.
1343 2547 1398 2582 88.
1456 2547 1587 2581 Suidas
1620 2559 1655 2583 v.

268 2602 469 2640 Ῥουτίλιος.
519 2601 671 2645 Errant,
696 2608 733 2636 ut
751 2602 997 2636 Schneiderus
1023 2613 1078 2646 ep.
1102 2602 1147 2635 ad
1168 2602 1325 2648 Langer.
1353 2616 1385 2649 p.
1409 2603 1558 2639 XXVII.
1580 2615 1657 2638 eam

272 2659 430 2693 militiam
455 2658 645 2693 tribunicio
673 2659 809 2695 Rutilio
843 2659 1086 2704 assignantes,
1114 2659 1214 2703 quasi
1238 2659 1308 2694 iam
1333 2671 1364 2696 a.
1386 2659 1463 2695 016.
1491 2671 1570 2695 eum
1595 2659 1657 2694 ho-

271 2726 393 2751 norem
420 2715 582 2759 gesserit.
