1835 3126
0 163 3 241 l
364 193 563 237 ssssssvls
593 190 988 245 ELOQUENTIAE
1019 191 1156 236 Rom.
1186 191 1329 235 uls'r.
1456 194 1539 238 εει

150 309 277 350 monio
307 313 395 348 sunt
426 308 624 348 orationes
654 307 698 345 de
724 307 954 346 Macedonia
988 307 1180 346 liberanda
1207 304 1298 358 (³⁰),
1336 319 1405 356 pro
1435 307 1542 344 Rho-

146 376 354 424 dtenstbus,
379 375 487 415 cuius
513 386 657 426 magna
676 386 770 427 pars
790 373 894 426 apud
913 374 1078 414 Gellium
1102 379 1228 414 exstat
1243 371 1334 425 (³¹),
1361 373 1404 411 de
1415 373 1542 411 Ptole-

147 456 252 482 maeo
284 446 425 481 nztnore
441 439 531 492 (³2),
562 442 605 479 de
633 442 796 480 Achaeis
811 438 904 492 (3³),
935 442 978 479 de
1008 442 1101 480 bello
1138 436 1539 491 Carthayiaettenst(³⁴).

258 509 337 550 Sed
374 509 559 561 quicquid
597 509 670 549 illa
699 514 828 549 aetate
857 509 1059 549 literarum
1089 508 1274 549 Romanis
1305 508 1540 555 innotuerat,

145 576 185 616 id
211 576 308 617 Cato
335 576 626 627 indefatigabili
651 576 777 617 studio
803 577 980 629 arripuit.
1022 577 1121 616 Huic
1143 576 1242 615 enim
1263 575 1539 621 Romanorum,

145 644 180 682 si
204 644 431 684 Ciceronem
456 645 679 697 exceperis,
702 644 786 683 fere
808 644 875 683 uni
899 644 1082 694 contigit,
1108 648 1169 691 ut,
1194 655 1277 682 cum
1302 643 1540 682 Graec-arum

143 710 345 750 literarum
382 712 432 752 ad
472 718 704 753 senectutem
738 723 861 763 usque
902 711 1039 750 suisset
1081 722 1240 762 expers,
1278 714 1406 748 tamen
1435 712 1539 747 artes

145 789 278 817 omnes
309 779 482 830 tetigerit
511 786 548 820 et
576 779 759 834 quicquid
789 778 983 828 tetigisset
1007 777 1122 815 etiam
1146 776 1355 815 ornaverit.
1401 774 1540 826 ltaque

143 844 230 884 Ser.
270 844 420 884 Galbae
455 847 513 885 M.
536 847 705 885 Antonio
745 844 913 894 aliisque
948 842 1126 893 plurimis
1169 841 1289 890 longe
1329 841 1538 891 praestitit,

143 910 211 960 qui
241 915 402 961 propter
431 916 598 950 aetatem
628 911 748 960 longe
775 908 979 948 faciliores
1010 907 1060 946 ad
1088 907 1225 946 literas
1257 917 1437 945 accessus
1466 906 1538 944 ha-

141 976 275 1015 bentes
310 981 436 1016 tamen
475 982 541 1016 aut
575 977 814 1028 ignorabant
843 987 909 1014 eas
942 979 1008 1014 aut
1037 973 1168 1013 dedita
1199 984 1322 1025 opera
1349 984 1539 1024 asperna-

139 1043 293 1082 bantur.
352 1043 495 1084 Rerum
530 1044 629 1084 enim
665 1045 713 1083 ab
744 1043 892 1083 Italicis
922 1041 1102 1093 populis,
1142 1041 1309 1079 maxime
1339 1039 1539 1087 Romanis,

140 1114 339 1160 gestarum
382 1116 626 1150 monumenta
672 1110 876 1161 Originum
919 1109 1032 1147 libris
1076 1107 1259 1158 collegit,
1311 1118 1409 1158 quos
1453 1106 1540 1145 iure

140 1177 353 1230 principem
381 1177 510 1218 locum
539 1178 577 1216 in
604 1177 825 1229 antiquiore
846 1176 1110 1216 Romanorum
1133 1174 1300 1214 historia
1324 1173 1539 1212 obtinuisse

139 1249 294 1296 putant3
333 1244 380 1284 de
416 1256 460 1284 re
498 1244 660 1284 militari
701 1245 827 1297 perite
864 1243 1070 1295 scripsisse
1104 1241 1292 1291 Vegetius
1319 1237 1393 1290 (35)
1425 1239 1538 1279 docet

139 1323 269 1350 rerum
306 1312 550 1360 militarium,
590 1311 727 1364 quales
765 1316 855 1351 tunc
886 1310 1048 1357 fuerint,
1086 1309 1262 1348 notitiam
1292 1319 1378 1347 sese
1408 1307 1457 1346 ab
1490 1317 1536 1346 eo

140 1380 350 1430 sumpsisse
374 1384 559 1426 testatus3
595 1379 808 1418 oratoriam
833 1383 954 1418 artem
977 1378 1240 1417 Romanorum
1266 1375 1413 1427 primus
1441 1385 1536 1425 ape-

139 1445 217 1484 ruit
248 1457 319 1484 nec
357 1445 528 1485 sortasse
564 1446 623 1485 M.
660 1446 851 1493 Antonio,
893 1445 959 1497 qui
1001 1444 1133 1484 seculo
1172 1447 1261 1495 post
1299 1442 1393 1488 fuit,
1435 1440 1535 1479 infe-

140 1512 222 1550 rius
244 1508 332 1561 (3⁶);
369 1512 550 1563 peritiam
586 1512 646 1551 rei
680 1513 852 1551 rusticae
883 1523 1066 1550 summam
1095 1516 1132 1550 et
1167 1507 1377 1560 antiquitas
1413 1507 1535 1546 omnis

141 1578 177 1617 ci
208 1578 342 1617 tribuit
372 1583 409 1617 et
436 1578 538 1618 liber
565 1590 665 1617 nunc
696 1579 821 1618 adhuc
852 1577 1072 1624 confirmat3
1114 1573 1294 1615 libellum
1321 1573 1368 1613 de
1396 1573 1534 1612 liberis

140 1645 349 1684 educandis
379 1645 515 1684 Festus
555 1645 683 1684 multis
712 1646 810 1685 locis
848 1648 1144 1696 commemorat;
1184 1652 1340 1681 carmen
1374 1640 1422 1680 de
1451 1652 1535 1679 mo-

139 1712 268 1760 ribus,
299 1711 403 1764 quod
431 1712 532 1751 idem
561 1717 856 1764 praeceptorum
887 1710 937 1749 ad
966 1710 1086 1749 filium
1112 1719 1250 1748 nomen
1281 1712 1318 1747 et
1344 1706 1534 1746 orationis

230 1830 290 1873 30)
316 1829 406 1864 Post
425 1830 564 1864 Persen
590 1841 712 1876 regem
741 1831 889 1871 victum,
914 1840 947 1862 V.
966 1828 1045 1863 Liv.
1068 1827 1180 1862 XLV.
1207 1827 1257 1862 17.
1305 1825 1533 1860 Memoratur

140 1885 335 1930 Spartiano
370 1885 405 1919 in
431 1885 616 1921 Hadriano
642 1887 674 1921 5.
718 1886 833 1921 Prisc.
858 1885 931 1919 vol.
958 1884 984 1920 Ι.
1017 1897 1050 1930 p.
1080 1884 1155 1918 108.
1178 1883 1223 1918 Κ.
1342 1882 1401 1925 31)
1438 1882 1533 1916 Gen.

139 1941 218 1976 Vll.
245 1941 278 1976 3.
327 1940 470 1976 Bellum
495 1942 647 1978 Rhodiis
681 1942 859 1983 instabat,
895 1942 989 1986 quod
1021 1941 1162 1975 Persen
1195 1941 1304 1975 tacite
1336 1940 1532 1974 iuvissent:

137 1997 172 2032 id
194 1998 362 2032 dissuasit
382 1997 472 2033 Cato
493 2004 529 2033 et
548 1999 713 2044 pervicit.
828 1998 889 2041 32)
911 1997 1002 2032 Gen.
1022 1997 1154 2032 xvtn.
1174 1997 1204 2033 9.
1233 1997 1314 2031 XX.
1337 1996 1389 2031 11.
1416 1994 1532 2029 Prisc.

138 2054 211 2089 vol.
239 2053 264 2088 1.
298 2066 333 2099 p.
361 2054 436 2090 108.
462 2055 507 2090 K.
557 2055 667 2090 Dicta
699 2056 817 2090 oratio
849 2067 881 2089 a.
908 2054 987 2089 59¹.
1036 2054 1271 2088 Ptolemaeus
1304 2051 1532 2087 Philometor

137 2123 160 2145 a
183 2111 356 2144 Romanis
380 2111 508 2156 legatis
533 2112 568 2145 in
593 2122 742 2157 regnum
768 2112 951 2145 restitutus
977 2110 1114 2153 fuerat,
1146 2121 1295 2154 quorum
1321 2114 1400 2143 erat
1426 2114 1533 2143 vetus

138 2167 285 2202 Catonis
305 2167 465 2201 inimicus
479 2167 664 2204 Thermus.
782 2167 840 2209 33)
858 2166 1053 2201 Exsulibus
1072 2165 1314 2207 restituendis,
1331 2164 1424 2198 Gell.
1440 2163 1483 2197 ΙΙ.
1497 2163 1531 2198 6.

137 2224 198 2265 34)
224 2235 256 2257 a.
273 2223 341 2257 605
365 2222 500 2257 habita.
548 2223 645 2258 Non.
672 2234 707 2258 v.
735 2223 999 2257 calltscerunt.
1039 2221 1130 2255 Gell.
1152 2220 1214 2254 IX.
1237 2220 1289 2254 14.
1317 2225 1353 2253 et
1375 2219 1532 2253 sortasse

137 2278 198 2313 111.
223 2279 272 2313 14.
298 2279 382 2312 item
408 2279 554 2313 Solinus
580 2290 608 2312 c.
627 2278 681 2313 30.
801 2278 860 2321 35)
887 2277 976 2321 Veg.
997 2276 1023 2309 1.
1043 2277 1075 2310 8.
1103 2276 1147 2310 cf.
1172 2276 1267 2309 Plin.
1287 2273 1401 2320 praef.
1418 2274 1463 2309 H.
1479 2272 1528 2310 N.

139 2335 232 2370 Gell.
258 2333 338 2368 VH.
362 2335 393 2368 4.
511 2333 569 2376 36)
596 2333 744 2371 Quintil.
771 2333 832 2368 111.
861 2333 902 2375 l,
929 2332 979 2367 19.
1028 2331 1120 2366 Hinc
1151 2331 1255 2366 fluxit
1279 2329 1444 2365 definitio
1469 2330 1531 2364 illa

138 2391 314 2433 oratoris,
351 2396 388 2424 ut
420 2390 465 2425 sit
493 2391 550 2424 vir
574 2390 691 2425 bonus
716 2390 858 2424 dicendi
888 2389 1044 2435 peritus,
1080 2399 1185 2433 quam
1210 2388 1324 2422 omnis
1348 2392 1450 2421 aetas
1475 2397 1530 2420 se-

138 2459 251 2492 quens
283 2458 461 2481 consensu
493 2447 651 2491 recepit:
684 2459 719 2482 v.
746 2446 1006 2484 Quintilianum
1038 2444 1198 2489 pluribus
1231 2443 1339 2486 locis,
1370 2443 1529 2477 Plinium

137 2504 183 2538 de
199 2515 265 2538 sua
289 2509 325 2537 et
338 2502 513 2537 Herennii
527 2504 743 2538 Senecionis
764 2502 942 2538 sententia
962 2513 1043 2547 epp.
1059 2500 1121 2535 IV.
1140 2500 1212 2543 10„
1237 2500 1383 2536 Curium
1400 2499 1528 2534 Fortu-

137 2560 321 2594 natianum
347 2565 412 2594 art.
435 2559 525 2595 rhet.
549 2559 662 2594 schol.
680 2559 706 2597 1.
732 2571 768 2605 p.
785 2559 830 2593 53
856 2559 1107 2604 Capperonn.,
1132 2556 1260 2592 Isidor.
1280 2556 1385 2602 Hisp.
1404 2553 1527 2601 Origg.

138 2614 181 2650 ll.
201 2615 234 2650 3.
351 2615 410 2658 37)
437 2616 592 2653 Nonius
616 2629 651 2653 v.
675 2629 770 2652 assa
791 2627 904 2657 voce,
933 2627 968 2662 p.
988 2615 1041 2649 77.
1061 2613 1177 2649 Merc.
1203 2614 1334 2648 librum
1350 2611 1529 2647 Varronis

137 2677 396 2707 commemorat
419 2674 569 2710 Catonis
593 2675 740 2710 nomine
764 2674 918 2715 dictum3
955 2671 1050 2706 hunc
1077 2670 1182 2717 igitur
1209 2670 1339 2705 iniuria
1365 2668 1443 2715 quis
1471 2666 1529 2702 hic

138 2731 390 2764 antestaretur.
