1835 3126
253 182 337 225 44
464 175 660 220 BREVIS
689 173 1083 227 ELOQUENTIAE
1114 175 1248 220 ROM.
1278 176 1421 219 HIST.

254 298 332 332 tum
360 291 432 330 illa
459 294 567 329 aetas
595 293 632 328 et
660 287 730 327 ille
758 287 905 338 cultus,
936 301 1012 340 quo
1043 294 1132 330 tunc
1146 290 1312 331 Romani
1333 291 1394 329 usi
1417 295 1523 338 sunt,
1547 302 1639 343 per-

254 358 471 404 mittebant3
493 355 662 408 prudens
679 355 898 404 sententiis,
925 356 1086 406 grandIs
1102 357 1250 404 verbis,
1268 357 1420 396 actione
1436 358 1638 397 vehemens

255 429 291 464 et
319 423 369 462 ad
400 421 606 463 movendos
640 421 787 460 animos
818 421 1021 461 admodum
1056 422 1218 462 idoneus
1243 421 1348 474 (⁷¹²³).
1407 422 1641 462 Horridiora

254 489 445 542 quaedam
484 489 565 528 eius
607 488 729 527 fuisse
763 488 886 528 verba
923 492 960 527 et
993 488 1041 527 ab
1076 489 1263 528 orationis
1301 489 1508 528 struendae
1543 490 1639 528 arti-

253 557 341 597 ficio
371 562 459 596 tunc
488 556 623 606 ignoto
653 554 785 594 aliena
813 554 991 606 pluribus
1020 554 1118 594 locis
1149 555 1344 606 significat
1374 555 1524 596 Cicero.

908 695 915 703 .
948 666 1014 704 21.

562 740 605 776 L.
634 740 733 775 Piso.
784 739 823 774 C.
851 662 1019 773 annius.
1067 738 1121 774 M.
1147 740 1313 774 Scaurus.

366 824 460 863 Post
492 821 535 862 C.
567 821 733 862 Gracchi
760 832 892 860 necem
918 825 960 860 ut
988 821 1192 873 popularis
1223 825 1260 860 et
1288 821 1474 860 nobilium
1500 820 1642 860 factio-

254 891 312 929 nis
345 889 605 929 dissensiones
645 893 966 940 componerentur
1007 893 1153 927 tantum
1189 888 1345 936 aberat,
1387 893 1429 926 ut
1462 887 1640 926 incendio

255 968 339 996 cum
375 961 458 995 arte
493 960 571 994 tum
599 956 638 995 vi
666 956 705 994 in
739 955 899 1006 aliquod
930 960 1077 1006 tempus
1104 955 1287 994 restincto
1316 966 1406 993 mox
1433 954 1643 993 violentior

251 1023 422 1074 undique
444 1023 596 1061 flamma
617 1026 847 1073 erumperet.
893 1021 942 1061 Et
964 1033 1095 1060 eorum
1120 1021 1291 1072 quidem,
1317 1021 1383 1072 qui
1406 1019 1448 1059 G.
1467 1019 1641 1059 Graccho

254 1094 475 1129 constanter
503 1088 699 1128 adversati
729 1092 885 1126 senatus
915 1088 1183 1126 auctoritatem
1213 1092 1249 1126 et
1276 1086 1422 1125 aerarii
1443 1085 1643 1125 commoda

254 1161 390 1196 contra
410 1160 638 1195 novatorum
661 1153 789 1192 studia
811 1158 847 1193 et
870 1154 1103 1204 largitiones
1130 1153 1438 1193 constantissime
1459 1152 1642 1191 defende-

253 1228 362 1270 runt,
398 1222 677 1262 vetustissimus
712 1225 769 1259 est
798 1223 843 1257 L.
877 1220 1101 1270 Calpmmtus
1130 1223 1219 1258 Piso
1251 1223 1366 1269 Frnyt
1398 1220 1500 1270 legis
1527 1230 1641 1271 repe-

253 1290 457 1330 tundarum
485 1294 642 1334 auctor;
681 1288 747 1338 qui
776 1287 1017 1326 consulatum
1047 1299 1083 1325 a.
1110 1289 1188 1326 621
1223 1287 1362 1337 gessit,
1391 1298 1528 1325 censor
1558 1297 1642 1325 cum

255 1357 301 1406 Q.
331 1356 495 1396 Metello
524 1354 733 1394 Balearico
772 1354 846 1393 fuit
880 1367 915 1393 a.
944 1355 1038 1393 634.
1094 1354 1131 1393 Is
1172 1354 1311 1392 multas
1342 1354 1471 1403 egisse
1501 1365 1640 1392 causas

254 1423 472 1473 multasque
529 1421 643 1459 etiam
695 1421 784 1459 aliis
839 1421 1035 1459 orationes
1087 1421 1291 1471 scripsisse
1334 1421 1484 1467 fertur,
1540 1432 1640 1470 quae

255 1489 455 1529 Ciceronis
500 1491 627 1525 aetate
670 1491 927 1533 evanuerant;
963 1486 1123 1537 reliquit
1152 1487 1266 1525 etiam
1296 1486 1457 1524 annales
1488 1487 1642 1526 exiliter

255 1556 421 1608 scriptos
448 1551 556 1604 (ω’).
615 1552 687 1592 Hic
727 1564 811 1592 cum
848 1552 986 1591 multas
1015 1553 1126 1603 leges
1156 1554 1324 1594 suaserit
1352 1553 1640 1602 dissuaseritve,

344 1684 383 1716 71
397 1684 432 1725 a)
459 1682 530 1716 Cic.
549 1681 653 1717 Brut.
672 1683 734 1725 38,
754 1682 828 1716 1⁴26.
865 1682 959 1717 Plut.
982 1682 1034 1718 Ti.
1054 1683 1220 1717 Graccho
1241 1684 1273 1719 2.
1315 1683 1493 1729 Magister
1512 1683 1641 1718 Mene-

253 1742 329 1774 laus
354 1738 614 1780 Marathenus,
639 1751 673 1772 v.
702 1739 775 1772 Cic.
796 1737 896 1771 Brut.
918 1738 983 1780 26,
1008 1740 1086 1774 100.
1136 1740 1284 1776 Quanta
1309 1751 1397 1773 cura
1423 1741 1497 1774 eius
1523 1740 1640 1783 fuerit,

255 1802 293 1830 ut
311 1806 403 1830 voce
428 1800 589 1828 uteretur
609 1806 743 1828 canora
770 1800 805 1828 et
830 1794 875 1828 ad
896 1805 968 1827 rem
986 1801 1088 1839 apta,
1117 1796 1161 1828 de
1181 1795 1383 1829 fistulatore
1403 1797 1477 1829 eius
1498 1796 1638 1830 Licinio

254 1852 412 1897 Erycino
440 1851 600 1884 narratio
629 1851 735 1885 docet
764 1850 860 1895 apud
885 1850 956 1884 Cic.
983 1851 1027 1884 de
1053 1849 1119 1886 Or.
1145 1850 1204 1884 111.
1228 1851 1293 1893 60,
1319 1851 1416 1893 2254
1455 1852 1547 1886 unde
1574 1865 1639 1886 sua

255 1909 450 1942 hauserunt
483 1906 632 1943 Quintil.
661 1906 684 1940 1.
714 1906 770 1947 lt),
796 1906 851 1940 27.
894 1907 974 1940 Val.
1000 1907 1102 1942 Max.
1130 1907 1224 1940 Vlll.
1253 1908 1312 1949 10,
1339 1907 1368 1942 l.
1412 1908 1503 1942 Gell.
1532 1908 1554 1943 1.
1584 1909 1636 1943 ll.

256 1964 295 1998 ln
322 1963 553 1997 vehementia
579 1963 732 1997 Gracchi
756 1961 920 1995 laudibus
950 1963 1110 1996 tollenda
1135 1964 1206 1997 Cic.
1231 1964 1274 1997 de
1296 1962 1361 1998 Or.
1388 1963 1449 1997 111.
1473 1965 1535 2006 56,
1560 1965 1637 2000 214.

256 2032 335 2054 cum
361 2020 491 2052 iudicio
516 2020 613 2064 vulgi
639 2019 844 2063 conspirat,
873 2020 970 2052 cuius
992 2019 1096 2052 etiam
1123 2019 1261 2053 Gellius
1285 2020 1329 2053 X.
1355 2020 1386 2054 3.
1416 2026 1450 2054 et
1470 2020 1640 2064 Apuleius

253 2079 361 2123 Apol.
384 2090 415 2122 p.
434 2077 510 2110 551.
539 2080 648 2109 testes
674 2080 836 2116 exstant,
861 2075 927 2108 etsi
953 2075 1012 2108 ille
1030 2076 1203 2110 Catonem
1227 2081 1388 2110 veterem
1414 2076 1447 2110 iu
1467 2077 1640 2112 similibus

254 2135 342 2168 locis
369 2131 562 2167 tractandis
589 2131 839 2164 nervosiorem
865 2131 982 2164 videri
1008 2143 1080 2164 non
1108 2131 1289 2165 diffitetur.
1339 2132 1457 2166 Etiam
1485 2134 1640 2177 scriptor

253 2190 386 2233 dialogi
413 2189 457 2222 de
478 2187 684 2221 oratoribus
706 2197 734 2218 c.
753 2185 807 2220 26.
837 2186 1100 2221 vehementiam
1121 2188 1274 2222 Gracchi
1297 2189 1521 2230 calamistris,
1547 2200 1638 2233 quae

255 2247 317 2280 illa
350 2250 469 2279 aetate
502 2242 598 2288 apud
624 2242 794 2286 plurimos
821 2242 1013 2287 vigebant,
1049 2244 1157 2290 longe
1184 2244 1460 2288 praeferendam
1493 2245 1637 2281 iudicat.

255 2301 503 2336 Amaritudine
541 2305 576 2333 et
610 2299 800 2331 dicacitate
835 2299 943 2344 longe
982 2311 1107 2334 omnes
1141 2300 1312 2344 aequales
1340 2312 1531 2344 superasse
1556 2301 1640 2335 Plu-

257 2357 399 2392 tarchus
424 2354 581 2389 affirmat
606 2367 633 2387 c.
660 2355 691 2388 4.
719 2355 894 2400 exemplis
920 2367 942 2388 a
965 2368 1004 2389 se
1030 2356 1179 2400 prolatis
1204 2357 1334 2389 similia
1360 2357 1470 2390 multa
1503 2357 1537 2389 iu
1564 2358 1639 2391 eius

256 2413 397 2458 scriptis
418 2411 641 2456 deprehendi
663 2415 822 2445 testatus.
852 2411 926 2445 Sed
947 2412 1218 2456 componendae
1238 2418 1273 2445 et
1292 2412 1487 2445 struendae
1507 2413 1640 2446 oratio-

256 2471 311 2503 nis
336 2480 407 2503 non
428 2468 539 2512 magis
561 2478 663 2510 quam
678 2468 767 2501 Cato
791 2468 926 2511 peritus
947 2473 1042 2508 erat3
1069 2480 1103 2502 v.
1125 2468 1197 2503 Cic.
1221 2466 1285 2502 Or.
1306 2468 1360 2509 70,
1381 2468 1457 2503 ⁴233.
1476 2481 1483 2501 :
1511 2480 1580 2512 qua
1599 2481 1639 2503 re

257 2526 363 2559 etiam
397 2524 534 2557 Gellius
569 2522 631 2557 Xl.
662 2523 712 2555 13.
749 2522 978 2557 artificiosius
1011 2535 1114 2568 quam
1150 2536 1215 2568 pro
1256 2525 1317 2557 illa
1351 2530 1471 2558 aetate
1504 2531 1640 2559 structa

255 2582 371 2616 verba
401 2580 450 2614 illi
476 2580 601 2623 elapsa
630 2580 789 2613 miratur.
839 2578 1074 2613 Gracchanae
1104 2581 1293 2614 contiones
1324 2582 1431 2614 etiam
1465 2580 1640 2615 Frontoni

260 2637 378 2671 tritae:
408 2647 440 2669 v.
469 2646 550 2680 epp.
574 2634 617 2669 ll.
644 2635 670 2669 l.
697 2635 743 2669 ad
763 2634 816 2670 M.
840 2636 1034 2670 Caesarem
1060 2642 1096 2670 et
1120 2636 1143 2670 1.
1166 2637 1198 2671 2.
1226 2637 1271 2669 ad
1290 2637 1506 2670 Antoninum
1526 2637 1636 2682 Aug.;

259 2693 339 2736 quin
352 2692 549 2737 Augustino
561 2691 690 2727 Praec.
702 2691 822 2728 Rhett.
838 2704 872 2738 p.
883 2692 958 2727 327.
970 2693 1079 2738 Capp.
1181 2692 1217 2727 71
1231 2693 1266 2736 b)
1289 2694 1362 2729 Cic.
1378 2692 1479 2728 Brut.
1491 2692 1547 2734 27,
1562 2692 1637 2728 106.
