1835 3126
4 1802 21 3045 ’ἐᾷ-,μω

336 180 533 224 BREVIS
564 180 960 233 ELOQUENTIAE
990 182 1125 228 ROM.
1153 183 1296 227 HIST.
1428 187 1512 232 49

121 306 216 348 quos
254 295 301 335 de
339 295 423 335 iure
460 295 672 347 scripserat
695 291 789 347 (⁹⁵):
836 296 996 337 dederat
1034 299 1133 338 enim
1171 311 1258 339 sese
1296 299 1339 339 P.
1377 299 1512 340 Mucio

118 363 336 416 Scaevolae
366 361 536 414 pontifici
568 363 735 403 maximo
768 364 808 402 in
838 364 921 404 iure
953 364 1215 406 erudiendum.
1259 366 1407 406 Deinde
1429 379 1514 407 cum

120 428 368 468 iniustissimo
398 428 541 468 iudicio
572 430 611 468 in
644 431 824 470 exsilium
855 431 989 483 pulsus
1021 438 1142 480 esset,
1175 433 1293 472 otium
1325 434 1514 486 Smyrnae

118 495 243 535 literis
267 496 492 543 oblectavit3
525 498 803 550 consenuitque
827 509 911 537 cum
935 510 980 538 eo
1008 499 1216 538 familiaris
1237 502 1514 551 grammaticus

116 563 300 602 Aurelius
333 563 485 616 Opilius
503 560 584 615 (ΨΒ).
637 565 851 605 Praeterea
882 571 918 604 et
951 566 1098 605 Graece
1130 567 1286 619 scripsit
1312 568 1513 616 historiae,

115 635 157 669 ut
185 630 356 680 videtur,
386 631 587 672 Romanae
617 638 767 684 partem
784 631 852 683 (9⁷)
885 639 921 672 et
943 634 1082 673 Latine
1112 634 1228 672 vitam
1259 646 1368 673 suam
1396 646 1513 687 prae-

116 699 342 737 stantiorem
381 710 475 738 sane
513 699 688 738 veritatis
718 699 852 746 laude,
885 712 999 750 quam
1029 700 1171 739 Scauri
1187 698 1271 750 (²⁸⁸).
1330 701 1410 741 Nec
1441 702 1512 741 ab-

114 765 266 804 horruit
296 778 320 804 a
350 766 611 806 severioribus
643 766 791 805 studiis.
837 766 935 804 Erat
965 766 1064 804 enim
1088 766 1283 816 perfectus
1306 768 1345 805 in
1369 768 1513 807 Stoicis

115 832 419 883 Panaetiumque
465 832 693 880 magistrum
733 831 929 882 Scipionis
972 830 1181 870 familiaris
1227 832 1285 870 sui
1332 833 1512 885 exemplo

113 896 346 948 hab11it(⁹⁹).
389 898 478 936 Iure
506 897 627 947 igitur
656 898 756 936 hunc
785 897 825 935 in
854 897 949 937 viris
979 897 1146 936 literatis
1170 898 1301 949 posuit
1323 899 1513 947 Lucilius,

113 964 252 1016 quibus
283 975 325 1003 se
355 964 527 1002 scribere
553 963 725 1014 negabat
748 969 901 1003 saturas
925 976 1015 1003 suas
1041 964 1266 1004 Tarentinis
1291 970 1328 1005 et
1350 966 1512 1005 Bruttiis

111 1031 329 1070 hominibus
360 1030 514 1070 incultis
545 1030 733 1081 legendas
758 1030 954 1070 destinans
971 1028 1071 1081 (3⁰⁰).
1119 1031 1199 1072 Sed
1222 1031 1378 1072 laudem
1407 1033 1513 1073 haud

110 1098 230 1150 paulo
261 1099 447 1137 maiorem
478 1097 553 1136 sibi
583 1097 752 1137 Rutilius
781 1098 934 1152 peperit
963 1109 1111 1137 morum
1141 1099 1287 1150 insigni
1315 1100 1513 1152 probitate

112 1169 149 1203 et
170 1165 288 1204 animi
310 1165 546 1214 integritate.
591 1164 699 1203 Nihil
722 1165 821 1204 enim
851 1176 897 1204 eo
914 1165 998 1205 viro
1017 1166 1209 1214 sanctius,
1235 1166 1332 1205 nihil
1355 1167 1510 1206 iustius:

111 1244 190 1284 qua
228 1232 275 1271 de
304 1243 348 1271 re
376 1232 462 1271 iure
501 1231 716 1284 exemplum
751 1232 996 1271 innocentiae
1034 1237 1197 1272 vocatur
1228 1232 1409 1273 Ciceroni
1434 1231 1511 1284 (¹),

111 1298 171 1339 vir
200 1311 277 1339 non
307 1299 366 1338 sui
392 1298 532 1346 seculi,
562 1298 631 1338 sed
661 1299 783 1338 omnis
815 1299 902 1339 aevi
934 1299 1100 1351 optimus
1122 1295 1277 1340 Velleio
1296 1297 1374 1351 (²).
1420 1300 1511 1349 Sed,

112 1377 214 1417 quae
250 1371 334 1405 erat
363 1366 436 1405 illa
467 1370 595 1405 aetate
625 1366 685 1404 rei
713 1366 896 1418 publicae
927 1365 976 1405 ad
1008 1367 1166 1406 exitium
1195 1367 1393 1417 vergentis
1419 1379 1511 1419 per-

111 1444 227 1472 versa
257 1432 443 1480 conditio,
476 1433 717 1472 acerbiorem
751 1445 866 1484 quam
895 1433 1122 1484 nequissimi
1152 1438 1296 1472 sortem
1325 1439 1511 1486 tanquam

111 1499 356 1539 innocentiae
399 1511 494 1538 suae
535 1499 748 1551 praemium
798 1504 980 1550 expertus
1026 1504 1095 1539 est.
1177 1499 1272 1538 Cum
1321 1500 1420 1540 enim
1470 1501 1511 1540 in

112 1566 316 1606 consulatu
360 1565 524 1618 petendo
569 1565 767 1617 repulsam
808 1565 962 1605 tulisset
1006 1570 1043 1604 et
1086 1565 1235 1605 frustra
1280 1566 1327 1606 de
1364 1567 1510 1607 ambitu

110 1633 347 1685 postulasset
392 1632 635 1683 designatum
680 1633 968 1684 competitorem
1007 1631 1217 1679 Scaurum,
1263 1633 1312 1671 ab
1358 1633 1433 1673 hoc
1469 1634 1510 1672 in

110 1698 211 1739 idem
248 1700 431 1740 iudicium
470 1704 528 1739 est
564 1704 745 1746 vocatus,
791 1710 862 1737 nec
891 1697 1041 1737 modice
1070 1698 1314 1750 periclitatus
1344 1699 1509 1747 videtur,

111 1767 145 1805 si
174 1767 326 1818 quidem
356 1768 396 1805 in
426 1765 674 1804 accusatione
703 1764 933 1816 repellenda
963 1764 1084 1803 multa
1107 1775 1230 1816 opera
1256 1769 1294 1804 et
1316 1765 1510 1805 industria

109 1833 230 1872 fuisse
254 1832 455 1873 Ciceronis
479 1831 609 1871 verbis
634 1836 815 1871 testatum
834 1832 1020 1871 habemus
1039 1827 1119 1881 (3).
1165 1832 1304 1882 Longe
1327 1832 1507 1884 pluribus

108 1898 345 1938 documentis
388 1898 435 1938 de
476 1898 620 1938 iudicio
658 1898 960 1952 repetundarum
991 1903 1159 1948 constat,
1199 1910 1275 1952 quo
1307 1900 1508 1952 publicani

198 2040 259 2084 95)
294 2041 367 2076 Cic.
401 2040 506 2077 Brut.
532 2041 595 2085 30,
632 2041 708 2077 114.
753 2041 798 2076 de
826 2039 890 2077 Or.
926 2041 949 2076 1.
975 2041 1038 2086 53,
1063 2041 1140 2078 227.
1188 2039 1259 2077 Off.
1287 2041 1348 2078 llI.
1378 2043 1418 2085 2,
1453 2042 1507 2077 10.

107 2096 166 2141 96)
188 2097 340 2132 Sueton.
358 2098 402 2132 de
416 2099 542 2134 illustr.
561 2110 612 2145 gr.
630 2099 663 2134 6.
692 2098 927 2144 Symmachus
943 2110 1025 2144 epp.
1043 2098 1069 2134 Ι.
1086 2098 1140 2133 22.
1259 2098 1319 2141 97)
1345 2098 1507 2133 Numan-

56 2150 58 2152 *
107 2154 219 2188 tinum
243 2154 377 2188 bellum
401 2167 422 2189 a
446 2155 582 2189 Rutilio
608 2156 813 2200 expositum
838 2155 939 2188 testis
959 2155 1146 2199 Appianus
1172 2160 1225 2187 est
1250 2154 1272 2188 l.
1293 2166 1322 2190 c.
1373 2154 1504 2188 Roma-

107 2221 189 2244 nam
223 2210 408 2245 historiam
442 2211 583 2245 Graece
616 2210 803 2255 scripsisse
836 2210 943 2244 (locet
966 2209 1175 2243 Athenaeus
1209 2208 1272 2244 lV.
1301 2221 1336 2255 p.
1369 2209 1445 2244 168.
1471 2221 1503 2245 e.

109 2266 152 2301 cf.
174 2266 236 2300 Vl.
262 2279 296 2312 p.
317 2266 395 2302 274.
419 2278 447 2301 c.
566 2266 625 2309 98)
654 2266 837 2301 Charisius
863 2266 980 2300 locum
1008 2277 1054 2299 ex
1079 2265 1172 2299 libi-o
1197 2266 1321 2309 quinto
1349 2271 1505 2300 antesta-

108 2329 164 2357 tur
182 2335 216 2368 p.
237 2323 313 2358 112.
432 2323 492 2366 99)
518 2322 591 2359 Cic.
613 2321 684 2357 Off.
706 2322 727 2357 1.
749 2334 778 2358 c.
812 2322 918 2357 Brut.
936 2322 958 2357 l.
978 2334 1007 2356 c.
1058 2321 1132 2355 Sed
1159 2333 1237 2355 cum
1254 2321 1300 2359 Q.
1322 2321 1506 2357 Scaevola

108 2386 143 2413 et
168 2379 213 2417 Q.
241 2379 434 2414 Tuberone
457 2379 620 2413 Africani
651 2380 790 2413 sororis
817 2377 896 2413 filio
922 2378 1094 2413 Rutilium
1122 2379 1229 2412 etiam
1260 2378 1336 2413 vita
1362 2379 1502 2413 unicum

107 2435 216 2470 fuisse
241 2436 445 2471 Stoicorum
470 2435 682 2481 placitorum
707 2435 985 2470 observatorem
1007 2434 1217 2469 Athenaeus
1241 2433 1303 2470 VI.
1331 2446 1366 2480 p.
1388 2435 1456 2469 274
1472 2447 1504 2470 c.

107 2491 274 2528 affirmat.
396 2491 478 2534 300)
513 2490 584 2526 Cic.
620 2491 697 2527 Fin.
731 2491 756 2526 Ι.
791 2494 831 2535 3,
861 2493 889 2525 7.
934 2492 1026 2538 Rep.
1063 2490 1089 2527 1.
1123 2491 1156 2527 8.
1205 2490 1392 2526 Memoria
1426 2493 1503 2526 eius

108 2549 205 2593 apud
235 2548 411 2583 Isidorum
442 2554 588 2582 servata
619 2555 673 2583 est
707 2547 832 2595 Origg.
859 2548 938 2583 XX.
967 2548 1037 2589 ll.;
1072 2548 1137 2583 sed
1169 2548 1280 2582 vitam
1306 2548 1501 2594 Scipionis,

109 2611 145 2638 ut
172 2604 358 2639 Fabricius
389 2605 506 2638 locum
531 2605 688 2640 correxit
712 2605 808 2640 Bibl.
835 2605 914 2640 Lat.
942 2605 1015 2640 vol.
1041 2603 1102 2638 111.
1127 2615 1161 2650 p.
1187 2604 1287 2647 ³75„
1320 2615 1501 2648 nunquam

106 2661 259 2707 scripsit.
388 2661 420 2704 l)
457 2661 531 2696 Cic.
567 2661 612 2696 de
645 2659 708 2698 Or.
742 2661 770 2696 Ι.
804 2662 867 2704 53,
901 2660 979 2697 229.
1097 2661 1135 2705 2)
1169 2660 1332 2696 Velleius
1365 2659 1410 2696 11.
1447 2661 1500 2696 13.

108 2717 144 2761 3)
171 2717 244 2753 Cic.
269 2717 375 2753 Brut.
402 2717 465 2761 30,
493 2718 567 2754 113.

1193 2785 1222 2827 4
