1835 3126
513 143 774 188 BRUTUS
815 143 934 188 GAP.
965 147 1030 190 71.
1065 148 1130 190 72.
1404 149 1522 194 225

243 253 418 298 LXXII.
459 254 510 298 Et
538 255 632 306 ille,
670 255 916 308 Praeclare,
959 257 1110 313 inquit,
1146 257 1222 300 tibi
1252 265 1444 309 constas,
1480 266 1524 301 ut

133 336 183 378 de
208 335 282 385 iis,
313 335 382 390 qui
407 347 515 377 nunc
541 335 641 385 sint,
672 334 775 377 nihil
798 334 905 378 velis
935 338 1024 392 ipse
1051 336 1209 378 dicere:
1239 342 1299 385 et,
1329 335 1520 387 Hercule,

131 413 168 455 si
199 413 260 455 sic
291 425 464 467 ageres,
496 418 538 454 ut
569 412 620 455 de
651 414 704 456 iis
736 415 877 468 egisti,
908 415 976 469 qui
1008 415 1090 455 iam
1120 414 1267 455 mortui
1300 420 1413 463 sunt,
1447 427 1523 456 ne-

132 491 283 532 minem
313 497 355 533 ut
386 492 753 547 praetermitteres,
793 505 872 534 nac
902 498 945 533 tu
973 492 1015 533 in
1045 491 1194 534 multos
1226 490 1452 533 Autronios
1483 497 1524 534 et

130 567 328 612 Staienos
368 571 617 612 incurreres.
677 569 770 621 Qua
809 583 854 612 re
893 572 980 612 sive
1011 569 1119 612 hanc
1148 569 1307 611 turham
1339 567 1522 623 effugere

128 647 297 690 voluisti
332 649 420 690 sive
458 650 612 691 veritus
651 661 722 698 es,
756 661 808 690 ne
847 649 938 704 quis
978 661 1023 690 se
1064 653 1132 689 aut
1160 649 1425 704 praeteritum
1454 653 1523 690 aut

129 738 213 768 non
250 727 354 768 satis
392 726 603 769 laudatum
638 728 754 782 queri
783 732 942 782 posset:
984 725 1034 768 de
1067 724 1252 767 Caesare
1282 732 1419 767 tamen
1448 738 1523 782 po-

127 805 240 846 tuisti
280 804 442 854 dicere,
479 805 723 860 praesertim
762 817 852 846 cum
892 810 933 844 et
969 810 1080 844 tuum
1117 803 1168 844 de
1207 802 1322 844 illius
1352 804 1522 857 ingenio

125 883 396 924 notissumum
435 882 630 923 iudicium
671 887 784 922 esset
820 893 899 922 nec
937 879 1051 921 illius
1089 879 1140 921 de
1177 886 1247 921 tuo
1286 878 1519 922 obscurum.

126 959 224 1001 252.
259 958 345 1001 Sed
383 967 539 1009 tamen,
583 957 732 1007 Brute,
778 958 908 1013 inquit
946 956 1128 1004 AttIcus,
1170 956 1221 999 de
1259 955 1445 999 Caesare
1482 963 1522 999 et

125 1038 215 1096 ip-se
245 1038 305 1078 ita
337 1036 475 1079 iudico
507 1042 547 1081 et
578 1035 628 1078 de
659 1035 739 1078 hoc
769 1035 889 1078 huius
920 1036 1088 1091 generis
1121 1026 1336 1078 acerrumo
1368 1029 1523 1077 existu-

125 1121 283 1157 matore
330 1115 588 1178 saepissume
634 1114 757 1157 audio
803 1114 919 1156 illum
964 1115 1143 1157 omnium
1180 1113 1267 1156 sere
1312 1119 1523 1156 oratorum

124 1190 274 1235 Latine
302 1176 418 1249 loqui
449 1193 793 1248 elegantissum03
823 1206 901 1235 nec
931 1192 973 1234 id
1003 1192 1137 1235 solum
1168 1178 1398 1234 domestica
1422 1177 1524 1234 con-

127 1271 361 1321 suetudine,
401 1278 445 1313 ut
475 1271 624 1314 dudum
656 1272 706 1314 de
739 1270 981 1314 Laeliorum
1011 1278 1052 1312 et
1080 1269 1314 1313 Muciorum
1347 1269 1521 1312 familiis

125 1349 410 1391 audiebamus.
444 1350 519 1391 sed
543 1363 778 1406 quanquam
799 1349 842 1392 id
862 1361 1025 1405 quoque
1050 1348 1175 1391 credo
1194 1347 1345 1397 fuisse,
1368 1354 1520 1397 tamen,

127 1434 170 1469 ut
205 1434 317 1470 esset
356 1427 541 1483 perfecta
573 1427 650 1470 illa
688 1427 794 1470 bene
833 1427 1030 1483 loquendi
1066 1425 1181 1476 laus,
1220 1425 1358 1467 multis
1387 1424 1523 1467 literis

127 1512 167 1547 et
207 1507 269 1547 eis
307 1505 471 1560 quidem
515 1505 741 1548 reconditis
783 1512 822 1547 et
857 1505 1073 1560 exquisitis
1113 1516 1351 1559 summoque
1387 1503 1522 1546 studio

126 1589 166 1626 et
196 1583 415 1638 diligentia
444 1589 506 1625 est
536 1589 802 1626 consecutus:
861 1582 958 1624 253.
995 1582 1066 1638 qui
1095 1582 1220 1624 etiam
1247 1582 1291 1623 in
1319 1581 1523 1623 maxumis

208 1715 272 1743 253.
306 1716 358 1750 qui
378 1715 481 1750 etiam]
500 1716 570 1750 quin
590 1716 687 1742 etiam.

214 1828 295 1864 251.
342 1826 529 1870 lubenter]
557 1826 722 1861 libenter
745 1825 812 1871 Lg.
834 1825 891 1861 20.
913 1824 970 1860 35.
995 1824 1050 1861 39.
1076 1824 1132 1860 56.
1169 1824 1236 1860 Gu.
1259 1824 1290 1859 1.
1317 1824 1374 1860 ed.
1399 1833 1454 1871 pr.
1475 1842 1521 1851 --

124 1884 404 1927 communium]
433 1886 607 1918 omnium
634 1883 702 1918 Gu.
729 1882 761 1917 l.

213 1961 363 1997 LXXII.
411 1973 513 1997 nune
528 1963 620 2006 sint]
642 1973 679 1996 n.
697 1965 786 1996 sunt
800 1960 926 1995 Lamb.
940 1979 985 1986 —-
1010 1959 1195 2004 Hercule]
1216 1959 1361 1994 siclibri
1375 1964 1524 2005 praeter

122 2018 190 2066 Lg.
215 2019 293 2063 20„
327 2026 362 2054 et
394 2019 449 2053 ed.
474 2030 528 2064 pr.
578 2019 643 2053 llle
674 2024 710 2052 et
734 2017 820 2052 Ern.
846 2016 984 2051 hercle.
1007 2036 1054 2042 —-
1089 2018 1178 2060 nae]
1211 2027 1259 2050 ne
1288 2015 1356 2050 Gu.
1384 2016 1414 2052 l.
1452 2015 1523 2061 Lg.

122 2087 258 2111 omnes.
279 2094 326 2102 ——
354 2075 584 2118 Autronios]
610 2074 717 2108 Antr.
744 2073 810 2118 Lg.
829 2072 885 2108 20.
910 2072 965 2107 35.
1003 2072 1069 2107 Gu.
1092 2073 1122 2108 l.
1159 2072 1287 2107 Lamb.
1310 2091 1357 2097 —
1391 2070 1523 2106 Staie-

122 2133 209 2176 nos]
245 2143 280 2167 V.
317 2131 345 2176 ξ.
371 2131 451 2166 244.
502 2132 693 2164 staienz‘os
726 2129 793 2164 Gu.
822 2128 851 2162 1.
879 2147 924 2153 -
961 2131 1107 2163 veritus
1134 2128 1190 2171 es]
1224 2139 1266 2162 es
1299 2139 1367 2162 om.
1395 2127 1462 2163 Gu.
1491 2127 1522 2163 l.

123 2187 189 2233 Lg.
217 2198 352 2222 omneS.
373 2205 420 2214 --
448 2187 603 2233 posset]
629 2186 699 2228 sic,
724 2195 797 2219 non
817 2186 968 2231 possit,
994 2189 1033 2218 ut
1056 2184 1171 2219 voluit
1188 2183 1301 2227 Em„
1324 2183 1392 2229 Lg.
1415 2195 1523 2230 prae-

124 2249 180 2278 ter
203 2242 277 2285 39.,
303 2242 397 2277 Ven.
416 2242 444 2277 l.
477 2240 553 2277 Ott.
580 2241 634 2276 ed.
654 2253 707 2286 pr.

215 2310 293 2345 252.
344 2309 647 2352 exis-tammam]
676 2310 931 2343 aestimatore
954 2306 1056 2342 Man.
1090 2306 1204 2353 Lg.&
1234 2304 1318 2358 ott..
1351 2308 1521 2341 extima-

123 2371 208 2401 tore
229 2366 297 2412 Lg.
316 2366 371 2400 20.
408 2368 693 2400 existimatore
717 2364 846 2409 reliqui
866 2375 1001 2398 omnes.
1043 2363 1121 2409 (hg,
1140 2363 1194 2397 58.
1211 2363 1255 2397 70
1268 2374 1362 2398 corr.
1385 2366 1522 2400 existi-

124 2426 350 2467 matorem).
377 2443 422 2447 -
458 2422 715 2469 saepissume]
749 2422 802 2456 sic
833 2420 899 2466 Lg.
927 2420 959 2456 8.
983 2420 1039 2455 35.
1066 2420 1122 2455 51.
1149 2419 1204 2454 53.
1245 2417 1320 2454 Ott.
1370 2420 1522 2466 eleyan-

126 2482 292 2514 tis-sume
328 2479 444 2514 eidem
477 2485 622 2525 praeter
646 2477 701 2512 35.
726 2497 772 2502 -
813 2480 1027 2522 ewquisitis
1065 2477 1309 2521 summoque]
1347 2477 1521 2521 exquisi-

126 2537 356 2581 tissimoque
376 2535 440 2581 Lg.
456 2540 600 2580 praeter
615 2535 691 2579 20.‚
712 2540 748 2570 et
764 2533 858 2569 Ven.
875 2535 902 2569 1.
933 2533 1010 2569 Pro
1027 2534 1160 2569 studio
1180 2531 1247 2577 Lg.
1262 2532 1317 2565 51.
1333 2531 1521 2577 fastidio,

217 2614 295 2649 253.
344 2616 414 2660 qui
440 2614 580 2659 etiam]
609 2613 817 2649 emendavit
841 2612 926 2648 Sch.
970 2611 1073 2647 Libri
1097 2617 1134 2646 et
1157 2610 1239 2646 edd.
1263 2612 1361 2656 quin
1385 2611 1521 2652 etiam,

124 2670 223 2716 quod
255 2683 335 2707 cum
368 2672 601 2718 sequentibus
635 2670 822 2708 conciliari
856 2680 929 2705 non
964 2675 1097 2716 potest.
1127 2688 1174 2696 —-
1211 2667 1434 2712 maxumis]
1469 2666 1524 2703 sic

1155 2735 1239 2779 18*
