1835 3126
383 238 466 281 AD
499 236 614 280 CIC.
644 236 909 280 BRUTUM
942 237 1061 281 CAP.
1092 238 1158 282 6⁶3.
1189 238 1256 281 69.
1379 238 1513 284 409

126 351 243 393 Attici
281 349 332 401 (v.
364 350 460 403 Nep.
491 352 569 391 Att.
602 351 658 403 l.)
700 352 939 391 consulatum
976 353 1019 392 P.
1058 352 1247 392 Autronio
1288 350 1336 391 de
1373 351 1519 391 ambitu

126 418 304 457 damnato
351 423 408 457 est
449 418 612 470 adeptus
656 431 691 458 a.
730 419 825 459 689.
891 418 1014 457 Filius
1058 419 1170 457 huius
1214 419 1358 470 insigni
1401 418 1518 459 laude

124 484 375 537 praedicatur
414 497 445 524 c.
486 487 560 533 76,
600 485 694 525 265.
752 485 811 524 De
857 485 920 521 Cn.
960 486 1135 533 Pompeio
1174 483 1303 524 dicere
1342 498 1418 525 non
1462 491 1519 525 est

124 562 296 590 necesse.
357 553 561 592 Oratorem
596 563 673 591 non
708 551 848 597 fuisse,
891 555 932 589 ut
971 550 1108 590 Cicero
1146 551 1208 590 hic
1246 558 1408 603 propter
1446 554 1517 592 ho-

124 629 259 657 norem
295 619 371 659 viri
408 619 500 658 olim
539 618 614 657 sibi
652 617 860 656 familiaris
899 617 1000 656 insto
1039 606 1346 668 magnificentius
1385 619 1431 659 de
1471 632 1516 659 eo

126 684 288 733 dixerit,
319 685 381 725 vel
412 697 460 724 ex
490 684 666 737 epistolis
691 685 773 723 eius
802 685 1147 724 Ciceronianarum
1171 687 1328 737 corpori
1357 687 1517 726 inclusis

126 752 351 790 existimare
377 751 480 791 licet.
540 751 800 801 Quintilianus
825 751 891 791 III.
915 752 959 800 8,
983 752 1049 792 50.
1081 753 1321 792 orationibus
1352 765 1376 791 a
1405 754 1518 794 Cice-

124 828 221 856 rone
251 818 404 870 scriptis
433 831 544 858 usum
573 818 714 866 refert3
757 819 864 858 cuius
894 819 952 858 rei
990 820 1176 858 memoria
1204 825 1412 871 praeterea
1440 832 1518 860 non

125 889 264 923 exstat.
322 885 421 924 Nam
460 885 563 937 quod
603 886 729 926 Sextii
765 886 1007 925 orationibus
1045 899 1154 925 usum
1191 887 1416 938 Pompeium
1456 899 1518 926 se-

125 950 289 990 cundum
321 951 461 992 dictum
498 952 690 1005 quoddam
721 953 920 993 Ciceronis
963 952 1013 991 ad
1043 953 1210 992 Atticum
1239 953 1321 994 VII.
1356 955 1419 992 17.
1456 953 1518 992 af-

124 1017 251 1057 firmat
279 1019 484 1071 Meyerus,
518 1019 678 1060 erravit.

240 1108 337 1147 240.
396 1111 444 1145 D.
475 1108 644 1158 suanus]
683 1107 819 1147 consul
854 1118 955 1147 anno
984 1112 1073 1159 post
1103 1107 1331 1148 Ciceronem
1361 1121 1396 1147 a.
1422 1109 1516 1149 692.

128 1173 171 1218 Q.
211 1175 410 1223 Pompeius
449 1186 484 1213 a.
515 1176 597 1214 706
643 1186 727 1214 cum
765 1175 916 1226 Magno
962 1186 1032 1214 suo
1073 1175 1211 1225 gentili
1254 1176 1293 1214 in
1336 1177 1515 1228 Aegypto

124 1240 262 1291 periit:
294 1240 408 1280 Oros.
437 1241 501 1282 VI.
534 1241 598 1281 15.

240 1319 333 1357 241.
393 1321 436 1356 P.
460 1318 682 1368 Autronius]
715 1317 908 1359 Catilinae
938 1318 1064 1371 prima
1090 1318 1358 1358 coniuratione
1387 1320 1517 1359 socius

126 1395 210 1423 cum
246 1384 292 1423 L.
324 1383 439 1423 Sulla
479 1385 642 1423 ambitus
682 1384 882 1424 damnatus
921 1398 945 1424 a
978 1385 1294 1437 competitoribus
1325 1387 1370 1426 L.
1403 1386 1518 1427 Cotta

125 1455 162 1489 et
188 1450 234 1490 L.
261 1449 463 1501 Torquato
497 1462 533 1490 a.
564 1451 647 1490 689
676 1451 715 1489 in
743 1452 905 1503 Epirum
934 1453 1031 1491 abiit
1062 1452 1298 1501 exsulatum,
1328 1454 1395 1492 ubi
1421 1454 1518 1494 vixit

126 1515 176 1556 ad
207 1529 242 1557 a.
270 1517 374 1557 696:
408 1530 444 1557 v.
478 1516 558 1557 Cic.
587 1518 664 1557 Att.
695 1518 762 1558 III.
795 1521 833 1557 2.

242 1596 279 1632 G.
298 1595 488 1644 Staienus]
521 1595 797 1636 obscurissimo
824 1608 968 1648 genere
992 1602 1103 1636 natus
1126 1598 1166 1636 in
1191 1603 1344 1648 gentem
1364 1598 1518 1638 Aeliam

124 1662 299 1714 irrepere
345 1662 489 1714 cupivit
529 1662 703 1715 dixitque
748 1675 789 1703 se
830 1664 873 1704 C.
912 1664 1066 1704 Aelium
1104 1665 1266 1704 Paetum
1305 1665 1517 1714 Staienum,

125 1730 238 1781 quasi
276 1740 324 1768 ex
362 1734 477 1780 gente
506 1730 619 1769 Staia
654 1730 694 1769 in
723 1730 876 1770 Aeliam
911 1731 1121 1784 adoptione
1156 1732 1392 1780 translatus;
1428 1733 1518 1772 hinc

125 1797 307 1837 Ciceroni
346 1795 485 1835 dicitur
519 1808 561 1835 se
600 1797 685 1849 ipse
715 1797 944 1850 adoptasse:
983 1812 1018 1838 v.
1051 1798 1130 1839 Cic.
1167 1811 1205 1850 p.
1238 1799 1416 1839 Cluentio
1449 1800 1515 1838 26.

123 1863 167 1903 In
197 1864 271 1903 hac
305 1874 425 1902 causa
461 1862 579 1903 iudex
614 1876 698 1904 cum
734 1866 914 1904 sestertia
951 1864 1093 1905 DCXL
1134 1865 1182 1903 ab
1215 1865 1431 1916 Oppianico
1468 1865 1519 1904 ad

125 1929 271 1969 iudices
311 1930 612 1983 corrumpendos
653 1937 816 1984 accepta
852 1932 1156 1981 intervertisset,
1197 1931 1398 1972 damnatus
1440 1938 1518 1972 est:

127 1997 205 2037 Cic.
238 1996 389 2037 Cluent.
421 1999 460 2037 7.

236 2086 379 2126 LXIX.
440 2087 537 2126 242.
598 2087 637 2123 G.
682 2093 716 2124 et
755 2089 802 2124 L.
844 2087 1031 2137 Caepasii]
1078 2086 1303 2126 defensores
1344 2087 1519 2127 Fabricii

126 2159 237 2193 erant
266 2155 306 2192 in
338 2165 458 2192 causa
489 2152 676 2192 Cluentii:
714 2165 749 2192 v,
782 2153 862 2194 Cic.
891 2165 964 2205 pro
998 2153 1177 2194 Cluentio
1209 2156 1274 2193 20.
1333 2154 1402 2202 Hi,
1435 2167 1517 2194 cum

127 2221 315 2274 oppidani
344 2224 491 2267 essent,
520 2219 663 2259 veteris
687 2220 974 2260 consuetudinis
998 2221 1218 2260 tenaciores
1248 2233 1385 2260 nomen
1409 2234 1518 2261 sunm

124 2300 196 2341 per
226 2288 353 2338 sigma
380 2287 534 2326 literam
564 2286 682 2324 scribi
711 2286 903 2335 maluere,
935 2287 1038 2339 quod
1067 2288 1107 2326 in
1128 2287 1316 2336 Valeriis,
1347 2288 1518 2341 Papiriis

124 2355 255 2395 Furiis
286 2354 426 2393 dudum
455 2352 702 2393 obliteratum
730 2359 832 2400 erat,
865 2359 906 2393 ut
938 2355 1110 2404 Caeparii
1138 2354 1267 2402 illius,
1312 2356 1385 2407 qui'
1410 2355 1518 2396 Cati-

125 2421 231 2461 linae
263 2421 391 2460 socius
423 2425 526 2468 erat,
560 2419 775 2471 exemplum
806 2420 930 2460 docet.
988 2421 1096 2460 Hunc
1129 2433 1197 2460 cur
1220 2423 1440 2471 Caeparium
1469 2435 1517 2461 ne

127 2488 272 2528 monito
296 2487 448 2539 quidem
471 2486 620 2526 lectore
642 2485 719 2525 dici
740 2487 908 2527 voluerit
931 2487 1102 2527 Kritzius
1128 2488 1227 2528 Sall.
1252 2489 1369 2528 Catil.
1386 2490 1454 2536 46,
1479 2491 1517 2528 3.

127 2567 204 2595 non
234 2566 437 2606 assequor.
495 2553 597 2592 Dicti
637 2554 736 2593 enim
768 2555 943 2604 Caepartt
972 2566 1002 2593 s.
1036 2555 1195 2606 Ceparii
1225 2559 1311 2593 sunt
1341 2566 1366 2592 a
1396 2566 1520 2607 caepa

129 2621 260 2668 olere,
300 2626 342 2660 ut
372 2620 492 2661 Ovilii
521 2620 687 2672 Caprilii
717 2621 849 2661 Porcii
886 2621 934 2659 ab
974 2632 1046 2660 ove
1082 2633 1204 2672 capra
1246 2632 1380 2672 porco.
1439 2625 1517 2659 Re-

127 2690 317 2738 pentinum
355 2687 401 2726 de
439 2688 593 2727 homine
626 2686 788 2736 dictum,
828 2687 932 2740 quod
964 2687 1073 2726 nullo
1106 2692 1354 2739 exspectante
1386 2693 1516 2728 notum

127 2754 271 2794 factum
301 2753 514 2807 significat,
543 2754 714 2796 illustrat
745 2755 948 2796 Turnebus
977 2754 1187 2796 Adversar.
1216 2753 1318 2799 XIV.
1349 2759 1414 2796 22.
