1835 3126
512 250 730 294 RERUM
761 252 824 296 IN
853 253 1079 301 EXPLL.
1111 257 1391 301 TRACTT.
1519 261 1644 309 455

261 362 306 404 Q.
335 361 528 397 Scaevola
555 374 668 409 augur
697 364 772 399 104.
796 364 873 400 306.

258 418 302 460 Q.
331 417 522 453 Scaevola
545 418 588 453 P.
612 419 651 455 F.
680 420 845 466 pontifex
869 421 1042 456 maximus
1072 423 1146 458 145.

253 473 299 510 L.
329 473 467 521 Scipio
490 475 688 511 Asiaticus
715 476 964 512 Marianarum
990 480 1141 524 partium
1172 481 1247 517 175.

255 529 302 565 P.
329 529 466 577 Scipio
495 531 648 567 Nasica
675 531 879 568 Corculum
905 534 958 568 79.

255 584 530 621 Secundarum
554 599 638 621 esse
662 600 711 624 sc.
738 590 893 635 partium
920 591 1021 635 quasi
1048 599 1208 630 actorem
1232 595 1308 631 242.

255 641 427 677 Senense
452 643 630 687 proelium
656 644 708 678 73.

255 696 398 732 Senior
426 701 576 740 oratio,
606 700 691 735 item
717 707 891 738 senectus
917 703 1078 740 literam
1106 706 1181 741 160.

251 752 457 789 Sermonis
474 755 618 801 plenus
643 763 767 791 orator
790 758 868 794 239.

254 809 297 851 Q.
324 809 526 845 Sertorius
549 811 741 848 Marianus
768 814 843 849 179.

251 865 302 901 Si
324 867 599 911 conditionalis,
626 880 699 904 non
725 871 971 918 interrogandi
994 874 1171 918 particula
1196 874 1270 908 184.

249 921 320 957 Sic
346 927 558 967 tanquam,
584 928 641 960 sie
666 929 782 970 quasi
803 928 837 962 in
864 940 970 963 unum
995 930 1163 975 colligata
1185 930 1239 965 71.

249 977 340 1013 Sila
368 979 463 1013 silva
489 986 524 1014 et
548 980 708 1026 picariae
734 983 769 1017 in
795 995 840 1018 ea
865 984 921 1020 85.

248 1034 299 1069 D.
325 1033 488 1070 Silanus
516 1036 595 1072 240.

248 1089 417 1126 Silentio
439 1096 659 1138 praeterire
686 1094 857 1128 orationis
881 1098 1020 1140 partem
1043 1094 1099 1130 87.

247 1145 293 1182 L.
320 1146 513 1181 Sisennae
537 1148 712 1183 historica
739 1149 818 1184 227.

246 1201 349 1237 Sitis
374 1202 396 1237 i.
421 1215 454 1247 q.
481 1204 697 1239 desiderium
724 1205 778 1241 16.

245 1257 457 1293 Sodalitas
481 1259 621 1307 ἑταιρία
647 1261 723 1296 166.

245 1313 382 1349 Solem
401 1313 511 1358 ferre
534 1316 750 1352 athletarum
774 1316 852 1352 243.

245 1368 383 1405 Solute
407 1370 536 1405 dicere
564 1372 639 1407 110.

248 1425 463 1473 Sophocles
490 1427 535 1461 ab
562 1429 641 1463 aliis
666 1430 786 1474 poetis
812 1429 964 1465 defletus
987 1429 1019 1463 3.

244 1481 416 1518 Sororia
440 1488 579 1531 stupra
604 1485 683 1520 319.

244 1537 383 1585 Spisse
410 1538 484 1574 138.

249 1595 289 1629 C.
311 1593 498 1630 Staienus
520 1596 600 1632 241.

246 1650 369 1686 Stans
392 1652 512 1686 iudex
537 1653 615 1697 quis
640 1653 686 1687 sit
707 1652 786 1687 289.

246 1706 457 1743 Statorius
484 1715 608 1743 orator
635 1707 709 1743 116.

245 1762 374 1799 Stilus
398 1770 559 1798 nostrum
584 1764 744 1800 Manier
771 1764 846 1799 100.

246 1819 463 1855 Stratocles
487 1821 677 1856 historicus
701 1823 843 1867 ignotus
867 1822 923 1856 42.

245 1875 407 1911 Suadae
427 1877 602 1912 medulla
621 1877 738 1913 bonus
758 1884 883 1912 orator
905 1877 962 1912 59.
979 1897 1024 1903 —
1048 1879 1173 1915 Suada
1196 1882 1218 1916 i.
1240 1892 1272 1915 e.
1292 1881 1420 1917 Πειθώ
1447 1884 1483 1918 in
1499 1883 1633 1920 Pericli

287 1933 398 1968 labris
421 1934 652 1969 sessitavisse
680 1934 776 1968 dicta
799 1933 852 1968 59.

243 1988 490 2035 Superlativi
511 1990 679 2023 cumulati
704 1990 752 2023 ad
774 1990 848 2023 vim
872 1990 1074 2024 sententiae
1098 1993 1299 2037 augendam
1323 1992 1378 2027 53.

243 2043 513 2091 Suppeditare
536 2045 667 2080 dictum
690 2045 918 2080 intransitive
944 2045 1020 2081 105.

244 2211 391 2247 Tamen
417 2223 494 2246 eum
514 2211 807 2257 breviloquentia
826 2212 957 2247 dictum
976 2213 1121 2249 nomine
1145 2219 1205 2249 aut
1222 2216 1415 2262 participio
1438 2217 1474 2252 in
1493 2221 1631 2263 protasi

284 2269 404 2315 posito
433 2268 507 2304 114.

243 2324 416 2371 Tanyere
443 2325 489 2358 de
513 2324 642 2359 dolore
668 2324 800 2359 dictum
829 2325 906 2362 331.

241 2380 498 2427 Temporibus
522 2380 602 2415 illis
626 2382 648 2415 i.
675 2393 708 2427 q.
734 2387 773 2416 ut
801 2386 968 2428 tempora
995 2382 1058 2418 illa
1082 2387 1185 2418 erant
1210 2383 1265 2418 28.

243 2437 411 2472 Testudo
432 2437 488 2471 87.

243 2492 456 2528 Theatrum
481 2495 631 2539 inqenii
655 2494 687 2530 6.

242 2548 410 2584 Thebais
433 2560 578 2584 carmen
601 2550 804 2585 Antimachi
834 2550 907 2586 191.

241 2604 470 2640 Theodorus
493 2605 617 2640 rhetor
640 2606 694 2640 48.

241 2660 534 2708 Theophrastus
558 2673 632 2697 non
657 2662 777 2697 Attice
800 2663 901 2708 loqui
925 2663 1023 2698 visus
1051 2662 1125 2699 172.

236 2717 308 2765 Sp.
339 2717 478 2753 Thorii
498 2729 557 2753 res
585 2718 659 2754 136.

240 2773 412 2811 Tibullus
436 2774 482 2809 ab
508 2772 644 2810 Ovidio
673 2774 826 2812 defletus
849 2774 882 2810 3.
