<?xml version="1.0" encoding="UTF-8"?>
<!DOCTYPE html PUBLIC "-//W3C//DTD XHTML 1.0 Transitional//EN"
    "http://www.w3.org/TR/xhtml1/DTD/xhtml1-transitional.dtd">
<html xmlns="http://www.w3.org/1999/xhtml" xml:lang="en" lang="en">
 <head>
  <title>
</title>
<meta http-equiv="Content-Type" content="text/html;charset=utf-8" />
  <meta name='ocr-system' content='tesseract 3.04.00' />
  <meta name='ocr-capabilities' content='ocr_page ocr_carea ocr_par ocr_line ocrx_word'/>
</head>
<body>
  <div class='ocr_page' id='page_1' title='image "./brutussivedeclar00ciceuoft/brutussivedeclar00ciceuoft_0039.png"; bbox 0 0 1835 3126; ppageno 0'>
   <div class='ocr_carea' id='block_1_1' title="bbox 345 220 1520 274">
    <p class='ocr_par' dir='ltr' id='par_1_1' title="bbox 345 220 1520 274">
     <span class='ocr_line' id='line_1_1' title="bbox 345 220 1520 274; baseline 0.008 -10"><span class='ocrx_word' id='word_1_1' title='bbox 345 220 542 264; x_wconf 87' lang='lat' dir='ltr'>BREVIS</span> <span class='ocrx_word' id='word_1_2' title='bbox 574 220 968 274; x_wconf 78' lang='lat' dir='ltr'>ELOQUENTIAE</span> <span class='ocrx_word' id='word_1_3' title='bbox 999 222 1134 266; x_wconf 82' lang='lat' dir='ltr'>ROM.</span> <span class='ocrx_word' id='word_1_4' title='bbox 1166 224 1308 268; x_wconf 86' lang='lat' dir='ltr'>IIIST.</span> <span class='ocrx_word' id='word_1_5' title='bbox 1446 229 1520 273; x_wconf 79' lang='lat'>19</span> 
     </span>
    </p>
   </div>
   <div class='ocr_carea' id='block_1_2' title="bbox 105 334 1522 2396">
    <p class='ocr_par' dir='ltr' id='par_1_2' title="bbox 105 334 1522 2396">
     <span class='ocr_line' id='line_1_2' title="bbox 131 334 1522 390; baseline 0.005 -17"><span class='ocrx_word' id='word_1_6' title='bbox 131 345 266 374; x_wconf 89' lang='lat' dir='ltr'>norum</span> <span class='ocrx_word' id='word_1_7' title='bbox 301 334 446 386; x_wconf 89' lang='lat' dir='ltr'>primus</span> <span class='ocrx_word' id='word_1_8' title='bbox 485 335 663 375; x_wconf 89' lang='lat' dir='ltr'>stabilem</span> <span class='ocrx_word' id='word_1_9' title='bbox 701 335 929 376; x_wconf 88' lang='lat' dir='ltr'>cruditionis</span> <span class='ocrx_word' id='word_1_10' title='bbox 967 338 1200 390; x_wconf 88' lang='lat' dir='ltr'>scriptorum</span> <span class='ocrx_word' id='word_1_11' title='bbox 1241 344 1278 379; x_wconf 86' lang='lat' dir='ltr'>et</span> <span class='ocrx_word' id='word_1_12' title='bbox 1314 338 1522 380; x_wconf 79' lang='lat' dir='ltr'>facundiae</span> 
     </span>
     <span class='ocr_line' id='line_1_3' title="bbox 129 400 1520 459; baseline 0.006 -20"><span class='ocrx_word' id='word_1_13' title='bbox 129 400 272 440; x_wconf 82' lang='lat' dir='ltr'>famam</span> <span class='ocrx_word' id='word_1_14' title='bbox 317 402 560 453; x_wconf 84' lang='lat' dir='ltr'><strong>superstitem</strong></span> <span class='ocrx_word' id='word_1_15' title='bbox 598 403 744 443; x_wconf 89' lang='lat' dir='ltr'>habuit.</span> <span class='ocrx_word' id='word_1_16' title='bbox 814 406 873 443; x_wconf 91' lang='lat' dir='ltr'>M.</span> <span class='ocrx_word' id='word_1_17' title='bbox 914 407 1070 442; x_wconf 76' lang='lat' dir='ltr'>Porcius</span> <span class='ocrx_word' id='word_1_18' title='bbox 1110 406 1201 444; x_wconf 78' lang='lat' dir='ltr'>Cato</span> <span class='ocrx_word' id='word_1_19' title='bbox 1235 406 1275 445; x_wconf 91' lang='lat' dir='ltr'>in</span> <span class='ocrx_word' id='word_1_20' title='bbox 1312 407 1520 459; x_wconf 88' lang='lat' dir='ltr'>municipio</span> 
     </span>
     <span class='ocr_line' id='line_1_4' title="bbox 131 468 1521 514; baseline 0.005 -8"><span class='ocrx_word' id='word_1_21' title='bbox 131 468 302 507; x_wconf 89' lang='lat' dir='ltr'>Tusculo</span> <span class='ocrx_word' id='word_1_22' title='bbox 341 473 454 508; x_wconf 88' lang='lat' dir='ltr'>natus</span> <span class='ocrx_word' id='word_1_23' title='bbox 487 481 523 508; x_wconf 88' lang='lat' dir='ltr'>a.</span> <span class='ocrx_word' id='word_1_24' title='bbox 553 469 637 510; x_wconf 84' lang='grc'><strong>520</strong></span> <span class='ocrx_word' id='word_1_25' title='bbox 667 470 806 510; x_wconf 89' lang='lat' dir='ltr'>mansit</span> <span class='ocrx_word' id='word_1_26' title='bbox 835 470 884 510; x_wconf 88' lang='lat' dir='ltr'>ad</span> <span class='ocrx_word' id='word_1_27' title='bbox 916 483 951 510; x_wconf 91' lang='lat' dir='ltr'>a.</span> <span class='ocrx_word' id='word_1_28' title='bbox 983 471 1077 512; x_wconf 88' lang='grc'><strong>605.</strong></span> <span class='ocrx_word' id='word_1_29' title='bbox 1134 472 1180 511; x_wconf 92' lang='lat' dir='ltr'>L.</span> <span class='ocrx_word' id='word_1_30' title='bbox 1209 472 1359 514; x_wconf 88' lang='lat' dir='ltr'>Valerii</span> <span class='ocrx_word' id='word_1_31' title='bbox 1388 469 1521 513; x_wconf 79' lang='lat' dir='ltr'>Flacci</span> 
     </span>
     <span class='ocr_line' id='line_1_5' title="bbox 129 533 1522 589; baseline 0.006 -17"><span class='ocrx_word' id='word_1_32' title='bbox 129 533 439 574; x_wconf 79' lang='lat' dir='ltr'>adhortationem</span> <span class='ocrx_word' id='word_1_33' title='bbox 482 542 636 576; x_wconf 89' lang='lat' dir='ltr'>secutus</span> <span class='ocrx_word' id='word_1_34' title='bbox 681 549 766 578; x_wconf 90' lang='lat' dir='ltr'>cum</span> <span class='ocrx_word' id='word_1_35' title='bbox 803 549 844 577; x_wconf 91' lang='lat' dir='ltr'>se</span> <span class='ocrx_word' id='word_1_36' title='bbox 880 539 1068 578; x_wconf 90' lang='lat' dir='ltr'>honorum</span> <span class='ocrx_word' id='word_1_37' title='bbox 1104 538 1364 589; x_wconf 83' lang='lat' dir='ltr'>gerendorum</span> <span class='ocrx_word' id='word_1_38' title='bbox 1402 552 1522 580; x_wconf 86' lang='lat' dir='ltr'>causa</span> 
     </span>
     <span class='ocr_line' id='line_1_6' title="bbox 126 601 1522 654; baseline 0.005 -14"><span class='ocrx_word' id='word_1_39' title='bbox 126 601 288 641; x_wconf 85' lang='lat' dir='ltr'>Romam</span> <span class='ocrx_word' id='word_1_40' title='bbox 312 602 539 643; x_wconf 85' lang='lat' dir='ltr'>contulisset</span> <span class='ocrx_word' id='word_1_41' title='bbox 562 616 597 643; x_wconf 89' lang='lat' dir='ltr'>a.</span> <span class='ocrx_word' id='word_1_42' title='bbox 615 605 710 652; x_wconf 72' lang='lat'>538,</span> <span class='ocrx_word' id='word_1_43' title='bbox 737 604 782 654; x_wconf 86' lang='lat' dir='ltr'>Q.</span> <span class='ocrx_word' id='word_1_44' title='bbox 800 605 924 645; x_wconf 89' lang='lat' dir='ltr'>Fabio</span> <span class='ocrx_word' id='word_1_45' title='bbox 942 605 1176 646; x_wconf 84' lang='lat' dir='ltr'>Cunctatore</span> <span class='ocrx_word' id='word_1_46' title='bbox 1192 607 1346 645; x_wconf 85' lang='lat' dir='ltr'>tertium</span> <span class='ocrx_word' id='word_1_47' title='bbox 1362 607 1522 647; x_wconf 88' lang='lat' dir='ltr'>consule</span> 
     </span>
     <span class='ocr_line' id='line_1_7' title="bbox 125 669 1520 725; baseline 0.006 -19"><span class='ocrx_word' id='word_1_48' title='bbox 125 669 289 720; x_wconf 82' lang='lat' dir='ltr'>primam</span> <span class='ocrx_word' id='word_1_49' title='bbox 326 669 503 710; x_wconf 87' lang='lat' dir='ltr'>militiam</span> <span class='ocrx_word' id='word_1_50' title='bbox 540 670 632 711; x_wconf 86' lang='lat' dir='ltr'>fecit</span> <span class='ocrx_word' id='word_1_51' title='bbox 670 671 720 711; x_wconf 91' lang='lat' dir='ltr'>ad</span> <span class='ocrx_word' id='word_1_52' title='bbox 751 672 946 725; x_wconf 82' lang='lat' dir='ltr'>Capuam3</span> <span class='ocrx_word' id='word_1_53' title='bbox 988 671 1121 712; x_wconf 85' lang='lat' dir='ltr'>eodem</span> <span class='ocrx_word' id='word_1_54' title='bbox 1152 672 1248 712; x_wconf 87' lang='lat' dir='ltr'>duce</span> <span class='ocrx_word' id='word_1_55' title='bbox 1278 674 1317 712; x_wconf 90' lang='lat' dir='ltr'>in</span> <span class='ocrx_word' id='word_1_56' title='bbox 1348 674 1520 714; x_wconf 88' lang='lat' dir='ltr'>Tarento</span> 
     </span>
     <span class='ocr_line' id='line_1_8' title="bbox 126 735 1521 791; baseline 0.004 -17"><span class='ocrx_word' id='word_1_57' title='bbox 126 735 315 787; x_wconf 89' lang='lat' dir='ltr'>capiendo</span> <span class='ocrx_word' id='word_1_58' title='bbox 356 735 464 776; x_wconf 81' lang='lat' dir='ltr'>afluit</span> <span class='ocrx_word' id='word_1_59' title='bbox 500 750 536 777; x_wconf 90' lang='lat' dir='ltr'>a.</span> <span class='ocrx_word' id='word_1_60' title='bbox 576 738 678 787; x_wconf 76' lang='lat'>545,</span> <span class='ocrx_word' id='word_1_61' title='bbox 717 744 805 791; x_wconf 91' lang='lat' dir='ltr'>post</span> <span class='ocrx_word' id='word_1_62' title='bbox 840 739 1015 778; x_wconf 84' lang='lat' dir='ltr'>tribunus</span> <span class='ocrx_word' id='word_1_63' title='bbox 1054 739 1215 778; x_wconf 90' lang='lat' dir='ltr'>militum</span> <span class='ocrx_word' id='word_1_64' title='bbox 1244 740 1283 778; x_wconf 89' lang='lat' dir='ltr'>in</span> <span class='ocrx_word' id='word_1_65' title='bbox 1313 741 1454 781; x_wconf 88' lang='lat' dir='ltr'>Sicilia</span> <span class='ocrx_word' id='word_1_66' title='bbox 1484 746 1521 780; x_wconf 85' lang='lat' dir='ltr'>et</span> 
     </span>
     <span class='ocr_line' id='line_1_9' title="bbox 124 803 1519 856; baseline 0.004 -16"><span class='ocrx_word' id='word_1_67' title='bbox 124 803 163 841; x_wconf 90' lang='lat' dir='ltr'>in</span> <span class='ocrx_word' id='word_1_68' title='bbox 193 814 327 854; x_wconf 83' lang='lat' dir='ltr'>pugna</span> <span class='ocrx_word' id='word_1_69' title='bbox 343 803 507 844; x_wconf 88' lang='lat' dir='ltr'>Senensi</span> <span class='ocrx_word' id='word_1_70' title='bbox 531 817 566 844; x_wconf 87' lang='lat' dir='ltr'>a.</span> <span class='ocrx_word' id='word_1_71' title='bbox 584 805 665 845; x_wconf 83' lang='grc'><strong>547</strong></span> <span class='ocrx_word' id='word_1_72' title='bbox 696 806 887 855; x_wconf 80' lang='lat' dir='ltr'>insignem</span> <span class='ocrx_word' id='word_1_73' title='bbox 917 805 976 844; x_wconf 89' lang='lat' dir='ltr'>rei</span> <span class='ocrx_word' id='word_1_74' title='bbox 1000 805 1183 856; x_wconf 90' lang='lat' dir='ltr'>publicae</span> <span class='ocrx_word' id='word_1_75' title='bbox 1215 816 1374 856; x_wconf 87' lang='lat' dir='ltr'>operam</span> <span class='ocrx_word' id='word_1_76' title='bbox 1397 819 1519 846; x_wconf 83' lang='lat' dir='ltr'>nava-</span> 
     </span>
     <span class='ocr_line' id='line_1_10' title="bbox 124 867 1520 923; baseline 0.002 -15"><span class='ocrx_word' id='word_1_77' title='bbox 124 870 178 909; x_wconf 83' lang='lat' dir='ltr'>vit</span> <span class='ocrx_word' id='word_1_78' title='bbox 195 867 275 919; x_wconf 72' lang='lat'>(⁷9).</span> <span class='ocrx_word' id='word_1_79' title='bbox 322 869 518 917; x_wconf 86' lang='lat' dir='ltr'>Quaestor</span> <span class='ocrx_word' id='word_1_80' title='bbox 533 871 575 910; x_wconf 92' lang='lat' dir='ltr'>P.</span> <span class='ocrx_word' id='word_1_81' title='bbox 594 871 771 922; x_wconf 88' lang='lat' dir='ltr'>Scipioni</span> <span class='ocrx_word' id='word_1_82' title='bbox 792 871 830 909; x_wconf 89' lang='lat' dir='ltr'>in</span> <span class='ocrx_word' id='word_1_83' title='bbox 849 870 989 910; x_wconf 89' lang='lat' dir='ltr'>Sicilia</span> <span class='ocrx_word' id='word_1_84' title='bbox 1010 870 1295 920; x_wconf 87' lang='lat' dir='ltr'>proconsulare</span> <span class='ocrx_word' id='word_1_85' title='bbox 1316 872 1520 923; x_wconf 86' lang='lat' dir='ltr'>imperium</span> 
     </span>
     <span class='ocr_line' id='line_1_11' title="bbox 122 934 1518 988; baseline 0.004 -15"><span class='ocrx_word' id='word_1_86' title='bbox 122 935 265 974; x_wconf 89' lang='lat' dir='ltr'>tenenti</span> <span class='ocrx_word' id='word_1_87' title='bbox 302 934 456 974; x_wconf 89' lang='lat' dir='ltr'>additus</span> <span class='ocrx_word' id='word_1_88' title='bbox 494 948 577 975; x_wconf 87' lang='lat' dir='ltr'>cum</span> <span class='ocrx_word' id='word_1_89' title='bbox 606 936 730 976; x_wconf 90' lang='lat' dir='ltr'>Fabio</span> <span class='ocrx_word' id='word_1_90' title='bbox 760 942 892 977; x_wconf 84' lang='lat' dir='ltr'>vetere</span> <span class='ocrx_word' id='word_1_91' title='bbox 928 941 1095 988; x_wconf 86' lang='lat' dir='ltr'>patrono</span> <span class='ocrx_word' id='word_1_92' title='bbox 1128 935 1304 977; x_wconf 84' lang='lat' dir='ltr'>effecisse</span> <span class='ocrx_word' id='word_1_93' title='bbox 1335 938 1518 988; x_wconf 88' lang='lat' dir='ltr'>creditur,</span> 
     </span>
     <span class='ocr_line' id='line_1_12' title="bbox 120 1001 1517 1056; baseline 0.004 -17"><span class='ocrx_word' id='word_1_94' title='bbox 120 1006 161 1040; x_wconf 91' lang='lat' dir='ltr'>ut</span> <span class='ocrx_word' id='word_1_95' title='bbox 198 1005 353 1040; x_wconf 90' lang='lat' dir='ltr'>senatus</span> <span class='ocrx_word' id='word_1_96' title='bbox 389 1001 545 1053; x_wconf 84' lang='lat' dir='ltr'>legatos</span> <span class='ocrx_word' id='word_1_97' title='bbox 584 1003 624 1042; x_wconf 88' lang='lat' dir='ltr'>iu</span> <span class='ocrx_word' id='word_1_98' title='bbox 661 1003 885 1056; x_wconf 89' lang='lat' dir='ltr'>Scipionem</span> <span class='ocrx_word' id='word_1_99' title='bbox 924 1003 1171 1055; x_wconf 87' lang='lat' dir='ltr'>quaesituros</span> <span class='ocrx_word' id='word_1_100' title='bbox 1206 1004 1246 1043; x_wconf 90' lang='lat' dir='ltr'>in</span> <span class='ocrx_word' id='word_1_101' title='bbox 1275 1005 1517 1056; x_wconf 83' lang='lat' dir='ltr'>provinciam</span> 
     </span>
     <span class='ocr_line' id='line_1_13' title="bbox 120 1065 1516 1124; baseline 0.004 -18"><span class='ocrx_word' id='word_1_102' title='bbox 120 1068 287 1107; x_wconf 87' lang='lat' dir='ltr'>mitteret</span> <span class='ocrx_word' id='word_1_103' title='bbox 306 1065 396 1119; x_wconf 76' lang='lat'><strong>(⁸⁰);</strong></span> <span class='ocrx_word' id='word_1_104' title='bbox 433 1069 502 1108; x_wconf 85' lang='lat' dir='ltr'>sed</span> <span class='ocrx_word' id='word_1_105' title='bbox 540 1081 588 1109; x_wconf 89' lang='lat' dir='ltr'>ea</span> <span class='ocrx_word' id='word_1_106' title='bbox 623 1082 687 1110; x_wconf 89' lang='lat' dir='ltr'>res</span> <span class='ocrx_word' id='word_1_107' title='bbox 718 1071 866 1110; x_wconf 85' lang='lat' dir='ltr'>frustra</span> <span class='ocrx_word' id='word_1_108' title='bbox 894 1070 979 1110; x_wconf 83' lang='lat' dir='ltr'>fuit.</span> <span class='ocrx_word' id='word_1_109' title='bbox 1037 1071 1131 1110; x_wconf 87' lang='lat' dir='ltr'>Post</span> <span class='ocrx_word' id='word_1_110' title='bbox 1161 1071 1399 1112; x_wconf 85' lang='lat' dir='ltr'>aedilitatem</span> <span class='ocrx_word' id='word_1_111' title='bbox 1430 1072 1516 1124; x_wconf 90' lang='lat' dir='ltr'>ple-</span> 
     </span>
     <span class='ocr_line' id='line_1_14' title="bbox 117 1134 1516 1190; baseline 0.004 -17"><span class='ocrx_word' id='word_1_112' title='bbox 117 1135 245 1174; x_wconf 89' lang='lat' dir='ltr'>beiam</span> <span class='ocrx_word' id='word_1_113' title='bbox 276 1147 311 1174; x_wconf 87' lang='lat' dir='ltr'>a.</span> <span class='ocrx_word' id='word_1_114' title='bbox 328 1134 409 1176; x_wconf 89' lang='grc'>555</span> <span class='ocrx_word' id='word_1_115' title='bbox 442 1142 592 1187; x_wconf 83' lang='lat' dir='ltr'>gestam</span> <span class='ocrx_word' id='word_1_116' title='bbox 620 1143 782 1190; x_wconf 88' lang='lat' dir='ltr'>praetor</span> <span class='ocrx_word' id='word_1_117' title='bbox 813 1150 914 1178; x_wconf 90' lang='lat' dir='ltr'>anno</span> <span class='ocrx_word' id='word_1_118' title='bbox 939 1143 1124 1190; x_wconf 88' lang='lat' dir='ltr'>sequente</span> <span class='ocrx_word' id='word_1_119' title='bbox 1147 1138 1274 1178; x_wconf 86' lang='lat' dir='ltr'>sactus</span> <span class='ocrx_word' id='word_1_120' title='bbox 1292 1138 1516 1179; x_wconf 85' lang='lat' dir='ltr'>Sardiniam</span> 
     </span>
     <span class='ocr_line' id='line_1_15' title="bbox 118 1201 1514 1258; baseline 0.004 -18"><span class='ocrx_word' id='word_1_121' title='bbox 118 1214 265 1241; x_wconf 85' lang='lat' dir='ltr'>summa</span> <span class='ocrx_word' id='word_1_122' title='bbox 294 1201 411 1242; x_wconf 90' lang='lat' dir='ltr'>laude</span> <span class='ocrx_word' id='word_1_123' title='bbox 440 1204 541 1243; x_wconf 87' lang='lat' dir='ltr'>rexit</span> <span class='ocrx_word' id='word_1_124' title='bbox 558 1202 646 1256; x_wconf 73' lang='lat'>(3¹);</span> <span class='ocrx_word' id='word_1_125' title='bbox 679 1205 815 1245; x_wconf 90' lang='lat' dir='ltr'>consul</span> <span class='ocrx_word' id='word_1_126' title='bbox 845 1210 998 1245; x_wconf 86' lang='lat' dir='ltr'>creatus</span> <span class='ocrx_word' id='word_1_127' title='bbox 1029 1217 1064 1244; x_wconf 91' lang='lat' dir='ltr'>a.</span> <span class='ocrx_word' id='word_1_128' title='bbox 1080 1204 1181 1254; x_wconf 82' lang='lat'>559,</span> <span class='ocrx_word' id='word_1_129' title='bbox 1211 1211 1436 1258; x_wconf 88' lang='lat' dir='ltr'>postquam,</span> <span class='ocrx_word' id='word_1_130' title='bbox 1467 1219 1514 1246; x_wconf 87' lang='lat' dir='ltr'>ne</span> 
     </span>
     <span class='ocr_line' id='line_1_16' title="bbox 117 1269 1514 1325; baseline 0.003 -17"><span class='ocrx_word' id='word_1_131' title='bbox 117 1269 183 1308; x_wconf 85' lang='lat' dir='ltr'>lex</span> <span class='ocrx_word' id='word_1_132' title='bbox 213 1269 342 1322; x_wconf 87' lang='lat' dir='ltr'>Oppia</span> <span class='ocrx_word' id='word_1_133' title='bbox 380 1273 622 1323; x_wconf 88' lang='lat' dir='ltr'>sumptuaria</span> <span class='ocrx_word' id='word_1_134' title='bbox 659 1274 939 1325; x_wconf 83' lang='lat' dir='ltr'>abrogaretur,</span> <span class='ocrx_word' id='word_1_135' title='bbox 977 1284 1122 1312; x_wconf 90' lang='lat' dir='ltr'>summo</span> <span class='ocrx_word' id='word_1_136' title='bbox 1157 1273 1284 1312; x_wconf 90' lang='lat' dir='ltr'>studio</span> <span class='ocrx_word' id='word_1_137' title='bbox 1316 1273 1514 1313; x_wconf 86' lang='lat' dir='ltr'>dissuase-</span> 
     </span>
     <span class='ocr_line' id='line_1_17' title="bbox 117 1333 1514 1393; baseline 0.003 -18"><span class='ocrx_word' id='word_1_138' title='bbox 117 1342 179 1375; x_wconf 87' lang='lat' dir='ltr'>rat</span> <span class='ocrx_word' id='word_1_139' title='bbox 202 1333 291 1389; x_wconf 70' lang='lat'>(8‘2),</span> <span class='ocrx_word' id='word_1_140' title='bbox 334 1337 375 1376; x_wconf 90' lang='lat' dir='ltr'>in</span> <span class='ocrx_word' id='word_1_141' title='bbox 411 1338 603 1391; x_wconf 88' lang='lat' dir='ltr'>Hispania</span> <span class='ocrx_word' id='word_1_142' title='bbox 643 1340 771 1380; x_wconf 90' lang='lat' dir='ltr'>multis</span> <span class='ocrx_word' id='word_1_143' title='bbox 810 1340 985 1380; x_wconf 86' lang='lat' dir='ltr'>hostibus</span> <span class='ocrx_word' id='word_1_144' title='bbox 1026 1340 1151 1379; x_wconf 88' lang='lat' dir='ltr'>caesis</span> <span class='ocrx_word' id='word_1_145' title='bbox 1189 1340 1351 1380; x_wconf 85' lang='lat' dir='ltr'>urbibus</span> <span class='ocrx_word' id='word_1_146' title='bbox 1391 1341 1514 1393; x_wconf 89' lang='lat' dir='ltr'>captis</span> 
     </span>
     <span class='ocr_line' id='line_1_18' title="bbox 115 1403 1513 1460; baseline 0.001 -16"><span class='ocrx_word' id='word_1_147' title='bbox 115 1404 356 1456; x_wconf 84' lang='lat' dir='ltr'>provinciam</span> <span class='ocrx_word' id='word_1_148' title='bbox 394 1405 614 1446; x_wconf 88' lang='lat' dir='ltr'>citeriorem</span> <span class='ocrx_word' id='word_1_149' title='bbox 652 1408 868 1460; x_wconf 90' lang='lat' dir='ltr'>composuit</span> <span class='ocrx_word' id='word_1_150' title='bbox 888 1403 972 1458; x_wconf 72' lang='lat'>(3³).</span> <span class='ocrx_word' id='word_1_151' title='bbox 1033 1407 1111 1448; x_wconf 90' lang='lat' dir='ltr'>Sed</span> <span class='ocrx_word' id='word_1_152' title='bbox 1150 1419 1197 1447; x_wconf 92' lang='lat' dir='ltr'>ne</span> <span class='ocrx_word' id='word_1_153' title='bbox 1228 1408 1328 1447; x_wconf 89' lang='lat' dir='ltr'>hunc</span> <span class='ocrx_word' id='word_1_154' title='bbox 1360 1407 1513 1459; x_wconf 85' lang='lat' dir='ltr'>quidem</span> 
     </span>
     <span class='ocr_line' id='line_1_19' title="bbox 116 1471 1511 1525; baseline 0.002 -16"><span class='ocrx_word' id='word_1_155' title='bbox 116 1471 386 1521; x_wconf 86' lang='lat' dir='ltr'>magistratum</span> <span class='ocrx_word' id='word_1_156' title='bbox 422 1484 552 1512; x_wconf 90' lang='lat' dir='ltr'>rerum</span> <span class='ocrx_word' id='word_1_157' title='bbox 581 1475 688 1514; x_wconf 90' lang='lat' dir='ltr'>bello</span> <span class='ocrx_word' id='word_1_158' title='bbox 719 1474 978 1525; x_wconf 88' lang='lat' dir='ltr'>gerendarum</span> <span class='ocrx_word' id='word_1_159' title='bbox 1008 1473 1120 1514; x_wconf 83' lang='lat' dir='ltr'>finem</span> <span class='ocrx_word' id='word_1_160' title='bbox 1149 1475 1225 1513; x_wconf 90' lang='lat' dir='ltr'>sibi</span> <span class='ocrx_word' id='word_1_161' title='bbox 1256 1485 1342 1513; x_wconf 88' lang='lat' dir='ltr'>esse</span> <span class='ocrx_word' id='word_1_162' title='bbox 1371 1474 1511 1515; x_wconf 72' lang='lat' dir='ltr'>voluit:</span> 
     </span>
     <span class='ocr_line' id='line_1_20' title="bbox 115 1537 1513 1590; baseline 0.003 -14"><span class='ocrx_word' id='word_1_163' title='bbox 115 1537 314 1589; x_wconf 86' lang='lat' dir='ltr'>profectus</span> <span class='ocrx_word' id='word_1_164' title='bbox 352 1538 451 1578; x_wconf 87' lang='lat' dir='ltr'>enim</span> <span class='ocrx_word' id='word_1_165' title='bbox 488 1539 642 1590; x_wconf 83' lang='lat' dir='ltr'>legatus</span> <span class='ocrx_word' id='word_1_166' title='bbox 672 1542 727 1581; x_wconf 91' lang='lat' dir='ltr'>M&#39;</span> <span class='ocrx_word' id='word_1_167' title='bbox 757 1541 876 1580; x_wconf 88' lang='lat' dir='ltr'>Acilii</span> <span class='ocrx_word' id='word_1_168' title='bbox 914 1541 1084 1580; x_wconf 89' lang='lat' dir='ltr'>consulis</span> <span class='ocrx_word' id='word_1_169' title='bbox 1125 1541 1231 1580; x_wconf 92' lang='lat' dir='ltr'>bello</span> <span class='ocrx_word' id='word_1_170' title='bbox 1261 1541 1443 1580; x_wconf 87' lang='lat' dir='ltr'>Antiochi</span> <span class='ocrx_word' id='word_1_171' title='bbox 1473 1542 1513 1580; x_wconf 89' lang='lat' dir='ltr'>in</span> 
     </span>
     <span class='ocr_line' id='line_1_21' title="bbox 117 1605 1511 1660; baseline 0.003 -17"><span class='ocrx_word' id='word_1_172' title='bbox 117 1605 321 1644; x_wconf 87' lang='lat' dir='ltr'>Graeciam</span> <span class='ocrx_word' id='word_1_173' title='bbox 358 1605 565 1657; x_wconf 87' lang='lat' dir='ltr'>plurimum</span> <span class='ocrx_word' id='word_1_174' title='bbox 605 1606 654 1646; x_wconf 89' lang='lat' dir='ltr'>ad</span> <span class='ocrx_word' id='word_1_175' title='bbox 690 1619 823 1659; x_wconf 87' lang='lat' dir='ltr'>regem</span> <span class='ocrx_word' id='word_1_176' title='bbox 861 1619 909 1647; x_wconf 91' lang='lat' dir='ltr'>ex</span> <span class='ocrx_word' id='word_1_177' title='bbox 939 1608 1039 1648; x_wconf 84' lang='lat' dir='ltr'>Oeta</span> <span class='ocrx_word' id='word_1_178' title='bbox 1074 1612 1202 1647; x_wconf 89' lang='lat' dir='ltr'>monte</span> <span class='ocrx_word' id='word_1_179' title='bbox 1240 1607 1511 1660; x_wconf 88' lang='lat' dir='ltr'>depellendum</span> 
     </span>
     <span class='ocr_line' id='line_1_22' title="bbox 115 1669 1510 1725; baseline 0.001 -14"><span class='ocrx_word' id='word_1_180' title='bbox 115 1672 278 1711; x_wconf 89' lang='lat' dir='ltr'>contulit</span> <span class='ocrx_word' id='word_1_181' title='bbox 302 1669 383 1723; x_wconf 65' lang='lat'>(⁸⁴).</span> <span class='ocrx_word' id='word_1_182' title='bbox 443 1673 512 1713; x_wconf 89' lang='lat' dir='ltr'>His</span> <span class='ocrx_word' id='word_1_183' title='bbox 550 1674 698 1713; x_wconf 89' lang='lat' dir='ltr'>demum</span> <span class='ocrx_word' id='word_1_184' title='bbox 734 1675 851 1714; x_wconf 89' lang='lat' dir='ltr'>rebus</span> <span class='ocrx_word' id='word_1_185' title='bbox 889 1676 1010 1725; x_wconf 83' lang='lat' dir='ltr'>gestis</span> <span class='ocrx_word' id='word_1_186' title='bbox 1046 1679 1149 1713; x_wconf 89' lang='lat' dir='ltr'>totus</span> <span class='ocrx_word' id='word_1_187' title='bbox 1189 1674 1224 1713; x_wconf 89' lang='lat' dir='ltr'>ei</span> <span class='ocrx_word' id='word_1_188' title='bbox 1263 1675 1412 1713; x_wconf 86' lang='lat' dir='ltr'>muneri</span> <span class='ocrx_word' id='word_1_189' title='bbox 1440 1687 1510 1715; x_wconf 59' lang='lat' dir='ltr'>va-</span> 
     </span>
     <span class='ocr_line' id='line_1_23' title="bbox 114 1739 1511 1793; baseline 0.001 -15"><span class='ocrx_word' id='word_1_190' title='bbox 114 1740 234 1788; x_wconf 80' lang='lat' dir='ltr'>cavit,</span> <span class='ocrx_word' id='word_1_191' title='bbox 267 1739 369 1792; x_wconf 86' lang='lat' dir='ltr'>quod</span> <span class='ocrx_word' id='word_1_192' title='bbox 399 1741 650 1792; x_wconf 89' lang='lat' dir='ltr'>praecipuum</span> <span class='ocrx_word' id='word_1_193' title='bbox 679 1741 754 1780; x_wconf 90' lang='lat' dir='ltr'>sibi</span> <span class='ocrx_word' id='word_1_194' title='bbox 785 1740 1014 1793; x_wconf 86' lang='lat' dir='ltr'>explendum</span> <span class='ocrx_word' id='word_1_195' title='bbox 1044 1746 1279 1792; x_wconf 89' lang='lat' dir='ltr'>sumpserat,</span> <span class='ocrx_word' id='word_1_196' title='bbox 1311 1746 1352 1780; x_wconf 91' lang='lat' dir='ltr'>ut</span> <span class='ocrx_word' id='word_1_197' title='bbox 1373 1741 1511 1780; x_wconf 79' lang='lat' dir='ltr'>inexo-</span> 
     </span>
     <span class='ocr_line' id='line_1_24' title="bbox 113 1806 1509 1859; baseline 0.001 -14"><span class='ocrx_word' id='word_1_198' title='bbox 113 1806 231 1845; x_wconf 89' lang='lat' dir='ltr'>rabili</span> <span class='ocrx_word' id='word_1_199' title='bbox 275 1807 483 1846; x_wconf 88' lang='lat' dir='ltr'>severitate</span> <span class='ocrx_word' id='word_1_200' title='bbox 520 1819 647 1846; x_wconf 90' lang='lat' dir='ltr'>mores</span> <span class='ocrx_word' id='word_1_201' title='bbox 691 1808 923 1859; x_wconf 87' lang='lat' dir='ltr'>peregrinos</span> <span class='ocrx_word' id='word_1_202' title='bbox 961 1806 1149 1855; x_wconf 89' lang='lat' dir='ltr'>arcendo,</span> <span class='ocrx_word' id='word_1_203' title='bbox 1195 1807 1296 1846; x_wconf 88' lang='lat' dir='ltr'>male</span> <span class='ocrx_word' id='word_1_204' title='bbox 1337 1814 1509 1848; x_wconf 90' lang='lat' dir='ltr'>moratos</span> 
     </span>
     <span class='ocr_line' id='line_1_25' title="bbox 113 1873 1509 1925; baseline 0.003 -14"><span class='ocrx_word' id='word_1_205' title='bbox 113 1878 179 1911; x_wconf 88' lang='lat' dir='ltr'>aut</span> <span class='ocrx_word' id='word_1_206' title='bbox 210 1873 447 1925; x_wconf 87' lang='lat' dir='ltr'>turpitudine</span> <span class='ocrx_word' id='word_1_207' title='bbox 467 1873 571 1912; x_wconf 67' lang='lat' dir='ltr'>vitae</span> <span class='ocrx_word' id='word_1_208' title='bbox 590 1874 764 1925; x_wconf 79' lang='lat' dir='ltr'>insignes</span> <span class='ocrx_word' id='word_1_209' title='bbox 789 1874 1034 1922; x_wconf 87' lang='lat' dir='ltr'>insectando,</span> <span class='ocrx_word' id='word_1_210' title='bbox 1067 1875 1175 1914; x_wconf 90' lang='lat' dir='ltr'>cuius</span> <span class='ocrx_word' id='word_1_211' title='bbox 1198 1875 1256 1914; x_wconf 90' lang='lat' dir='ltr'>rei</span> <span class='ocrx_word' id='word_1_212' title='bbox 1279 1875 1318 1913; x_wconf 89' lang='lat' dir='ltr'>in</span> <span class='ocrx_word' id='word_1_213' title='bbox 1342 1887 1509 1915; x_wconf 87' lang='lat' dir='ltr'>censura</span> 
     </span>
     <span class='ocr_line' id='line_1_26' title="bbox 111 1940 1508 1993; baseline 0.002 -15"><span class='ocrx_word' id='word_1_214' title='bbox 111 1950 194 1978; x_wconf 89' lang='lat' dir='ltr'>cum</span> <span class='ocrx_word' id='word_1_215' title='bbox 224 1945 356 1979; x_wconf 78' lang='lat' dir='ltr'>vetere</span> <span class='ocrx_word' id='word_1_216' title='bbox 385 1940 542 1991; x_wconf 84' lang='lat' dir='ltr'>collega</span> <span class='ocrx_word' id='word_1_217' title='bbox 564 1942 610 1981; x_wconf 89' lang='lat' dir='ltr'>L.</span> <span class='ocrx_word' id='word_1_218' title='bbox 634 1941 778 1982; x_wconf 91' lang='lat' dir='ltr'>Flacco</span> <span class='ocrx_word' id='word_1_219' title='bbox 810 1948 924 1993; x_wconf 83' lang='lat' dir='ltr'>gesta</span> <span class='ocrx_word' id='word_1_220' title='bbox 952 1942 1105 1982; x_wconf 89' lang='lat' dir='ltr'>unicum</span> <span class='ocrx_word' id='word_1_221' title='bbox 1136 1941 1352 1993; x_wconf 83' lang='lat' dir='ltr'>exemplum</span> <span class='ocrx_word' id='word_1_222' title='bbox 1377 1942 1508 1990; x_wconf 90' lang='lat' dir='ltr'>edidit,</span> 
     </span>
     <span class='ocr_line' id='line_1_27' title="bbox 110 2006 1509 2062; baseline 0.001 -17"><span class='ocrx_word' id='word_1_223' title='bbox 110 2006 302 2046; x_wconf 79' lang='lat' dir='ltr'>civitatem</span> <span class='ocrx_word' id='word_1_224' title='bbox 324 2007 364 2046; x_wconf 90' lang='lat' dir='ltr'>in</span> <span class='ocrx_word' id='word_1_225' title='bbox 392 2019 437 2046; x_wconf 92' lang='lat' dir='ltr'>eo</span> <span class='ocrx_word' id='word_1_226' title='bbox 461 2012 562 2047; x_wconf 87' lang='lat' dir='ltr'>statu</span> <span class='ocrx_word' id='word_1_227' title='bbox 585 2009 741 2060; x_wconf 87' lang='lat' dir='ltr'>publice</span> <span class='ocrx_word' id='word_1_228' title='bbox 763 2010 1022 2062; x_wconf 75' lang='lat' dir='ltr'>privatimque</span> <span class='ocrx_word' id='word_1_229' title='bbox 1042 2009 1246 2057; x_wconf 85' lang='lat' dir='ltr'>retineret,</span> <span class='ocrx_word' id='word_1_230' title='bbox 1276 2009 1337 2048; x_wconf 88' lang='lat' dir='ltr'>cui</span> <span class='ocrx_word' id='word_1_231' title='bbox 1361 2021 1509 2048; x_wconf 86' lang='lat' dir='ltr'>summa</span> 
     </span>
     <span class='ocr_line' id='line_1_28' title="bbox 107 2074 1509 2125; baseline 0.002 -13"><span class='ocrx_word' id='word_1_232' title='bbox 107 2074 304 2125; x_wconf 88' lang='lat' dir='ltr'>potentiae</span> <span class='ocrx_word' id='word_1_233' title='bbox 335 2079 371 2113; x_wconf 92' lang='lat' dir='ltr'>et</span> <span class='ocrx_word' id='word_1_234' title='bbox 401 2074 673 2115; x_wconf 88' lang='lat' dir='ltr'>dominationis</span> <span class='ocrx_word' id='word_1_235' title='bbox 709 2077 946 2116; x_wconf 83' lang='lat' dir='ltr'>incrementa</span> <span class='ocrx_word' id='word_1_236' title='bbox 976 2076 1228 2116; x_wconf 87' lang='lat' dir='ltr'>debebantur.</span> <span class='ocrx_word' id='word_1_237' title='bbox 1285 2076 1362 2115; x_wconf 89' lang='lat' dir='ltr'>Aut</span> <span class='ocrx_word' id='word_1_238' title='bbox 1391 2087 1509 2115; x_wconf 88' lang='lat' dir='ltr'>accu-</span> 
     </span>
     <span class='ocr_line' id='line_1_29' title="bbox 107 2141 1505 2196; baseline 0.001 -17"><span class='ocrx_word' id='word_1_239' title='bbox 107 2141 209 2181; x_wconf 83' lang='lat' dir='ltr'>savit</span> <span class='ocrx_word' id='word_1_240' title='bbox 238 2146 303 2180; x_wconf 87' lang='lat' dir='ltr'>aut</span> <span class='ocrx_word' id='word_1_241' title='bbox 334 2146 438 2181; x_wconf 87' lang='lat' dir='ltr'>certe</span> <span class='ocrx_word' id='word_1_242' title='bbox 469 2142 692 2183; x_wconf 88' lang='lat' dir='ltr'>criminibus</span> <span class='ocrx_word' id='word_1_243' title='bbox 722 2144 878 2196; x_wconf 88' lang='lat' dir='ltr'>petivit,</span> <span class='ocrx_word' id='word_1_244' title='bbox 910 2156 994 2183; x_wconf 92' lang='lat' dir='ltr'>cum</span> <span class='ocrx_word' id='word_1_245' title='bbox 1026 2144 1075 2182; x_wconf 89' lang='lat' dir='ltr'>ab</span> <span class='ocrx_word' id='word_1_246' title='bbox 1099 2143 1188 2182; x_wconf 86' lang='lat' dir='ltr'>aliis</span> <span class='ocrx_word' id='word_1_247' title='bbox 1214 2149 1505 2190; x_wconf 86' lang='lat' dir='ltr'>accusarentur,</span> 
     </span>
     <span class='ocr_line' id='line_1_30' title="bbox 105 2209 1507 2261; baseline 0.001 -15"><span class='ocrx_word' id='word_1_248' title='bbox 105 2213 264 2259; x_wconf 87' lang='lat' dir='ltr'>praeter</span> <span class='ocrx_word' id='word_1_249' title='bbox 291 2209 551 2259; x_wconf 86' lang='lat' dir='ltr'>ignobiliores</span> <span class='ocrx_word' id='word_1_250' title='bbox 583 2210 772 2261; x_wconf 86' lang='lat' dir='ltr'>quosdam</span> <span class='ocrx_word' id='word_1_251' title='bbox 803 2211 848 2259; x_wconf 85' lang='lat' dir='ltr'>Q.</span> <span class='ocrx_word' id='word_1_252' title='bbox 872 2211 1089 2250; x_wconf 88' lang='lat' dir='ltr'>Minucium</span> <span class='ocrx_word' id='word_1_253' title='bbox 1118 2220 1197 2248; x_wconf 91' lang='lat' dir='ltr'>cos.</span> <span class='ocrx_word' id='word_1_254' title='bbox 1230 2209 1310 2248; x_wconf 89' lang='grc'>561</span> <span class='ocrx_word' id='word_1_255' title='bbox 1343 2214 1507 2260; x_wconf 88' lang='lat' dir='ltr'>propter</span> 
     </span>
     <span class='ocr_line' id='line_1_31' title="bbox 106 2275 1505 2327; baseline 0 -13"><span class='ocrx_word' id='word_1_256' title='bbox 106 2275 280 2314; x_wconf 89' lang='lat' dir='ltr'>homines</span> <span class='ocrx_word' id='word_1_257' title='bbox 309 2276 451 2314; x_wconf 88' lang='lat' dir='ltr'>iniuste</span> <span class='ocrx_word' id='word_1_258' title='bbox 480 2281 640 2315; x_wconf 88' lang='lat' dir='ltr'>necatos</span> <span class='ocrx_word' id='word_1_259' title='bbox 671 2281 708 2315; x_wconf 92' lang='lat' dir='ltr'>et</span> <span class='ocrx_word' id='word_1_260' title='bbox 730 2277 917 2316; x_wconf 69' lang='lat' dir='ltr'>victorias</span> <span class='ocrx_word' id='word_1_261' title='bbox 948 2276 1057 2316; x_wconf 84' lang='lat' dir='ltr'>fictas</span> <span class='ocrx_word' id='word_1_262' title='bbox 1087 2275 1398 2327; x_wconf 87' lang='lat' dir='ltr'>triumphumque</span> <span class='ocrx_word' id='word_1_263' title='bbox 1426 2275 1505 2315; x_wconf 89' lang='lat' dir='ltr'>eri-</span> 
     </span>
     <span class='ocr_line' id='line_1_32' title="bbox 105 2338 1504 2396; baseline 0.001 -16"><span class='ocrx_word' id='word_1_264' title='bbox 105 2338 297 2393; x_wconf 71' lang='lat' dir='ltr'>puit(⁵5);</span> <span class='ocrx_word' id='word_1_265' title='bbox 334 2342 390 2381; x_wconf 92' lang='grc' dir='ltr'>Μ’</span> <span class='ocrx_word' id='word_1_266' title='bbox 420 2342 587 2382; x_wconf 90' lang='lat' dir='ltr'>Acilium</span> <span class='ocrx_word' id='word_1_267' title='bbox 617 2354 805 2383; x_wconf 88' lang='lat' dir='ltr'>censurae</span> <span class='ocrx_word' id='word_1_268' title='bbox 836 2344 1126 2396; x_wconf 87' lang='lat' dir='ltr'>competitorem</span> <span class='ocrx_word' id='word_1_269' title='bbox 1145 2340 1236 2393; x_wconf 65' lang='lat'>(⁹⁶),</span> <span class='ocrx_word' id='word_1_270' title='bbox 1273 2342 1320 2382; x_wconf 87' lang='lat' dir='ltr'>L.</span> <span class='ocrx_word' id='word_1_271' title='bbox 1347 2342 1504 2394; x_wconf 89' lang='lat' dir='ltr'>Scipio-</span> 
     </span>
    </p>
   </div>
   <div class='ocr_carea' id='block_1_3' title="bbox 106 2421 386 2431">
    <p class='ocr_par' dir='ltr' id='par_1_3' title="bbox 106 2421 386 2431">
     <span class='ocr_line' id='line_1_33' title="bbox 106 2421 386 2431; baseline 0 0"><span class='ocrx_word' id='word_1_272' title='bbox 106 2421 386 2431; x_wconf 95' lang='lat' dir='ltr'> </span> 
     </span>
    </p>
   </div>
   <div class='ocr_carea' id='block_1_4' title="bbox 102 2472 1502 2800">
    <p class='ocr_par' dir='ltr' id='par_1_4' title="bbox 102 2472 1502 2800">
     <span class='ocr_line' id='line_1_34' title="bbox 198 2472 1502 2520; baseline 0.002 -14"><span class='ocrx_word' id='word_1_273' title='bbox 198 2472 256 2516; x_wconf 79' lang='lat'>79)</span> <span class='ocrx_word' id='word_1_274' title='bbox 281 2472 377 2517; x_wconf 85' lang='lat' dir='ltr'>Nep.</span> <span class='ocrx_word' id='word_1_275' title='bbox 399 2473 477 2508; x_wconf 84' lang='lat' dir='ltr'>Cat.</span> <span class='ocrx_word' id='word_1_276' title='bbox 500 2473 528 2509; x_wconf 92' lang='lat' dir='ltr'>I.</span> <span class='ocrx_word' id='word_1_277' title='bbox 567 2474 641 2509; x_wconf 85' lang='lat' dir='ltr'>Cic.</span> <span class='ocrx_word' id='word_1_278' title='bbox 660 2474 738 2509; x_wconf 89' lang='lat' dir='ltr'>Cat.</span> <span class='ocrx_word' id='word_1_279' title='bbox 759 2475 792 2515; x_wconf 85' lang='grc'>4,</span> <span class='ocrx_word' id='word_1_280' title='bbox 817 2474 867 2510; x_wconf 89' lang='grc'>10.</span> <span class='ocrx_word' id='word_1_281' title='bbox 896 2475 955 2519; x_wconf 86' lang='lat' dir='ltr'>qui</span> <span class='ocrx_word' id='word_1_282' title='bbox 981 2474 1027 2508; x_wconf 88' lang='lat' dir='ltr'>de</span> <span class='ocrx_word' id='word_1_283' title='bbox 1046 2480 1173 2520; x_wconf 84' lang='lat' dir='ltr'>quarto</span> <span class='ocrx_word' id='word_1_284' title='bbox 1193 2473 1295 2508; x_wconf 84' lang='lat' dir='ltr'>Fabii</span> <span class='ocrx_word' id='word_1_285' title='bbox 1315 2473 1502 2509; x_wconf 82' lang='lat' dir='ltr'>consulatu</span> 
     </span>
     <span class='ocr_line' id='line_1_35' title="bbox 106 2529 1499 2575; baseline 0.004 -14"><span class='ocrx_word' id='word_1_286' title='bbox 106 2529 254 2571; x_wconf 83' lang='lat' dir='ltr'>erravit,</span> <span class='ocrx_word' id='word_1_287' title='bbox 276 2541 308 2563; x_wconf 86' lang='lat' dir='ltr'>v.</span> <span class='ocrx_word' id='word_1_288' title='bbox 325 2529 408 2565; x_wconf 84' lang='lat' dir='ltr'>Liv.</span> <span class='ocrx_word' id='word_1_289' title='bbox 419 2530 552 2566; x_wconf 85' lang='lat' dir='ltr'>XXIII.</span> <span class='ocrx_word' id='word_1_290' title='bbox 572 2530 677 2566; x_wconf 85' lang='lat'>39.—</span> <span class='ocrx_word' id='word_1_291' title='bbox 689 2530 769 2565; x_wconf 81' lang='lat' dir='ltr'>Liv.</span> <span class='ocrx_word' id='word_1_292' title='bbox 780 2530 930 2566; x_wconf 85' lang='lat' dir='ltr'>XXVII.</span> <span class='ocrx_word' id='word_1_293' title='bbox 947 2531 1002 2566; x_wconf 91' lang='grc'>46.</span> <span class='ocrx_word' id='word_1_294' title='bbox 1117 2531 1178 2575; x_wconf 86' lang='grc'>80)</span> <span class='ocrx_word' id='word_1_295' title='bbox 1196 2530 1291 2565; x_wconf 84' lang='lat' dir='ltr'>Plut.</span> <span class='ocrx_word' id='word_1_296' title='bbox 1310 2531 1387 2566; x_wconf 86' lang='lat' dir='ltr'>Cat.</span> <span class='ocrx_word' id='word_1_297' title='bbox 1406 2530 1437 2565; x_wconf 86' lang='lat'>3.</span> <span class='ocrx_word' id='word_1_298' title='bbox 1455 2530 1499 2566; x_wconf 92' lang='lat' dir='ltr'>cf.</span> 
     </span>
     <span class='ocr_line' id='line_1_36' title="bbox 105 2581 1500 2631; baseline 0.001 -13"><span class='ocrx_word' id='word_1_299' title='bbox 105 2583 187 2619; x_wconf 89' lang='lat' dir='ltr'>Liv.</span> <span class='ocrx_word' id='word_1_300' title='bbox 212 2585 343 2620; x_wconf 87' lang='lat' dir='ltr'>XXIX.</span> <span class='ocrx_word' id='word_1_301' title='bbox 372 2586 424 2621; x_wconf 88' lang='grc'>19.</span> <span class='ocrx_word' id='word_1_302' title='bbox 540 2587 599 2631; x_wconf 89' lang='grc'>81)</span> <span class='ocrx_word' id='word_1_303' title='bbox 635 2581 717 2624; x_wconf 82' lang='lat' dir='ltr'>Liv.</span> <span class='ocrx_word' id='word_1_304' title='bbox 744 2587 893 2623; x_wconf 80' lang='lat' dir='ltr'>XXXII.</span> <span class='ocrx_word' id='word_1_305' title='bbox 919 2589 952 2623; x_wconf 82' lang='lat'>8.</span> <span class='ocrx_word' id='word_1_306' title='bbox 1068 2588 1130 2631; x_wconf 79' lang='lat'>82)</span> <span class='ocrx_word' id='word_1_307' title='bbox 1165 2587 1246 2622; x_wconf 88' lang='lat' dir='ltr'>Liv.</span> <span class='ocrx_word' id='word_1_308' title='bbox 1272 2587 1442 2621; x_wconf 85' lang='lat' dir='ltr'>XXXIV.</span> <span class='ocrx_word' id='word_1_309' title='bbox 1472 2587 1500 2621; x_wconf 91' lang='lat' dir='ltr'>l.</span> 
     </span>
     <span class='ocr_line' id='line_1_37' title="bbox 103 2640 1500 2688; baseline 0.003 -14"><span class='ocrx_word' id='word_1_310' title='bbox 103 2641 163 2684; x_wconf 81' lang='lat'>83)</span> <span class='ocrx_word' id='word_1_311' title='bbox 180 2640 262 2676; x_wconf 88' lang='lat' dir='ltr'>Liv.</span> <span class='ocrx_word' id='word_1_312' title='bbox 275 2642 442 2678; x_wconf 85' lang='lat' dir='ltr'>XXXIV.</span> <span class='ocrx_word' id='word_1_313' title='bbox 454 2643 592 2680; x_wconf 74' lang='lat'>9—21.</span> <span class='ocrx_word' id='word_1_314' title='bbox 610 2644 654 2679; x_wconf 85' lang='lat' dir='ltr'>cs.</span> <span class='ocrx_word' id='word_1_315' title='bbox 667 2645 722 2680; x_wconf 85' lang='grc'>46.</span> <span class='ocrx_word' id='word_1_316' title='bbox 827 2645 888 2688; x_wconf 82' lang='grc'>84)</span> <span class='ocrx_word' id='word_1_317' title='bbox 899 2644 1157 2680; x_wconf 87' lang='lat' dir='ltr'>Liv.XXXVI.</span> <span class='ocrx_word' id='word_1_318' title='bbox 1174 2645 1228 2680; x_wconf 90' lang='lat'>15.</span> <span class='ocrx_word' id='word_1_319' title='bbox 1329 2644 1389 2687; x_wconf 80' lang='lat'>85)</span> <span class='ocrx_word' id='word_1_320' title='bbox 1405 2643 1500 2678; x_wconf 75' lang='lat' dir='ltr'>Gen.</span> 
     </span>
     <span class='ocr_line' id='line_1_38' title="bbox 103 2696 1498 2745; baseline 0.001 -15"><span class='ocrx_word' id='word_1_321' title='bbox 103 2696 147 2731; x_wconf 86' lang='lat' dir='ltr'>X.</span> <span class='ocrx_word' id='word_1_322' title='bbox 167 2698 198 2732; x_wconf 85' lang='lat'>3.</span> <span class='ocrx_word' id='word_1_323' title='bbox 230 2697 327 2732; x_wconf 90' lang='lat' dir='ltr'>XIII.</span> <span class='ocrx_word' id='word_1_324' title='bbox 348 2699 403 2734; x_wconf 82' lang='lat'>24.</span> <span class='ocrx_word' id='word_1_325' title='bbox 440 2700 522 2736; x_wconf 85' lang='lat' dir='ltr'>Liv.</span> <span class='ocrx_word' id='word_1_326' title='bbox 541 2701 729 2737; x_wconf 82' lang='lat' dir='ltr'>XXXVII.</span> <span class='ocrx_word' id='word_1_327' title='bbox 751 2702 805 2736; x_wconf 86' lang='grc'>46.</span> <span class='ocrx_word' id='word_1_328' title='bbox 922 2701 981 2745; x_wconf 84' lang='grc'>86)</span> <span class='ocrx_word' id='word_1_329' title='bbox 1001 2701 1085 2738; x_wconf 90' lang='lat' dir='ltr'>Liv.</span> <span class='ocrx_word' id='word_1_330' title='bbox 1105 2700 1288 2737; x_wconf 84' lang='lat' dir='ltr'>XXXVII.</span> <span class='ocrx_word' id='word_1_331' title='bbox 1310 2700 1365 2735; x_wconf 78' lang='lat'>57.</span> <span class='ocrx_word' id='word_1_332' title='bbox 1402 2699 1498 2734; x_wconf 80' lang='lat' dir='ltr'>Fest.</span> 
     </span>
     <span class='ocr_line' id='line_1_39' title="bbox 102 2759 386 2800; baseline 0.007 -12"><span class='ocrx_word' id='word_1_333' title='bbox 102 2764 139 2790; x_wconf 86' lang='lat' dir='ltr'>v.</span> <span class='ocrx_word' id='word_1_334' title='bbox 157 2759 386 2800; x_wconf 74' lang='lat' dir='ltr'>penatores.</span> 
     </span>
    </p>
   </div>
   <div class='ocr_carea' id='block_1_5' title="bbox 1159 2827 1217 2868">
    <p class='ocr_par' dir='ltr' id='par_1_5' title="bbox 1159 2827 1217 2868">
     <span class='ocr_line' id='line_1_40' title="bbox 1159 2827 1217 2868; baseline 0 -20"><span class='ocrx_word' id='word_1_335' title='bbox 1159 2827 1217 2868; x_wconf 81' lang='lat'>2.</span> 
     </span>
    </p>
   </div>
  </div>
 </body>
</html>
