1835 3126
392 239 471 283 ΑΕ
505 238 616 282 CIG.
647 238 916 283 BRUTUM
947 240 1065 284 CAP.
1096 241 1164 285 53.
1195 239 1262 284 54.
1399 241 1526 286 395

139 357 314 394 versatus
351 357 409 392 est
448 353 711 394 Gernhardus.
769 354 877 395 Infra
917 367 949 395 c.
980 357 1054 404 82,
1086 356 1189 396 284:
1231 355 1314 393 indo
1343 360 1425 393 orat
1452 357 1526 393 ista

137 420 309 465 coeilitas,
341 432 454 469 (luam
481 421 544 459 tllc
573 420 756 472 (Calvus)
786 423 830 459 de
857 422 1046 460 tndustrta
1075 422 1374 471 consequebatur.

251 486 456 537 delectavit]
500 488 607 528 refer
647 488 696 528 ad
733 492 880 526 ‹tnimos
910 492 1098 535 onmium,-
1137 488 1239 527 male
1278 489 1377 527 cuim
1406 487 1528 539 vulgo

136 552 295 604 virgula
325 553 564 604 distinguunt
591 560 681 607 post
705 556 911 593 ‹lelectavtt.
955 554 1014 594 De
1043 555 1258 606 hyperbato
1288 553 1392 606 apud
1417 555 1529 595 Cice-

137 631 271 660 ronem
302 621 466 673 exposui
494 622 533 660 in
564 620 610 660 de
637 621 704 661 Or.
725 621 756 661 I.
791 622 862 670 10,
889 622 954 661 39.
1012 620 1071 660 De
1100 621 1299 661 hilaritate
1326 621 1420 671 illa,
1452 634 1530 673 qua

137 698 295 726 causam
314 687 524 728 Curianam
539 692 659 727 totam
677 687 843 728 Crassus
866 689 1059 749 tractayit,
1084 701 1119 729 v.
1137 688 1183 728 de
1201 690 1266 729 Or.
1284 689 1331 728 II.
1349 689 1415 737 54,
1433 691 1527 729 220.

254 754 346 794 198.
404 760 584 804 (lucratam
611 755 680 792 stbi
710 758 915 805 potentiam
940 778 990 783 -—
1021 756 1237 805 assumeret]
1276 756 1350 795 huc
1379 757 1418 795 in
1447 756 1530 808 pri-

135 820 206 858 mis
244 824 395 872 spectat
432 820 542 860 locus
584 820 631 860 dc
662 822 728 861 Or.
758 821 806 861 II.
837 823 880 870 6,
911 823 998 871 24„
1040 834 1117 875 quo
1154 823 1243 874 ipsa
1282 822 1356 862 illa
1395 823 1531 863 Crassi

135 886 257 927 verba
298 887 339 926 in
382 887 615 928 Scaevolam
658 889 754 928 iuris
797 889 1028 941 prudentiae
1072 890 1186 941 quasi
1231 889 1531 928 dominationem

137 954 332 1002 quandam
362 955 437 993 sibi
469 960 720 1006 arrogantem
751 961 1038 996 convertuntur.

250 1021 392 1059 dixisse
429 1028 470 1059 ut
511 1028 640 1060 contra
681 1035 787 1060 vomo
825 1022 1024 1070 videretur]
1066 1021 1306 1073 superiorem
1346 1020 1531 1061 Crassum

139 1099 188 1126 ex
218 1087 292 1127 hoc
332 1089 543 1127 certamine
581 1087 809 1127 discessisse
847 1087 1028 1128 discimus
1059 1100 1107 1127 ex
1134 1088 1293 1128 Antonii
1320 1089 1452 1128 verbis
1483 1088 1531 1128 de

134 1154 202 1194 Or.
229 1154 258 1193 1.
290 1152 364 1202 56,
396 1155 490 1194 239.

246 1219 344 1262 LIV.
405 1222 500 1261 200.
561 1220 792 1269 oscitantem]
817 1220 962 1259 similia
984 1220 1031 1260 de
1046 1220 1139 1260 honi
1164 1226 1230 1260 aut
1252 1220 1345 1260 mali
1360 1221 1531 1261 oratoris

137 1286 327 1335 dictione,
351 1286 543 1339 quomodo
568 1286 766 1325 audientes
784 1286 946 1336 afficiat,
970 1292 1181 1326 narrantur
1202 1299 1232 1326 c.
1250 1289 1324 1337 84,
1343 1288 1425 1328 289
1442 1301 1528 1340 sqq.

250 1355 502 1404 circulantem]
546 1355 645 1393 mira
675 1359 733 1393 est
760 1354 865 1394 Rivii
902 1355 1072 1406 suspicio
1103 1354 1370 1400 calculantem,
1411 1367 1530 1407 prae—

137 1421 270 1460 sertim
300 1431 383 1459 cum
412 1421 497 1472 ipse
528 1420 718 1472 quaedam
747 1432 824 1460 non
851 1421 985 1473 inepta
1015 1419 1154 1460 afferat
1184 1420 1233 1459 ad
1259 1421 1531 1473 explicandum

137 1487 295 1528 verbum
325 1487 552 1532 cii-culmum,
591 1486 695 1538 quod
726 1492 784 1526 est
821 1499 898 1527 non
927 1499 1004 1527 uno
1033 1487 1122 1527 loco
1154 1488 1310 1537 sedere,
1351 1488 1420 1528 sed
1453 1490 1531 1528 cir-

138 1555 282 1594 cumire
322 1558 359 1593 et
395 1553 636 1602 discursare,
679 1558 720 1593 ut
757 1565 841 1593 cum
877 1555 944 1603 iis,
986 1555 1053 1607 qui
1083 1561 1236 1604 assunt,
1277 1556 1401 1595 otiose
1437 1568 1530 1595 con-

136 1621 352 1661 fabulando
375 1626 524 1673 tempus
546 1621 741 1661 absumas.
784 1621 977 1674 Exposuit
999 1623 1043 1663 P.
1068 1623 1263 1665 Victorius
1288 1623 1381 1665 var.
1405 1623 1529 1663 Lectt.

138 1688 237 1731 VIII.
272 1690 336 1730 13.

250 1759 452 1794 mittentem
483 1754 533 1792 ad
561 1754 691 1804 horas]
729 1765 807 1793 non
842 1754 892 1794 ad
922 1755 1186 1808 clepsydram,
1225 1768 1274 1796 ea
1306 1757 1406 1796 enim
1443 1762 1533 1797 ante

135 1822 305 1863 iudicum
335 1813 472 1861 oculos
499 1821 631 1873 posita
661 1825 764 1869 erat,
808 1820 876 1860 sed
906 1821 957 1861 ad
988 1823 1239 1874 horologium
1269 1836 1300 1862 s.
1331 1824 1532 1872 solarium,

137 1895 179 1929 ut
209 1889 311 1928 scias
351 1893 471 1940 quota
507 1888 607 1927 hora
632 1888 701 1926 sit:
743 1887 847 1938 quod
877 1893 934 1927 est
963 1889 1117 1939 signum
1145 1890 1424 1942 impatientiae.
1480 1891 1534 1928 At

137 1958 253 1994 'horas
288 1955 411 2006 igitur
445 1955 608 2006 proprie
636 1953 831 2004 significat
870 1955 919 1992 ad
948 1955 1063 1993 horas
1092 1957 1388 2006 cognoscenda&
1430 1956 1535 2009 quod

139 2035 186 2063 eo
210 2022 337 2072 magis
358 2022 501 2061 mirere
521 2021 689 2061 Ernesto
712 2020 896 2061 indictum
917 2022 1062 2070 visum,
1091 2023 1195 2073 quod
1217 2022 1395 2063 dicuntur
1419 2024 1534 2063 etiam

139 2089 244 2142 apud
275 2089 356 2129 Cic.
385 2088 475 2128 Nat.
503 2087 624 2128 Deor.
646 2088 694 2128 II.
717 2089 790 2135 38,
819 2089 886 2128 96.
918 2089 1034 2126 horae
1062 2088 1109 2127 de
1134 2089 1360 2141 horologio.
1421 2090 1535 2140 Quod

136 2156 207 2196 ille
243 2156 293 2193 ad
321 2155 446 2202 forum
488 2154 671 2201 coniecit,
716 2165 792 2193 non
832 2155 1028 2206 reputavit
1058 2156 1146 2207 ipsa
1182 2156 1329 2196 iudicia
1367 2157 1408 2196 in
1444 2157 1534 2197 foro

139 2223 314 2263 exercita
345 2226 451 2268 ante,
492 2233 606 2272 quam
636 2221 684 2259 ab
713 2221 892 2272 Augusto
921 2222 1228 2262 transferrentur
1264 2224 1304 2262 in
1333 2223 1534 2263 basilicas.

253 2301 345 2338 opus
375 2288 593 2337 oratorium]
625 2300 718 2337 opus
749 2293 807 2327 est
837 2301 972 2328 munus
1003 2294 1040 2328 et
1066 2291 1293 2342 provincia3
1324 2303 1416 2340 opus
1444 2303 1535 2328 ora-

142 2359 279 2394 tortum
308 2355 366 2403 fit,
409 2365 492 2393 cum
528 2359 664 2394 orator
693 2367 803 2394 suum
832 2356 1030 2406 negotium
1060 2356 1173 2405 facit,
1213 2358 1238 2397 i.
1271 2368 1304 2396 e.
1346 2369 1455 2396 suam
1494 2357 1535 2396 in

143 2422 294 2462 oranda
319 2433 439 2461 causa
467 2422 745 2473 praestantiam
770 2423 948 2463 ostendit.
990 2423 1114 2464 Plane
1137 2424 1330 2474 geminum
1355 2429 1413 2463 est
1442 2437 1536 2473 opus

142 2492 350 2527 censorium
388 2488 435 2527 de
466 2489 532 2528 Or.
562 2488 611 2528 II.
643 2490 718 2537 90,
749 2490 870 2537 367„
910 2490 951 2529 in
982 2502 1095 2542 quem
1123 2490 1252 2530 locum
1291 2490 1536 2531 commentati

140 2568 224 2596 rem
253 2556 522 2608 exposuimus;
559 2555 661 2595 idem
686 2555 833 2606 legitur
862 2556 971 2596 Suet.
1000 2557 1113 2598 Caes.
1142 2560 1232 2606 41.,
1267 2558 1307 2597 in
1339 2569 1414 2609 quo
1443 2557 1534 2596 loco

143 2622 376 2662 illustrando
416 2623 562 2662 erravit
598 2623 870 2671 Casauhonus,
910 2635 995 2663 cum
1033 2625 1181 2665 Gellius
1207 2625 1271 2666 IV.
1305 2626 1387 2672 12„
1426 2624 1535 2663 cuius

142 2690 361 2729 testimonio
387 2690 525 2738 utitur,
551 2690 723 2729 rectiora
745 2689 887 2730 docere
909 2694 1054 2742 posset.
1099 2692 1203 2740 Opus
1225 2690 1370 2728 dicemit
1388 2690 1536 2741 legitur

143 2756 249 2796 infra
284 2756 358 2807 59,
399 2758 516 2805 214.;
562 2763 753 2796 oratorum
797 2770 911 2808 opera
952 2759 1107 2808 propria
1145 2762 1179 2795 et
1221 2760 1331 2808 quasi
1369 2758 1533 2807 leyitima
