1835 3126
494 168 744 214 BRUTUS
785 167 904 212 CAP.
936 168 1002 212 67.
1032 167 1102 212 68.
1362 163 1492 211 268

220 279 406 327 LXVIII.
445 282 542 324 239.
582 280 628 325 C.
669 281 818 324 deinde
848 280 947 324 Piso
986 280 1183 324 statarius
1222 282 1261 321 et
1291 277 1495 320 sermonis

108 364 252 421 plenus
283 367 424 404 orator
459 362 624 403 minime
662 360 734 402 ille
765 360 928 415 quidem
956 360 1098 402 tardus
1134 359 1178 400 in
1206 356 1495 410 excogitando,

107 453 247 483 verum
291 446 429 482 tamen
471 439 584 482 vultu
621 446 660 481 et
696 438 958 481 simulatione
999 437 1124 480 multo
1161 436 1284 478 etiam
1324 435 1496 484 acutior,

109 531 230 574 quam
253 524 361 567 erat,
391 517 620 560 videbatur.
665 515 770 559 Nam
793 518 882 559 cius
906 515 1124 572 aequalem
1145 513 1203 555 Μ’
1227 511 1496 555 Glabrionem

106 595 213 638 bene
245 598 466 638 institutum
501 598 566 638 avi
590 595 825 638 Scaevolae
851 595 1068 650 diligentia
1093 605 1238 635 socors
1268 592 1398 648 ipsius
1420 602 1497 631 na-

108 680 200 716 tura
236 674 549 730 neglegensque
587 674 837 716 tardaverat.
896 671 1031 714 Etiam
1062 670 1110 713 L.
1142 670 1380 726 Torquatus
1410 668 1498 710 ele-

107 765 215 806 gans
250 753 293 794 in
332 752 506 794 dicendo
545 753 588 793 in
622 750 907 793 existumando
947 749 1165 791 admodum
1201 747 1381 804 prudens
1411 752 1496 787 toto

107 842 263 883 genere
299 829 568 886 perurbanus.
625 827 748 870 Meus
788 834 922 869 autem
954 825 1144 880 aequalis
1175 824 1248 865 Cn.
1278 823 1498 878 Pompeius

106 908 172 950 vir
216 907 269 950 ad
312 907 450 949 omnia
493 917 652 947 summa
701 910 822 945 natus
865 904 1066 945 maiorem
1110 901 1275 943 dicendi
1318 900 1499 954 gloriam

107 984 344 1033 habuisset,
372 984 455 1024 nisi
485 995 576 1024 eum
606 982 778 1024 maioris
809 979 971 1035 gloriae
1002 979 1205 1036 cupiditas
1236 978 1289 1021 ad
1321 977 1500 1020 bellicas

106 1062 255 1104 laudes
287 1061 572 1103 abstraxisset.
617 1066 706 1102 erat
736 1060 923 1102 oratione
949 1059 1052 1100 satis
1084 1057 1263 1114 amplus,
1293 1070 1380 1099 rem
1403 1069 1501 1110 pru-

108 1140 253 1182 denter
271 1138 461 1190 videbat3
487 1140 596 1181 actio
618 1151 718 1181 vero
744 1140 834 1180 eius
856 1135 1039 1179 habebat
1063 1142 1102 1178 et
1124 1137 1167 1178 in
1180 1147 1282 1178 voce
1307 1147 1501 1189 magnum

108 1218 371 1275 splendorem
402 1224 441 1260 et
469 1219 511 1259 in
540 1224 652 1259 motu
681 1228 881 1258 summam
913 1215 1167 1270 dignitatem.
1225 1212 1321 1255 240.
1351 1210 1503 1255 Noster

108 1297 206 1339 item
252 1295 441 1351 aequalis
484 1294 534 1338 D.
577 1294 748 1337 Silanus
777 1295 961 1339 {vitricus
1004 1300 1096 1335 tuus
1135 1292 1258 1335 studii
1301 1291 1374 1333 ille
1412 1291 1503 1346 qui—

111 1375 205 1417 dem
232 1374 375 1416 habuit
402 1387 486 1416 non
515 1373 705 1423 multum,
743 1372 819 1415 sed
853 1372 1054 1414 acuminis
1084 1377 1123 1413 et
1153 1371 1354 1412 orationis
1384 1369 1502 1411 satis.

114 1452 164 1504 Q.
201 1452 420 1508 Pompeius
457 1451 510 1493 A.
546 1449 615 1501 F.‚
662 1452 732 1506 qui
765 1449 1008 1505 Bithynicus
1047 1449 1179 1491 dictus
1212 1454 1295 1497 est,
1333 1447 1502 1489 hiennio

109 1543 234 1586 quam
262 1544 340 1572 nos
373 1530 553 1571 fortasse
585 1530 720 1570 maior
749 1542 905 1570 summo
936 1527 1070 1570 studio
1102 1527 1265 1570 dicendi
1295 1525 1503 1580 multaque

110 1608 301 1651 doctrina
344 1607 581 1649 incredibili
623 1606 770 1649 labore
812 1613 933 1662 atque
977 1605 1198 1657 industria3
1243 1603 1351 1659 quod
1395 1604 1504 1645 scire

111 1699 294 1743 possum.
353 1686 429 1727 fuit
463 1686 572 1728 enim
611 1697 771 1726 mecum
809 1690 850 1726 et
890 1696 981 1726 cum
1010 1681 1069 1724 M.
1097 1682 1250 1724 Pisone
1280 1694 1372 1723 cum
1401 1681 1506 1723 ami-

114 1765 214 1807 citia
259 1770 343 1807 tum
380 1763 528 1807 studiis
572 1760 1018 1817 exercitationibusque
1062 1761 1316 1803 coniunctus.
1383 1757 1506 1801 huius

114 1914 261 1956 praeter
286 1908 344 1943 20.
366 1907 422 1943 35.
448 1907 503 1944 53.
529 1907 585 1944 56.
622 1908 690 1944 Gu.
713 1908 743 1943 l.
779 1906 855 1944 Ott.
882 1925 927 1933 —
964 1905 1029 1943 hic
1055 1905 1146 1950 etsi]
1170 1904 1243 1940 hoc
1267 1904 1344 1939 etsi
1366 1903 1423 1939 ed.
1448 1912 1505 1950 pr.

113 1965 178 2002 lzic
201 1968 238 2001 si
261 1965 326 2011 Lg.
351 1970 501 2010 praeter
523 1965 600 2009 20„
625 1966 656 2000 is
681 1967 758 2000 etsi
781 1975 850 2000 om.

204 2021 371 2057 LXVIII.
418 2020 497 2058 239.
547 2021 703 2065 deinde]
740 2032 811 2055 om.
845 2020 912 2055 Gu.
941 2020 972 2055 1.
1003 2037 1049 2045 -—
1092 2016 1368 2063 excoqitando]
1405 2016 1507 2062 0095-

115 2079 236 2115 tando
275 2078 331 2113 ed.
356 2088 409 2122 pr.
433 2097 477 2102 —
521 2077 586 2111 M’
623 2077 891 2120 Glabrionem]
925 2075 984 2111 M.
1016 2075 1097 2109 libri
1130 2085 1255 2109 omnes
1290 2079 1326 2107 et
1360 2072 1416 2106 ed.
1452 2083 1505 2117 pr.

117 2135 173 2170 M.
203 2134 279 2169 Gla
304 2134 368 2168 Gu.
391 2134 422 2168 1.
441 2153 487 2158 —
520 2134 603 2177 avi]
628 2145 696 2168 om.
723 2133 780 2167 ed.
800 2144 854 2177 pr.
877 2150 924 2160 ·-
961 2131 1121 2174 natura]
1147 2141 1236 2164 vero
1262 2129 1329 2164 Gu.
1352 2129 1384 2163 l.
1429 2127 1506 2162 Pro

117 2193 245 2238 ipsius
269 2190 326 2224 ed.
347 2201 400 2234 pr.
428 2193 525 2225 eius.
548 2210 588 2215 —
615 2190 833 2236 neqleyens]
859 2188 925 2234 Lg.
944 2187 977 2223 8.
998 2188 1053 2223 35.
1078 2187 1133 2222 51.
1155 2186 1210 2222 58.
1246 2183 1322 2221 Ott.
1345 2204 1391 2210 -
1425 2187 1506 2219 toto

116 2247 268 2294 genere]
296 2249 338 2281 in
363 2250 443 2279 toto
469 2256 608 2291 yenere
632 2246 717 2280 Par.
740 2245 787 2281 D.
814 2264 861 2271 —-
898 2246 979 2279 nisi
1000 2244 1102 2287 eum]
1130 2254 1199 2277 om.
1226 2242 1293 2276 Gn.
1322 2242 1350 2276 1.

207 2303 286 2337 240.
336 2301 404 2344 D.]
438 2300 586 2336 Decius
615 2302 682 2347 Lg.
706 2301 760 2336 20.
783 2300 838 2335 39.
860 2319 908 2328 -—-
944 2298 1127 2342 Silanus]
1161 2298 1325 2333 sillanus
1360 2296 1427 2343 Lg.
1451 2295 1507 2331 20.

116 2361 172 2395 39.
192 2359 246 2393 53.
276 2355 353 2393 Ott.
378 2356 471 2391 Ven.
489 2356 521 2391 2.
570 2357 746 2402 syllanus
770 2357 827 2391 ed.
851 2368 905 2402 pr.
930 2361 967 2390 et
991 2355 1085 2389 aliae
1110 2355 1298 2399 quaedam.
1347 2353 1508 2399 syllanus

117 2416 183 2461 Lg.
203 2415 258 2450 58.
277 2434 323 2439 —-—
357 2413 531 2456 dicendi]
558 2412 738 2449 discendi
760 2413 886 2447 Lamb.
922 2409 1064 2447 Orellio
1083 2411 1276 2457 probatus3
1299 2411 1411 2445 miror
1435 2420 1508 2444 non

118 2483 226 2506 unum
257 2471 459 2505 alterumve
488 2469 616 2504 librum
649 2471 746 2505 illam
777 2469 992 2515 scripturam
1017 2467 1272 2513 suppeditare,
1307 2465 1402 2511 quod
1426 2464 1509 2499 fieri

117 2528 223 2563 solet.
273 2526 439 2561 Ceterum
463 2525 588 2560 infelix
611 2528 817 2562 coniectura
842 2530 912 2566 est3
946 2525 1138 2570 sequentia
1166 2524 1259 2557 enim
1282 2522 1415 2556 docent
1438 2526 1508 2554 stu-

118 2584 215 2618 dium
240 2583 326 2616 illud
345 2582 513 2627 Pompeii
536 2594 609 2617 non
634 2583 833 2618 discendis
857 2580 970 2615 literis
995 2586 1055 2614 aut
1080 2580 1147 2614 arti
1169 2578 1375 2613 rhetoricae
1398 2576 1509 2611 fuisse

116 2641 309 2681 intentum,
334 2638 400 2673 sed
419 2638 738 2675 declamationibus
764 2646 800 2674 et
818 2637 1071 2674 exercitandae
1094 2635 1267 2670 facultati.
1287 2654 1332 2660 —
1357 2644 1508 2668 mecum

118 2697 171 2741 et]
187 2701 223 2731 et
237 2706 304 2732 om.
319 2694 388 2740 Lg.
401 2694 436 2733 8.
448 2694 503 2733 39.
516 2695 572 2731 51,
585 2696 642 2734 56.
661 2696 754 2734 Ven.
770 2698 800 2734 l.
814 2715 860 2725 ·-
884 2705 972 2732 cum
985 2693 1181 2738 amicicia]
1197 2697 1278 2730 tum
1291 2702 1367 2728 am.
1381 2690 1438 2726 ed.
1451 2700 1505 2736 pr.
