1835 3126
291 223 417 278 334
722 215 1244 262 EXPLleA'rloNEs

291 339 496 393 diligentia
528 335 698 376 oratoris
727 333 767 372 in
796 337 962 383 utroque
991 342 1135 381 genere
1166 330 1336 371 adiutrix
1365 328 1527 376 dieitur3
1566 332 1606 366 ut
1636 326 1681 374 is,

292 422 376 450 cum
405 408 446 447 in
473 404 590 445 rebus
614 399 799 442 Romanis
823 396 1055 448 colligendis
1081 398 1419 449 exquisitissimam
1443 394 1684 446 diligentiam

291 478 475 531 poneret,
505 483 554 511 ne
588 474 738 509 ceteras
773 465 928 519 quidem
955 464 1187 515 neglexerit.
1229 464 1290 502 Ita
1317 462 1573 514 intelligenda
1599 465 1685 500 sunt

294 554 396 597 quae
437 540 574 582 Cicero
616 537 656 576 in
693 535 815 575 Bruto
857 535 928 582 ll,
959 534 1026 573 44.
1065 536 1102 571 et
1141 530 1274 583 Nepos
1311 530 1350 568 in
1389 530 1515 569 Attico
1555 540 1587 568 e.
1621 528 1684 569 18.

289 609 546 651 tradiderunt.

409 677 473 716 12.
532 684 656 711 rernm
685 668 911 717 nostratum]
942 665 1121 716 intellige
1151 663 1199 703 de
1227 668 1351 703 morte
1381 661 1538 702 Tulliae
1569 667 1606 701 et
1632 666 1690 701 tot

296 745 521 789 amicorum,
545 736 859 787 Dolabellaeque
883 734 1019 786 generi
1035 732 1314 779 moliminibus3
1339 742 1548 769 comumnes
1563 734 1690 769 autem

297 813 345 852 de
383 807 614 852 Pharsalico
661 804 816 857 praelio
856 808 893 842 et
942 802 1099 842 interitu
1132 799 1339 840 libertatis.
1403 797 1614 846 „Breviter
1651 797 1690 836 in

297 878 459 921 eandem
501 873 726 915 sententiam
766 870 815 910 ad
844 870 931 910 Div.
958 869 1022 911 IV.
1057 870 1129 909 14:
1168 870 1243 906 uisi
1283 870 1322 905 tn
1354 866 1473 904 reditu
1504 877 1584 902 meo
1612 877 1691 902 me-

297 948 410 985 liores
438 957 498 983 res
527 943 748 980 domesticas
781 952 891 989 quam
921 951 999 975 rem
1028 937 1214 988 publicam
1238 933 1523 983 offendissem.“
1570 935 1692 971 Bern-

295 1013 427 1059 hardy.

408 1077 472 1118 IV.
534 1075 597 1115 15.
656 1085 836 1111 sumerem
866 1071 1022 1122 aliquid]
1060 1081 1109 1109 ex
1138 1080 1295 1108 munere
1326 1080 1350 1107 a
1379 1072 1416 1108 te
1438 1067 1572 1108 oblato
1599 1078 1691 1107 cau-

300 1158 382 1186 sam
420 1153 610 1183 sumerem
647 1151 707 1179 me
744 1137 961 1185 reficiendi3
1000 1149 1074 1189 quo
1110 1136 1215 1176 facto
1256 1136 1371 1175 etiam
1409 1135 1557 1174 animus
1590 1134 1693 1174 foret

296 1225 372 1267 par
396 1210 485 1264 pari
509 1205 708 1248 reddendi.
753 1206 857 1250 Quae
877 1215 1115 1255 consequens
1143 1208 1180 1242 et
1201 1207 1446 1255 assumptum,
1472 1214 1548 1242 non
1578 1202 1691 1242 eolli-

299 1285 433 1332 gatum
471 1281 507 1316 et
544 1279 685 1314 natura
714 1284 788 1324 par
825 1270 1044 1322 signifieat3
1086 1273 1144 1308 est
1173 1274 1206 1306 et
1235 1270 1320 1307 hinc
1350 1271 1463 1306 ettam
1492 1268 1586 1317 (und
1621 1269 1693 1307 da-

298 1348 425 1396 mtch).
484 1340 712 1383 Hesiodium
748 1338 846 1378 illud
874 1338 1020 1390 legitur
1050 1331 1137 1390 ἔργ.
1169 1337 1264 1376 347.
1302 1358 1358 1363 -
1394 1336 1573 1385 „Iterum
1601 1347 1694 1375 usus

299 1419 358 1454 est
399 1412 449 1452 ad
486 1412 564 1451 Att.
592 1408 699 1449 XIII.
733 1409 804 1447 12:
844 1419 908 1455 090
948 1411 1071 1443 autem
1112 1416 1169 1441 me
1199 1403 1383 1454 parabam
1412 1403 1462 1441 acl
1499 1402 1559 1449 td,
1599 1403 1696 1453 quod

298 1482 362 1520 ille
391 1480 482 1517 mihi
511 1479 690 1521 misisset,
720 1480 761 1511 ut
792 1467 912 1529 αὐτῷ
937 1472 999 1527 τῷ
1031 1468 1196 1526 μέτρῳ,
1228 1466 1302 1511 καὶ
1337 1464 1491 1519 λώϊον,
1519 1472 1555 1508 εὶ
1586 1470 1695 1508 modo

299 1550 499 1600 potuissem
510 1560 521 1593 ,-
551 1557 640 1582 nam
669 1543 737 1581 boc
766 1543 881 1579 etiam
910 1539 1098 1578 Hesiodus
1128 1538 1301 1594 ascribit,
1342 1531 1397 1578 αἶ’
1415 1551 1463 1578 κε
1493 1531 1697 1591 δύνηαι.“

300 1619 444 1663 Meyer.

417 1682 481 1721 16.
541 1690 587 1716 ex·
617 1676 736 1726 novis]
773 1678 925 1726 sumpta
961 1673 1108 1713 locutio
1141 1685 1166 1712 a
1191 1671 1372 1724 frugibus
1402 1670 1513 1712 novis
1544 1670 1616 1711 deo
1646 1671 1696 1711 li-

299 1748 457 1795 bandis,
489 1745 592 1799 quod
623 1738 919 1796 ἇπάρξασθαι
950 1741 1110 1781 Graecis
1141 1744 1215 1779 est:
1255 1752 1291 1780 v.
1325 1739 1470 1780 Tibull.
1501 1739 1530 1779 I.
1558 1740 1601 1788 1,
1632 1740 1696 1779 13.

303 1815 540 1856 Censorinus
571 1811 621 1851 ad
651 1812 687 1850 h.
719 1810 746 1849 l.
774 1810 822 1849 ab
845 1809 996 1860 Heynio
1026 1808 1170 1847 allatus
1195 1819 1228 1847 e.
1259 1809 1317 1847 l.:
1348 1820 1429 1844 cum
1458 1812 1697 1858 perceperant

301 1884 451 1931 fruges,
483 1884 681 1928 antequam
709 1881 963 1921 vescerentur,
1001 1876 1059 1912 dis
1088 1875 1206 1912 Itbare
1239 1877 1490 1912 instituerunt.

416 1951 640 1994 emistusqne
673 1942 744 1991 flos
773 1964 828 1970 —
858 1941 1021 1990 exaruit]
1060 1943 1143 1978 sitis
1174 1952 1257 1979 eum
1288 1940 1335 1979 de
1365 1941 1540 1980 siccitate
1577 1941 1697 1979 inter-

302 2013 532 2069 pretandum
555 2022 640 2050 esse
663 2009 862 2056 videatur,
893 2007 1105 2048 Lambinus
1126 2007 1386 2059 transposuit,
1417 2011 1460 2046 ut
1483 2007 1697 2058 coniunge-

303 2088 410 2123 retur
454 2080 526 2128 flOS
567 2080 631 2115 sttt
670 2082 835 2114 exustus
906 2074 987 2115 Sed
1021 2077 1124 2111 sitim
1160 2075 1420 2126 interpretare
1455 2074 1696 2112 desiderium:

305 2154 362 2190 est
387 2148 505 2195 enim,
529 2149 570 2184 ut
595 2144 788 2184 eruciatus
814 2141 977 2181 sitientis
1001 2140 1275 2192 gravissimus,
1296 2140 1353 2180 ita
1372 2140 1530 2181 bibendi
1551 2153 1698 2181 summa

304 2215 516 2281 cupidita&
559 2211 764 2249 ubertatem
808 2214 935 2249 autem
970 2213 1172 2259 proventus
1210 2207 1406 2259 intellige,
1453 2219 1532 2260 qua.
1568 2212 1698 2248 trans-

301 2284 450 2324 latione
472 2286 648 2332 tempora
674 2277 812 2330 priora
840 2274 1026 2316 scribenti
1057 2275 1227 2315 laetiora
1257 2286 1342 2314 eum
1372 2287 1418 2315 eo
1450 2275 1562 2314 eaelo
1594 2286 1699 2314 eom-

303 2355 514 2405 parantur‚
547 2357 623 2399 quo
648 2349 753 2385 reete
778 2343 1002 2396 temperatis
1028 2342 1162 2382 calore
1189 2347 1226 2382 et
1246 2343 1406 2382 humore
1431 2342 1561 2382 omnia
1580 2342 1697 2382 uber-

304 2419 372 2458 tim
411 2418 668 2456 succrescunt.
728 2409 1005 2463 Componenda
1040 2409 1163 2460 igitur
1190 2409 1262 2459 tlos
1291 2415 1446 2447 exustus
1473 2412 1538 2447 siti
1565 2411 1699 2448 veteris

305 2485 505 2528 ubertatis,
550 2482 575 2520 i.
618 2492 650 2520 e.
686 2484 856 2520 veterem
893 2478 1108 2517 ubertatem
1145 2478 1300 2526 sitiens,
1344 2479 1505 2515 eoearuzt.
1575 2478 1700 2514 Exurt

306 2556 454 2598 autem,
498 2553 540 2588 ut
589 2547 750 2589 Graecis
793 2539 1126 2592 ἆποκαίεσθαι,
1172 2540 1469 2599 ἑντύφεσθαι,
1511 2543 1700 2584 Romanis

307 2623 366 2659 est
403 2617 557 2668 frigore
595 2614 777 2654 caloreve
812 2611 937 2662 laedi,
980 2615 1022 2651 ut
1059 2611 1118 2653 vis
1154 2610 1286 2653 vitalis
1323 2611 1612 2662 exstinguatur:
1660 2622 1697 2651 v.

304 2685 539 2727 Valckenar.
579 2681 630 2723 ad
667 2680 858 2723 Adoniaz.
896 2692 933 2734 p.
966 2679 1079 2729 224„
1118 2679 1225 2719 euius
1266 2679 1535 2720 auctoritatem
1571 2677 1700 2719 attulit

305 2750 548 2802 Bernhardy.
