<?xml version="1.0" encoding="UTF-8"?>
<!DOCTYPE html PUBLIC "-//W3C//DTD XHTML 1.0 Transitional//EN"
    "http://www.w3.org/TR/xhtml1/DTD/xhtml1-transitional.dtd">
<html xmlns="http://www.w3.org/1999/xhtml" xml:lang="en" lang="en">
 <head>
  <title>
</title>
<meta http-equiv="Content-Type" content="text/html;charset=utf-8" />
  <meta name='ocr-system' content='tesseract 3.04.00' />
  <meta name='ocr-capabilities' content='ocr_page ocr_carea ocr_par ocr_line ocrx_word'/>
</head>
<body>
  <div class='ocr_page' id='page_1' title='image "./brutussivedeclar00ciceuoft/brutussivedeclar00ciceuoft_0086.png"; bbox 0 0 1835 3126; ppageno 0'>
   <div class='ocr_carea' id='block_1_1' title="bbox 300 187 1471 242">
    <p class='ocr_par' dir='ltr' id='par_1_1' title="bbox 300 187 1471 242">
     <span class='ocr_line' id='line_1_1' title="bbox 300 187 1471 242; baseline -0.004 -6"><span class='ocrx_word' id='word_1_1' title='bbox 300 198 385 242; x_wconf 81' lang='grc'>66</span> <span class='ocrx_word' id='word_1_2' title='bbox 507 189 704 235; x_wconf 87' lang='lat' dir='ltr'>BREVIS</span> <span class='ocrx_word' id='word_1_3' title='bbox 735 187 1130 242; x_wconf 86' lang='lat' dir='ltr'>ELOQUENTIAE</span> <span class='ocrx_word' id='word_1_4' title='bbox 1161 188 1296 232; x_wconf 82' lang='lat' dir='ltr'>ROM.</span> <span class='ocrx_word' id='word_1_5' title='bbox 1328 187 1471 231; x_wconf 87' lang='lat' dir='ltr'>HIST.</span> 
     </span>
    </p>
   </div>
   <div class='ocr_carea' id='block_1_2' title="bbox 298 299 1700 1692">
    <p class='ocr_par' dir='ltr' id='par_1_2' title="bbox 298 299 1700 1692">
     <span class='ocr_line' id='line_1_2' title="bbox 298 299 1687 356; baseline -0.006 -8"><span class='ocrx_word' id='word_1_6' title='bbox 298 309 415 349; x_wconf 84' lang='lat' dir='ltr'>totius</span> <span class='ocrx_word' id='word_1_7' title='bbox 441 304 629 345; x_wconf 88' lang='lat' dir='ltr'>orationis</span> <span class='ocrx_word' id='word_1_8' title='bbox 653 302 749 343; x_wconf 87' lang='lat' dir='ltr'>ordo</span> <span class='ocrx_word' id='word_1_9' title='bbox 773 308 810 342; x_wconf 92' lang='lat' dir='ltr'>et</span> <span class='ocrx_word' id='word_1_10' title='bbox 834 304 993 355; x_wconf 89' lang='lat' dir='ltr'>partitio</span> <span class='ocrx_word' id='word_1_11' title='bbox 1023 302 1128 356; x_wconf 85' lang='lat' dir='ltr'>apud</span> <span class='ocrx_word' id='word_1_12' title='bbox 1152 303 1314 344; x_wconf 89' lang='lat' dir='ltr'>eundem</span> <span class='ocrx_word' id='word_1_13' title='bbox 1337 308 1463 343; x_wconf 82' lang='lat' dir='ltr'>exstat</span> <span class='ocrx_word' id='word_1_14' title='bbox 1479 299 1567 354; x_wconf 74' lang='lat' dir='ltr'>(9S);</span> <span class='ocrx_word' id='word_1_15' title='bbox 1596 301 1687 341; x_wconf 90' lang='lat' dir='ltr'>item</span> 
     </span>
     <span class='ocr_line' id='line_1_3' title="bbox 300 369 1689 426; baseline -0.006 -11"><span class='ocrx_word' id='word_1_16' title='bbox 300 378 415 426; x_wconf 88' lang='lat' dir='ltr'>caput</span> <span class='ocrx_word' id='word_1_17' title='bbox 442 371 561 419; x_wconf 92' lang='lat' dir='ltr'>illud,</span> <span class='ocrx_word' id='word_1_18' title='bbox 592 372 630 409; x_wconf 92' lang='lat' dir='ltr'>in</span> <span class='ocrx_word' id='word_1_19' title='bbox 661 381 736 421; x_wconf 90' lang='lat' dir='ltr'>quo</span> <span class='ocrx_word' id='word_1_20' title='bbox 765 371 990 410; x_wconf 80' lang='lat' dir='ltr'><strong>vertebatur</strong></span> <span class='ocrx_word' id='word_1_21' title='bbox 1021 382 1141 409; x_wconf 88' lang='lat' dir='ltr'>causa</span> <span class='ocrx_word' id='word_1_22' title='bbox 1165 371 1381 408; x_wconf 68' lang='lat' dir='ltr'>Gratidiani</span> <span class='ocrx_word' id='word_1_23' title='bbox 1409 375 1546 410; x_wconf 90' lang='lat' dir='ltr'>contra</span> <span class='ocrx_word' id='word_1_24' title='bbox 1570 369 1689 409; x_wconf 87' lang='lat' dir='ltr'>Cras-</span> 
     </span>
     <span class='ocr_line' id='line_1_4' title="bbox 299 433 1688 487; baseline -0.006 -7"><span class='ocrx_word' id='word_1_25' title='bbox 299 453 382 480; x_wconf 87' lang='lat' dir='ltr'>sum</span> <span class='ocrx_word' id='word_1_26' title='bbox 410 439 514 479; x_wconf 89' lang='lat' dir='ltr'>dicta</span> <span class='ocrx_word' id='word_1_27' title='bbox 544 438 592 477; x_wconf 81' lang='lat' dir='ltr'>ab</span> <span class='ocrx_word' id='word_1_28' title='bbox 623 437 790 476; x_wconf 91' lang='lat' dir='ltr'>Antonio</span> <span class='ocrx_word' id='word_1_29' title='bbox 813 433 895 487; x_wconf 77' lang='lat'>(99).</span> <span class='ocrx_word' id='word_1_30' title='bbox 956 436 1035 477; x_wconf 88' lang='lat' dir='ltr'>Sed</span> <span class='ocrx_word' id='word_1_31' title='bbox 1067 448 1115 476; x_wconf 86' lang='lat' dir='ltr'>ex</span> <span class='ocrx_word' id='word_1_32' title='bbox 1142 436 1210 484; x_wconf 87' lang='lat' dir='ltr'>iis,</span> <span class='ocrx_word' id='word_1_33' title='bbox 1242 448 1342 487; x_wconf 87' lang='lat' dir='ltr'>quae</span> <span class='ocrx_word' id='word_1_34' title='bbox 1373 437 1511 477; x_wconf 89' lang='lat' dir='ltr'>Cicero</span> <span class='ocrx_word' id='word_1_35' title='bbox 1543 435 1589 475; x_wconf 91' lang='lat' dir='ltr'>de</span> <span class='ocrx_word' id='word_1_36' title='bbox 1620 436 1688 475; x_wconf 90' lang='lat' dir='ltr'>Or.</span> 
     </span>
     <span class='ocr_line' id='line_1_5' title="bbox 298 503 1688 554; baseline -0.006 -6"><span class='ocrx_word' id='word_1_37' title='bbox 298 509 347 548; x_wconf 93' lang='grc' dir='ltr'><strong>ΙΙ.</strong></span> <span class='ocrx_word' id='word_1_38' title='bbox 379 508 450 554; x_wconf 82' lang='lat'>54,</span> <span class='ocrx_word' id='word_1_39' title='bbox 484 506 579 545; x_wconf 82' lang='lat'>257.</span> <span class='ocrx_word' id='word_1_40' title='bbox 612 509 748 543; x_wconf 85' lang='lat' dir='ltr'>narrat</span> <span class='ocrx_word' id='word_1_41' title='bbox 778 503 824 542; x_wconf 99' lang='grc'>(16</span> <span class='ocrx_word' id='word_1_42' title='bbox 853 503 1070 543; x_wconf 89' lang='lat' dir='ltr'>testimonio</span> <span class='ocrx_word' id='word_1_43' title='bbox 1105 503 1146 543; x_wconf 91' lang='lat' dir='ltr'>C.</span> <span class='ocrx_word' id='word_1_44' title='bbox 1180 503 1307 543; x_wconf 90' lang='lat' dir='ltr'>Caelii</span> <span class='ocrx_word' id='word_1_45' title='bbox 1340 503 1472 552; x_wconf 86' lang='lat' dir='ltr'>Caldi,</span> <span class='ocrx_word' id='word_1_46' title='bbox 1512 504 1584 542; x_wconf 87' lang='lat' dir='ltr'>etsi</span> <span class='ocrx_word' id='word_1_47' title='bbox 1614 513 1688 552; x_wconf 75' lang='lat' dir='ltr'>ego</span> 
     </span>
     <span class='ocr_line' id='line_1_6' title="bbox 301 569 1690 623; baseline -0.005 -9"><span class='ocrx_word' id='word_1_48' title='bbox 301 575 392 614; x_wconf 90' lang='lat' dir='ltr'>olim</span> <span class='ocrx_word' id='word_1_49' title='bbox 423 578 459 612; x_wconf 88' lang='lat' dir='ltr'>et</span> <span class='ocrx_word' id='word_1_50' title='bbox 482 573 668 623; x_wconf 74' lang='lat' dir='ltr'>Meyerus</span> <span class='ocrx_word' id='word_1_51' title='bbox 697 571 935 622; x_wconf 74' lang='lat' dir='ltr'>putavimus,</span> <span class='ocrx_word' id='word_1_52' title='bbox 967 571 1118 609; x_wconf 90' lang='lat' dir='ltr'>minime</span> <span class='ocrx_word' id='word_1_53' title='bbox 1150 569 1314 608; x_wconf 84' lang='lat' dir='ltr'>efficitur</span> <span class='ocrx_word' id='word_1_54' title='bbox 1345 581 1501 609; x_wconf 86' lang='lat' dir='ltr'>causam</span> <span class='ocrx_word' id='word_1_55' title='bbox 1531 569 1577 609; x_wconf 92' lang='lat' dir='ltr'>de</span> <span class='ocrx_word' id='word_1_56' title='bbox 1608 581 1690 607; x_wconf 88' lang='lat' dir='ltr'>am-</span> 
     </span>
     <span class='ocr_line' id='line_1_7' title="bbox 299 635 1691 687; baseline -0.004 -7"><span class='ocrx_word' id='word_1_57' title='bbox 299 642 381 680; x_wconf 89' lang='lat' dir='ltr'>hitu</span> <span class='ocrx_word' id='word_1_58' title='bbox 413 645 549 679; x_wconf 86' lang='lat' dir='ltr'>contra</span> <span class='ocrx_word' id='word_1_59' title='bbox 579 639 635 678; x_wconf 89' lang='lat' dir='ltr'>M.</span> <span class='ocrx_word' id='word_1_60' title='bbox 663 638 880 677; x_wconf 89' lang='lat' dir='ltr'>Duronium</span> <span class='ocrx_word' id='word_1_61' title='bbox 911 636 1051 675; x_wconf 84' lang='lat' dir='ltr'>dictam</span> <span class='ocrx_word' id='word_1_62' title='bbox 1083 647 1190 683; x_wconf 82' lang='lat' dir='ltr'>esse3</span> <span class='ocrx_word' id='word_1_63' title='bbox 1221 641 1384 687; x_wconf 88' lang='lat' dir='ltr'>possunt</span> <span class='ocrx_word' id='word_1_64' title='bbox 1413 638 1512 674; x_wconf 90' lang='lat' dir='ltr'>euim</span> <span class='ocrx_word' id='word_1_65' title='bbox 1539 637 1612 675; x_wconf 88' lang='lat' dir='ltr'>illa</span> <span class='ocrx_word' id='word_1_66' title='bbox 1641 635 1691 674; x_wconf 87' lang='lat' dir='ltr'>ad</span> 
     </span>
     <span class='ocr_line' id='line_1_8' title="bbox 301 702 1693 759; baseline -0.005 -12"><span class='ocrx_word' id='word_1_67' title='bbox 301 720 458 747; x_wconf 85' lang='lat' dir='ltr'>causam</span> <span class='ocrx_word' id='word_1_68' title='bbox 486 706 603 759; x_wconf 89' lang='lat' dir='ltr'>plane</span> <span class='ocrx_word' id='word_1_69' title='bbox 634 705 752 744; x_wconf 86' lang='lat' dir='ltr'>aliam</span> <span class='ocrx_word' id='word_1_70' title='bbox 791 716 862 744; x_wconf 88' lang='lat' dir='ltr'>nec</span> <span class='ocrx_word' id='word_1_71' title='bbox 891 703 1050 743; x_wconf 89' lang='lat' dir='ltr'>Antonii</span> <span class='ocrx_word' id='word_1_72' title='bbox 1077 702 1233 742; x_wconf 85' lang='lat' dir='ltr'>referri.</span> <span class='ocrx_word' id='word_1_73' title='bbox 1292 702 1449 742; x_wconf 89' lang='lat' dir='ltr'>Clarum</span> <span class='ocrx_word' id='word_1_74' title='bbox 1480 707 1537 741; x_wconf 89' lang='lat' dir='ltr'>est</span> <span class='ocrx_word' id='word_1_75' title='bbox 1567 707 1693 740; x_wconf 87' lang='lat' dir='ltr'>autem</span> 
     </span>
     <span class='ocr_line' id='line_1_9' title="bbox 302 766 1694 824; baseline -0.006 -9"><span class='ocrx_word' id='word_1_76' title='bbox 302 788 353 815; x_wconf 86' lang='lat' dir='ltr'>ex</span> <span class='ocrx_word' id='word_1_77' title='bbox 381 773 600 821; x_wconf 84' lang='lat' dir='ltr'>Ciceronis,</span> <span class='ocrx_word' id='word_1_78' title='bbox 632 772 771 824; x_wconf 88' lang='lat' dir='ltr'>quibus</span> <span class='ocrx_word' id='word_1_79' title='bbox 801 773 877 810; x_wconf 88' lang='lat' dir='ltr'>iam</span> <span class='ocrx_word' id='word_1_80' title='bbox 902 771 964 809; x_wconf 90' lang='lat' dir='ltr'>usi</span> <span class='ocrx_word' id='word_1_81' title='bbox 996 782 1142 817; x_wconf 90' lang='lat' dir='ltr'>sumus,</span> <span class='ocrx_word' id='word_1_82' title='bbox 1171 766 1406 820; x_wconf 65' lang='lat' dir='ltr'>ve1·his(⁴⁰⁰)</span> <span class='ocrx_word' id='word_1_83' title='bbox 1435 770 1506 808; x_wconf 90' lang='lat' dir='ltr'>has</span> <span class='ocrx_word' id='word_1_84' title='bbox 1535 768 1694 808; x_wconf 84' lang='lat' dir='ltr'>Antonii</span> 
     </span>
     <span class='ocr_line' id='line_1_10' title="bbox 302 836 1694 891; baseline -0.005 -11"><span class='ocrx_word' id='word_1_85' title='bbox 302 842 520 881; x_wconf 87' lang='lat' dir='ltr'>orationum</span> <span class='ocrx_word' id='word_1_86' title='bbox 552 839 742 891; x_wconf 81' lang='lat' dir='ltr'>reliquias</span> <span class='ocrx_word' id='word_1_87' title='bbox 777 838 995 878; x_wconf 87' lang='lat' dir='ltr'>auditorum</span> <span class='ocrx_word' id='word_1_88' title='bbox 1026 837 1185 876; x_wconf 86' lang='lat' dir='ltr'>auribus</span> <span class='ocrx_word' id='word_1_89' title='bbox 1215 841 1407 884; x_wconf 89' lang='lat' dir='ltr'>retentas,</span> <span class='ocrx_word' id='word_1_90' title='bbox 1436 848 1514 875; x_wconf 89' lang='lat' dir='ltr'>non</span> <span class='ocrx_word' id='word_1_91' title='bbox 1536 836 1694 875; x_wconf 85' lang='lat' dir='ltr'>Antonii</span> 
     </span>
     <span class='ocr_line' id='line_1_11' title="bbox 301 903 1693 958; baseline -0.005 -10"><span class='ocrx_word' id='word_1_92' title='bbox 301 921 416 948; x_wconf 88' lang='lat' dir='ltr'>manu</span> <span class='ocrx_word' id='word_1_93' title='bbox 446 907 611 958; x_wconf 85' lang='lat' dir='ltr'>scriptas</span> <span class='ocrx_word' id='word_1_94' title='bbox 641 911 678 946; x_wconf 91' lang='lat' dir='ltr'>et</span> <span class='ocrx_word' id='word_1_95' title='bbox 703 905 840 946; x_wconf 83' lang='lat' dir='ltr'>editas.</span> <span class='ocrx_word' id='word_1_96' title='bbox 897 904 985 956; x_wconf 87' lang='lat' dir='ltr'>Ipse</span> <span class='ocrx_word' id='word_1_97' title='bbox 1014 904 1114 942; x_wconf 88' lang='lat' dir='ltr'>enim</span> <span class='ocrx_word' id='word_1_98' title='bbox 1145 903 1241 942; x_wconf 89' lang='lat' dir='ltr'>nihil</span> <span class='ocrx_word' id='word_1_99' title='bbox 1271 903 1405 955; x_wconf 90' lang='lat' dir='ltr'>scripti</span> <span class='ocrx_word' id='word_1_100' title='bbox 1431 903 1549 942; x_wconf 83' lang='lat' dir='ltr'>edidit</span> <span class='ocrx_word' id='word_1_101' title='bbox 1579 914 1693 954; x_wconf 87' lang='lat' dir='ltr'>quam</span> 
     </span>
     <span class='ocr_line' id='line_1_12' title="bbox 302 969 1697 1024; baseline -0.006 -9"><span class='ocrx_word' id='word_1_102' title='bbox 302 987 396 1015; x_wconf 89' lang='lat' dir='ltr'>sane</span> <span class='ocrx_word' id='word_1_103' title='bbox 427 974 567 1013; x_wconf 84' lang='lat' dir='ltr'>exilem</span> <span class='ocrx_word' id='word_1_104' title='bbox 590 972 780 1024; x_wconf 80' lang='lat' dir='ltr'>quendam</span> <span class='ocrx_word' id='word_1_105' title='bbox 810 971 854 1009; x_wconf 81' lang='lat' dir='ltr'>de</span> <span class='ocrx_word' id='word_1_106' title='bbox 877 973 1023 1009; x_wconf 69' lang='lat' dir='ltr'>ratione</span> <span class='ocrx_word' id='word_1_107' title='bbox 1047 971 1191 1008; x_wconf 66' lang='lat' dir='ltr'>dicendi</span> <span class='ocrx_word' id='word_1_108' title='bbox 1216 970 1413 1017; x_wconf 85' lang='lat' dir='ltr'>libellum,</span> <span class='ocrx_word' id='word_1_109' title='bbox 1445 981 1546 1020; x_wconf 87' lang='lat' dir='ltr'>quae</span> <span class='ocrx_word' id='word_1_110' title='bbox 1574 969 1697 1008; x_wconf 78' lang='lat' dir='ltr'>verba</span> 
     </span>
     <span class='ocr_line' id='line_1_13' title="bbox 302 1034 1697 1090; baseline -0.006 -9"><span class='ocrx_word' id='word_1_111' title='bbox 302 1041 504 1082; x_wconf 83' lang='lat' dir='ltr'>Ciceronis</span> <span class='ocrx_word' id='word_1_112' title='bbox 540 1036 729 1089; x_wconf 88' lang='lat' dir='ltr'>suut(¹):</span> <span class='ocrx_word' id='word_1_113' title='bbox 773 1050 886 1090; x_wconf 87' lang='lat' dir='ltr'>quem</span> <span class='ocrx_word' id='word_1_114' title='bbox 923 1049 1007 1076; x_wconf 90' lang='lat' dir='ltr'>cum</span> <span class='ocrx_word' id='word_1_115' title='bbox 1042 1036 1275 1088; x_wconf 83' lang='lat' dir='ltr'>imprudenti</span> <span class='ocrx_word' id='word_1_116' title='bbox 1303 1036 1471 1075; x_wconf 88' lang='lat' dir='ltr'>Antonio</span> <span class='ocrx_word' id='word_1_117' title='bbox 1505 1034 1697 1074; x_wconf 85' lang='lat' dir='ltr'>excidisse</span> 
     </span>
     <span class='ocr_line' id='line_1_14' title="bbox 303 1102 1697 1152; baseline -0.005 -4"><span class='ocrx_word' id='word_1_118' title='bbox 303 1109 383 1148; x_wconf 91' lang='lat' dir='ltr'>alio</span> <span class='ocrx_word' id='word_1_119' title='bbox 416 1108 504 1147; x_wconf 92' lang='lat' dir='ltr'>loco</span> <span class='ocrx_word' id='word_1_120' title='bbox 537 1107 677 1146; x_wconf 88' lang='lat' dir='ltr'>Cicero</span> <span class='ocrx_word' id='word_1_121' title='bbox 716 1105 903 1152; x_wconf 83' lang='lat' dir='ltr'>affirmat,</span> <span class='ocrx_word' id='word_1_122' title='bbox 940 1102 981 1142; x_wconf 89' lang='lat' dir='ltr'>id</span> <span class='ocrx_word' id='word_1_123' title='bbox 1019 1102 1240 1142; x_wconf 88' lang='lat' dir='ltr'>excusando</span> <span class='ocrx_word' id='word_1_124' title='bbox 1280 1102 1326 1142; x_wconf 90' lang='lat' dir='ltr'>de</span> <span class='ocrx_word' id='word_1_125' title='bbox 1356 1103 1541 1142; x_wconf 82' lang='lat' dir='ltr'>tenuitate</span> <span class='ocrx_word' id='word_1_126' title='bbox 1570 1102 1697 1142; x_wconf 86' lang='lat' dir='ltr'>libelli</span> 
     </span>
     <span class='ocr_line' id='line_1_15' title="bbox 302 1169 1696 1223; baseline -0.005 -8"><span class='ocrx_word' id='word_1_127' title='bbox 302 1176 470 1217; x_wconf 88' lang='lat' dir='ltr'>Antonio</span> <span class='ocrx_word' id='word_1_128' title='bbox 509 1173 601 1213; x_wconf 88' lang='lat' dir='ltr'>dicit</span> <span class='ocrx_word' id='word_1_129' title='bbox 627 1170 704 1223; x_wconf 75' lang='lat'>(2).</span> <span class='ocrx_word' id='word_1_130' title='bbox 765 1171 888 1211; x_wconf 90' lang='lat' dir='ltr'>Huius</span> <span class='ocrx_word' id='word_1_131' title='bbox 933 1170 1032 1210; x_wconf 84' lang='lat' dir='ltr'>duae</span> <span class='ocrx_word' id='word_1_132' title='bbox 1071 1169 1288 1222; x_wconf 81' lang='lat' dir='ltr'>particulae</span> <span class='ocrx_word' id='word_1_133' title='bbox 1325 1174 1489 1209; x_wconf 85' lang='lat' dir='ltr'>exstant.</span> <span class='ocrx_word' id='word_1_134' title='bbox 1547 1170 1696 1218; x_wconf 89' lang='lat' dir='ltr'>Altera,</span> 
     </span>
     <span class='ocr_line' id='line_1_16' title="bbox 304 1235 1697 1285; baseline -0.005 -3"><span class='ocrx_word' id='word_1_135' title='bbox 304 1243 411 1282; x_wconf 89' lang='lat' dir='ltr'>cuius</span> <span class='ocrx_word' id='word_1_136' title='bbox 443 1240 632 1280; x_wconf 86' lang='lat' dir='ltr'>sententia</span> <span class='ocrx_word' id='word_1_137' title='bbox 669 1239 872 1278; x_wconf 87' lang='lat' dir='ltr'>notissima</span> <span class='ocrx_word' id='word_1_138' title='bbox 901 1243 958 1277; x_wconf 92' lang='lat' dir='ltr'>est</span> <span class='ocrx_word' id='word_1_139' title='bbox 989 1243 1025 1276; x_wconf 94' lang='lat' dir='ltr'>et</span> <span class='ocrx_word' id='word_1_140' title='bbox 1055 1250 1079 1275; x_wconf 93' lang='lat' dir='ltr'>a</span> <span class='ocrx_word' id='word_1_141' title='bbox 1109 1237 1236 1276; x_wconf 90' lang='lat' dir='ltr'>multis</span> <span class='ocrx_word' id='word_1_142' title='bbox 1266 1237 1375 1285; x_wconf 87' lang='lat' dir='ltr'>trita,</span> <span class='ocrx_word' id='word_1_143' title='bbox 1415 1248 1501 1276; x_wconf 89' lang='lat' dir='ltr'>sese</span> <span class='ocrx_word' id='word_1_144' title='bbox 1531 1235 1697 1276; x_wconf 89' lang='lat' dir='ltr'>disertos</span> 
     </span>
     <span class='ocr_line' id='line_1_17' title="bbox 303 1303 1698 1359; baseline -0.004 -10"><span class='ocrx_word' id='word_1_145' title='bbox 303 1309 448 1350; x_wconf 82' lang='lat' dir='ltr'>vidisse</span> <span class='ocrx_word' id='word_1_146' title='bbox 469 1307 626 1359; x_wconf 86' lang='lat' dir='ltr'>plures,</span> <span class='ocrx_word' id='word_1_147' title='bbox 658 1305 900 1357; x_wconf 89' lang='lat' dir='ltr'>eloquentem</span> <span class='ocrx_word' id='word_1_148' title='bbox 927 1304 1051 1344; x_wconf 87' lang='lat' dir='ltr'>adhuc</span> <span class='ocrx_word' id='word_1_149' title='bbox 1075 1304 1281 1351; x_wconf 88' lang='lat' dir='ltr'>neminem,</span> <span class='ocrx_word' id='word_1_150' title='bbox 1313 1303 1575 1355; x_wconf 82' lang='lat' dir='ltr'>compluribus</span> <span class='ocrx_word' id='word_1_151' title='bbox 1599 1304 1698 1343; x_wconf 90' lang='lat' dir='ltr'>locis</span> 
     </span>
     <span class='ocr_line' id='line_1_18' title="bbox 305 1367 1700 1424; baseline -0.004 -9"><span class='ocrx_word' id='word_1_152' title='bbox 305 1388 329 1415; x_wconf 85' lang='lat' dir='ltr'>a</span> <span class='ocrx_word' id='word_1_153' title='bbox 371 1375 560 1414; x_wconf 87' lang='lat' dir='ltr'>Cicerone</span> <span class='ocrx_word' id='word_1_154' title='bbox 604 1373 735 1424; x_wconf 88' lang='lat' dir='ltr'>posita</span> <span class='ocrx_word' id='word_1_155' title='bbox 782 1377 839 1410; x_wconf 89' lang='lat' dir='ltr'>est</span> <span class='ocrx_word' id='word_1_156' title='bbox 870 1367 947 1421; x_wconf 77' lang='lat'>(3).</span> <span class='ocrx_word' id='word_1_157' title='bbox 1006 1371 1180 1410; x_wconf 84' lang='lat' dir='ltr'>Alteram</span> <span class='ocrx_word' id='word_1_158' title='bbox 1225 1370 1486 1419; x_wconf 85' lang='lat' dir='ltr'>Quintilianus</span> <span class='ocrx_word' id='word_1_159' title='bbox 1530 1372 1700 1410; x_wconf 81' lang='lat' dir='ltr'>servavit</span> 
     </span>
     <span class='ocr_line' id='line_1_19' title="bbox 304 1434 1699 1492; baseline -0.004 -12"><span class='ocrx_word' id='word_1_160' title='bbox 304 1440 471 1492; x_wconf 90' lang='lat' dir='ltr'>simplici</span> <span class='ocrx_word' id='word_1_161' title='bbox 509 1444 546 1478; x_wconf 90' lang='lat' dir='ltr'>et</span> <span class='ocrx_word' id='word_1_162' title='bbox 590 1438 751 1488; x_wconf 89' lang='lat' dir='ltr'>antiqua</span> <span class='ocrx_word' id='word_1_163' title='bbox 792 1436 959 1489; x_wconf 88' lang='lat' dir='ltr'>quadam</span> <span class='ocrx_word' id='word_1_164' title='bbox 999 1441 1201 1476; x_wconf 84' lang='lat' dir='ltr'>venustate</span> <span class='ocrx_word' id='word_1_165' title='bbox 1243 1436 1584 1475; x_wconf 82' lang='lat' dir='ltr'>commendabilem</span> <span class='ocrx_word' id='word_1_166' title='bbox 1609 1434 1699 1488; x_wconf 72' lang='lat'>(¹¹);</span> 
     </span>
     <span class='ocr_line' id='line_1_20' title="bbox 304 1503 1699 1560; baseline -0.003 -13"><span class='ocrx_word' id='word_1_167' title='bbox 304 1520 384 1560; x_wconf 89' lang='lat' dir='ltr'>qua</span> <span class='ocrx_word' id='word_1_168' title='bbox 420 1507 547 1546; x_wconf 79' lang='lat' dir='ltr'>sontes</span> <span class='ocrx_word' id='word_1_169' title='bbox 593 1504 659 1555; x_wconf 92' lang='lat' dir='ltr'>qui</span> <span class='ocrx_word' id='word_1_170' title='bbox 696 1504 771 1542; x_wconf 92' lang='lat' dir='ltr'>sint</span> <span class='ocrx_word' id='word_1_171' title='bbox 815 1508 852 1542; x_wconf 88' lang='lat' dir='ltr'>et</span> <span class='ocrx_word' id='word_1_172' title='bbox 893 1515 1037 1543; x_wconf 85' lang='lat' dir='ltr'>causae</span> <span class='ocrx_word' id='word_1_173' title='bbox 1075 1503 1293 1542; x_wconf 89' lang='lat' dir='ltr'>orationum</span> <span class='ocrx_word' id='word_1_174' title='bbox 1336 1503 1508 1543; x_wconf 78' lang='lat' dir='ltr'>breviter</span> <span class='ocrx_word' id='word_1_175' title='bbox 1543 1515 1699 1544; x_wconf 90' lang='lat' dir='ltr'>enume-</span> 
     </span>
     <span class='ocr_line' id='line_1_21' title="bbox 303 1570 1700 1623; baseline -0.003 -8"><span class='ocrx_word' id='word_1_176' title='bbox 303 1580 452 1615; x_wconf 87' lang='lat' dir='ltr'>rantur.</span> <span class='ocrx_word' id='word_1_177' title='bbox 501 1571 650 1613; x_wconf 90' lang='lat' dir='ltr'>Mansit</span> <span class='ocrx_word' id='word_1_178' title='bbox 679 1571 712 1610; x_wconf 90' lang='lat' dir='ltr'>is</span> <span class='ocrx_word' id='word_1_179' title='bbox 742 1570 900 1609; x_wconf 86' lang='lat' dir='ltr'>libellus</span> <span class='ocrx_word' id='word_1_180' title='bbox 931 1570 981 1610; x_wconf 88' lang='lat' dir='ltr'>ad</span> <span class='ocrx_word' id='word_1_181' title='bbox 1002 1570 1231 1620; x_wconf 82' lang='lat' dir='ltr'>Quintiliani</span> <span class='ocrx_word' id='word_1_182' title='bbox 1260 1575 1425 1609; x_wconf 89' lang='lat' dir='ltr'>aetatem</span> <span class='ocrx_word' id='word_1_183' title='bbox 1455 1582 1480 1609; x_wconf 88' lang='lat' dir='ltr'>a</span> <span class='ocrx_word' id='word_1_184' title='bbox 1500 1570 1700 1623; x_wconf 91' lang='lat' dir='ltr'>plerisque</span> 
     </span>
     <span class='ocr_line' id='line_1_22' title="bbox 306 1637 1697 1692; baseline -0.002 -10"><span class='ocrx_word' id='word_1_185' title='bbox 306 1643 390 1682; x_wconf 89' lang='lat' dir='ltr'>sine</span> <span class='ocrx_word' id='word_1_186' title='bbox 420 1640 559 1688; x_wconf 86' lang='lat' dir='ltr'>dubio,</span> <span class='ocrx_word' id='word_1_187' title='bbox 598 1649 700 1690; x_wconf 88' lang='lat' dir='ltr'>quae</span> <span class='ocrx_word' id='word_1_188' title='bbox 739 1642 823 1677; x_wconf 83' lang='lat' dir='ltr'>erat</span> <span class='ocrx_word' id='word_1_189' title='bbox 857 1638 963 1678; x_wconf 91' lang='lat' dir='ltr'>illius</span> <span class='ocrx_word' id='word_1_190' title='bbox 995 1637 1117 1678; x_wconf 89' lang='lat' dir='ltr'>seculi</span> <span class='ocrx_word' id='word_1_191' title='bbox 1150 1638 1408 1690; x_wconf 72' lang='lat' dir='ltr'>perversitas,</span> <span class='ocrx_word' id='word_1_192' title='bbox 1446 1643 1697 1692; x_wconf 78' lang='lat' dir='ltr'>contemptus,</span> 
     </span>
    </p>
   </div>
   <div class='ocr_carea' id='block_1_3' title="bbox 939 1749 1072 1803">
    <p class='ocr_par' dir='ltr' id='par_1_3' title="bbox 939 1749 1072 1803">
     <span class='ocr_line' id='line_1_23' title="bbox 939 1749 1072 1803; baseline -0.008 -14"><span class='ocrx_word' id='word_1_193' title='bbox 939 1749 974 1803; x_wconf 60' lang='grc' dir='ltr'>ς.</span> <span class='ocrx_word' id='word_1_194' title='bbox 1005 1751 1072 1789; x_wconf 85' lang='lat'>27.</span> 
     </span>
    </p>
   </div>
   <div class='ocr_carea' id='block_1_4' title="bbox 884 1824 1117 1860">
    <p class='ocr_par' dir='ltr' id='par_1_4' title="bbox 884 1824 1117 1860">
     <span class='ocr_line' id='line_1_24' title="bbox 884 1824 1117 1860; baseline 0 -2"><span class='ocrx_word' id='word_1_195' title='bbox 884 1824 925 1860; x_wconf 87' lang='lat' dir='ltr'>L.</span> <span class='ocrx_word' id='word_1_196' title='bbox 953 1825 1117 1860; x_wconf 82' lang='lat' dir='ltr'>Crassus.</span> 
     </span>
    </p>
   </div>
   <div class='ocr_carea' id='block_1_5' title="bbox 307 1905 1702 2361">
    <p class='ocr_par' dir='ltr' id='par_1_5' title="bbox 307 1905 1702 2361">
     <span class='ocr_line' id='line_1_25' title="bbox 418 1905 1698 1960; baseline -0.002 -11"><span class='ocrx_word' id='word_1_197' title='bbox 418 1906 607 1960; x_wconf 88' lang='lat' dir='ltr'>Aequalis</span> <span class='ocrx_word' id='word_1_198' title='bbox 644 1906 803 1947; x_wconf 88' lang='lat' dir='ltr'>Antonii</span> <span class='ocrx_word' id='word_1_199' title='bbox 847 1911 883 1945; x_wconf 93' lang='lat' dir='ltr'>et</span> <span class='ocrx_word' id='word_1_200' title='bbox 920 1906 1120 1946; x_wconf 88' lang='lat' dir='ltr'>oratoriae</span> <span class='ocrx_word' id='word_1_201' title='bbox 1158 1905 1286 1945; x_wconf 89' lang='lat' dir='ltr'>laudis</span> <span class='ocrx_word' id='word_1_202' title='bbox 1327 1905 1500 1945; x_wconf 88' lang='lat' dir='ltr'>aemulus</span> <span class='ocrx_word' id='word_1_203' title='bbox 1539 1906 1612 1946; x_wconf 84' lang='lat' dir='ltr'>suit</span> <span class='ocrx_word' id='word_1_204' title='bbox 1651 1910 1698 1946; x_wconf 88' lang='lat' dir='ltr'>L.</span> 
     </span>
     <span class='ocr_line' id='line_1_26' title="bbox 308 1972 1702 2024; baseline -0.001 -9"><span class='ocrx_word' id='word_1_205' title='bbox 308 1977 478 2014; x_wconf 71' lang='lat' dir='ltr'>Licinius</span> <span class='ocrx_word' id='word_1_206' title='bbox 510 1975 689 2020; x_wconf 81' lang='lat' dir='ltr'>Crassus,</span> <span class='ocrx_word' id='word_1_207' title='bbox 729 1972 948 2020; x_wconf 87' lang='lat' dir='ltr'>Ciceronis,</span> <span class='ocrx_word' id='word_1_208' title='bbox 988 1973 1055 2024; x_wconf 90' lang='lat' dir='ltr'>qui</span> <span class='ocrx_word' id='word_1_209' title='bbox 1083 1974 1183 2012; x_wconf 90' lang='lat' dir='ltr'>hunc</span> <span class='ocrx_word' id='word_1_210' title='bbox 1218 1973 1290 2012; x_wconf 87' lang='lat' dir='ltr'>sihi</span> <span class='ocrx_word' id='word_1_211' title='bbox 1327 1973 1552 2013; x_wconf 86' lang='lat' dir='ltr'>similiorem</span> <span class='ocrx_word' id='word_1_212' title='bbox 1579 1974 1702 2014; x_wconf 85' lang='lat' dir='ltr'>fuisse</span> 
     </span>
     <span class='ocr_line' id='line_1_27' title="bbox 308 2039 1702 2091; baseline -0.001 -8"><span class='ocrx_word' id='word_1_213' title='bbox 308 2043 408 2091; x_wconf 85' lang='lat' dir='ltr'>vult,</span> <span class='ocrx_word' id='word_1_214' title='bbox 437 2041 656 2081; x_wconf 87' lang='lat' dir='ltr'>testimonio</span> <span class='ocrx_word' id='word_1_215' title='bbox 682 2046 719 2080; x_wconf 90' lang='lat' dir='ltr'>et</span> <span class='ocrx_word' id='word_1_216' title='bbox 743 2039 860 2079; x_wconf 86' lang='lat' dir='ltr'>laude</span> <span class='ocrx_word' id='word_1_217' title='bbox 889 2039 1015 2089; x_wconf 80' lang='lat' dir='ltr'>magis</span> <span class='ocrx_word' id='word_1_218' title='bbox 1044 2040 1158 2078; x_wconf 86' lang='lat' dir='ltr'>etiam</span> <span class='ocrx_word' id='word_1_219' title='bbox 1188 2040 1427 2079; x_wconf 87' lang='lat' dir='ltr'>nobilitatus.</span> <span class='ocrx_word' id='word_1_220' title='bbox 1469 2041 1589 2081; x_wconf 89' lang='lat' dir='ltr'>Pater</span> <span class='ocrx_word' id='word_1_221' title='bbox 1619 2043 1702 2081; x_wconf 91' lang='lat' dir='ltr'>eius</span> 
     </span>
     <span class='ocr_line' id='line_1_28' title="bbox 309 2107 1701 2159; baseline -0.001 -9"><span class='ocrx_word' id='word_1_222' title='bbox 309 2109 361 2150; x_wconf 87' lang='lat' dir='ltr'>ad</span> <span class='ocrx_word' id='word_1_223' title='bbox 401 2121 585 2148; x_wconf 90' lang='lat' dir='ltr'>summum</span> <span class='ocrx_word' id='word_1_224' title='bbox 627 2109 665 2146; x_wconf 90' lang='lat' dir='ltr'>in</span> <span class='ocrx_word' id='word_1_225' title='bbox 708 2108 863 2147; x_wconf 86' lang='lat' dir='ltr'>civitate</span> <span class='ocrx_word' id='word_1_226' title='bbox 899 2107 1086 2146; x_wconf 89' lang='lat' dir='ltr'>honorem</span> <span class='ocrx_word' id='word_1_227' title='bbox 1131 2118 1207 2146; x_wconf 89' lang='lat' dir='ltr'>non</span> <span class='ocrx_word' id='word_1_228' title='bbox 1246 2107 1439 2159; x_wconf 86' lang='lat' dir='ltr'>pervenit,</span> <span class='ocrx_word' id='word_1_229' title='bbox 1484 2108 1552 2147; x_wconf 90' lang='lat' dir='ltr'>sed</span> <span class='ocrx_word' id='word_1_230' title='bbox 1597 2108 1701 2149; x_wconf 87' lang='lat' dir='ltr'>intra</span> 
     </span>
     <span class='ocr_line' id='line_1_29' title="bbox 307 2172 1700 2229; baseline 0 -14"><span class='ocrx_word' id='word_1_231' title='bbox 307 2181 535 2229; x_wconf 84' lang='lat' dir='ltr'>praeturam</span> <span class='ocrx_word' id='word_1_232' title='bbox 565 2173 784 2213; x_wconf 87' lang='lat' dir='ltr'>constitisse</span> <span class='ocrx_word' id='word_1_233' title='bbox 814 2172 1007 2224; x_wconf 88' lang='lat' dir='ltr'>putandus</span> <span class='ocrx_word' id='word_1_234' title='bbox 1039 2178 1113 2212; x_wconf 91' lang='lat' dir='ltr'>est:</span> <span class='ocrx_word' id='word_1_235' title='bbox 1154 2174 1187 2211; x_wconf 93' lang='lat' dir='ltr'>si</span> <span class='ocrx_word' id='word_1_236' title='bbox 1218 2173 1370 2224; x_wconf 88' lang='lat' dir='ltr'>quidem</span> <span class='ocrx_word' id='word_1_237' title='bbox 1400 2174 1447 2213; x_wconf 87' lang='lat' dir='ltr'>de</span> <span class='ocrx_word' id='word_1_238' title='bbox 1476 2175 1521 2214; x_wconf 89' lang='lat' dir='ltr'>P.</span> <span class='ocrx_word' id='word_1_239' title='bbox 1553 2175 1700 2216; x_wconf 88' lang='lat' dir='ltr'>Crasso</span> 
     </span>
     <span class='ocr_line' id='line_1_30' title="bbox 310 2239 1701 2293; baseline 0.001 -11"><span class='ocrx_word' id='word_1_240' title='bbox 310 2243 496 2284; x_wconf 88' lang='lat' dir='ltr'>Muciano</span> <span class='ocrx_word' id='word_1_241' title='bbox 528 2240 697 2292; x_wconf 83' lang='lat' dir='ltr'>cogitari</span> <span class='ocrx_word' id='word_1_242' title='bbox 726 2252 803 2280; x_wconf 88' lang='lat' dir='ltr'>non</span> <span class='ocrx_word' id='word_1_243' title='bbox 827 2244 975 2292; x_wconf 89' lang='lat' dir='ltr'>potest,</span> <span class='ocrx_word' id='word_1_244' title='bbox 1005 2244 1047 2279; x_wconf 89' lang='lat' dir='ltr'>ut</span> <span class='ocrx_word' id='word_1_245' title='bbox 1076 2239 1169 2279; x_wconf 88' lang='lat' dir='ltr'>olim</span> <span class='ocrx_word' id='word_1_246' title='bbox 1188 2240 1311 2280; x_wconf 78' lang='lat' dir='ltr'>visum</span> <span class='ocrx_word' id='word_1_247' title='bbox 1340 2240 1432 2280; x_wconf 91' lang='lat' dir='ltr'>mihi</span> <span class='ocrx_word' id='word_1_248' title='bbox 1457 2245 1494 2280; x_wconf 89' lang='lat' dir='ltr'>et</span> <span class='ocrx_word' id='word_1_249' title='bbox 1516 2241 1606 2281; x_wconf 90' lang='lat' dir='ltr'>aliis</span> <span class='ocrx_word' id='word_1_250' title='bbox 1623 2240 1701 2293; x_wconf 84' lang='lat'>(5).</span> 
     </span>
     <span class='ocr_line' id='line_1_31' title="bbox 310 2306 1702 2361; baseline -0.001 -11"><span class='ocrx_word' id='word_1_251' title='bbox 310 2310 434 2350; x_wconf 84' lang='lat' dir='ltr'>Natus</span> <span class='ocrx_word' id='word_1_252' title='bbox 462 2309 508 2349; x_wconf 89' lang='lat' dir='ltr'>L.</span> <span class='ocrx_word' id='word_1_253' title='bbox 535 2308 702 2349; x_wconf 88' lang='lat' dir='ltr'>Crassus</span> <span class='ocrx_word' id='word_1_254' title='bbox 729 2312 787 2347; x_wconf 87' lang='lat' dir='ltr'>est</span> <span class='ocrx_word' id='word_1_255' title='bbox 811 2306 855 2347; x_wconf 91' lang='lat' dir='ltr'>C.</span> <span class='ocrx_word' id='word_1_256' title='bbox 880 2307 1021 2347; x_wconf 83' lang='lat' dir='ltr'>Laelio</span> <span class='ocrx_word' id='word_1_257' title='bbox 1052 2312 1089 2347; x_wconf 87' lang='lat' dir='ltr'>et</span> <span class='ocrx_word' id='word_1_258' title='bbox 1116 2306 1162 2356; x_wconf 86' lang='lat' dir='ltr'>Q.</span> <span class='ocrx_word' id='word_1_259' title='bbox 1190 2307 1361 2349; x_wconf 83' lang='lat' dir='ltr'>Servilio</span> <span class='ocrx_word' id='word_1_260' title='bbox 1388 2307 1584 2361; x_wconf 86' lang='lat' dir='ltr'>Caepione</span> <span class='ocrx_word' id='word_1_261' title='bbox 1609 2321 1702 2349; x_wconf 92' lang='lat' dir='ltr'>con-</span> 
     </span>
    </p>
   </div>
   <div class='ocr_carea' id='block_1_6' title="bbox 313 2435 1703 2765">
    <p class='ocr_par' dir='ltr' id='par_1_6' title="bbox 313 2435 1703 2765">
     <span class='ocr_line' id='line_1_32' title="bbox 404 2435 1700 2484; baseline 0.001 -10"><span class='ocrx_word' id='word_1_262' title='bbox 404 2440 462 2481; x_wconf 74' lang='lat'>98)</span> <span class='ocrx_word' id='word_1_263' title='bbox 478 2439 523 2473; x_wconf 86' lang='lat' dir='ltr'>de</span> <span class='ocrx_word' id='word_1_264' title='bbox 538 2437 601 2473; x_wconf 88' lang='lat' dir='ltr'>Or.</span> <span class='ocrx_word' id='word_1_265' title='bbox 618 2439 659 2474; x_wconf 92' lang='grc'>11.</span> <span class='ocrx_word' id='word_1_266' title='bbox 674 2440 729 2482; x_wconf 98' lang='grc'>39,</span> <span class='ocrx_word' id='word_1_267' title='bbox 746 2439 820 2474; x_wconf 87' lang='grc'><strong>164.</strong></span> <span class='ocrx_word' id='word_1_268' title='bbox 930 2437 990 2482; x_wconf 88' lang='grc'>99)</span> <span class='ocrx_word' id='word_1_269' title='bbox 1006 2438 1079 2473; x_wconf 86' lang='lat' dir='ltr'>Cic.</span> <span class='ocrx_word' id='word_1_270' title='bbox 1096 2435 1167 2472; x_wconf 78' lang='lat' dir='ltr'>Off.</span> <span class='ocrx_word' id='word_1_271' title='bbox 1183 2437 1243 2473; x_wconf 91' lang='grc'><strong>111.</strong></span> <span class='ocrx_word' id='word_1_272' title='bbox 1261 2439 1314 2482; x_wconf 83' lang='grc'><strong>16,</strong></span> <span class='ocrx_word' id='word_1_273' title='bbox 1329 2439 1384 2474; x_wconf 89' lang='grc'><strong>67.</strong></span> <span class='ocrx_word' id='word_1_274' title='bbox 1495 2440 1577 2484; x_wconf 91' lang='grc'>400)</span> <span class='ocrx_word' id='word_1_275' title='bbox 1595 2439 1700 2475; x_wconf 77' lang='lat' dir='ltr'>Brut.</span> 
     </span>
     <span class='ocr_line' id='line_1_33' title="bbox 313 2494 1703 2542; baseline 0.001 -12"><span class='ocrx_word' id='word_1_276' title='bbox 313 2497 376 2538; x_wconf 86' lang='lat'>44,</span> <span class='ocrx_word' id='word_1_277' title='bbox 404 2496 479 2531; x_wconf 83' lang='lat'>163.</span> <span class='ocrx_word' id='word_1_278' title='bbox 528 2495 729 2529; x_wconf 73' lang='lat' dir='ltr'>imitatione</span> <span class='ocrx_word' id='word_1_279' title='bbox 765 2494 943 2539; x_wconf 66' lang='lat' dir='ltr'>(praedam</span> <span class='ocrx_word' id='word_1_280' title='bbox 977 2505 1022 2528; x_wconf 78' lang='lat' dir='ltr'>ex</span> <span class='ocrx_word' id='word_1_281' title='bbox 1056 2494 1248 2539; x_wconf 79' lang='lat' dir='ltr'>Aquiliana</span> <span class='ocrx_word' id='word_1_282' title='bbox 1281 2495 1494 2530; x_wconf 80' lang='lat' dir='ltr'>defensione</span> <span class='ocrx_word' id='word_1_283' title='bbox 1529 2508 1703 2542; x_wconf 81' lang='lat' dir='ltr'>expressa</span> 
     </span>
     <span class='ocr_line' id='line_1_34' title="bbox 315 2550 1701 2597; baseline 0.001 -11"><span class='ocrx_word' id='word_1_284' title='bbox 315 2552 413 2587; x_wconf 81' lang='lat' dir='ltr'>credi</span> <span class='ocrx_word' id='word_1_285' title='bbox 439 2557 588 2597; x_wconf 82' lang='lat' dir='ltr'>possunt</span> <span class='ocrx_word' id='word_1_286' title='bbox 613 2564 634 2585; x_wconf 89' lang='lat' dir='ltr'>a</span> <span class='ocrx_word' id='word_1_287' title='bbox 658 2551 763 2586; x_wconf 74' lang='lat' dir='ltr'>Rhet.</span> <span class='ocrx_word' id='word_1_288' title='bbox 789 2551 948 2585; x_wconf 85' lang='lat' dir='ltr'>Herenn.</span> <span class='ocrx_word' id='word_1_289' title='bbox 972 2550 1035 2584; x_wconf 90' lang='lat' dir='ltr'>IV.</span> <span class='ocrx_word' id='word_1_290' title='bbox 1058 2550 1114 2585; x_wconf 84' lang='lat'>38.</span> <span class='ocrx_word' id='word_1_291' title='bbox 1140 2550 1196 2585; x_wconf 85' lang='lat'>39.</span> <span class='ocrx_word' id='word_1_292' title='bbox 1225 2563 1269 2585; x_wconf 82' lang='lat' dir='ltr'>ex</span> <span class='ocrx_word' id='word_1_293' title='bbox 1293 2552 1534 2587; x_wconf 81' lang='lat' dir='ltr'>Norbaniana</span> <span class='ocrx_word' id='word_1_294' title='bbox 1558 2553 1620 2588; x_wconf 90' lang='lat' dir='ltr'>lV.</span> <span class='ocrx_word' id='word_1_295' title='bbox 1645 2553 1701 2588; x_wconf 88' lang='grc'>46.</span> 
     </span>
     <span class='ocr_line' id='line_1_35' title="bbox 318 2605 1700 2653; baseline 0.001 -10"><span class='ocrx_word' id='word_1_296' title='bbox 318 2610 352 2652; x_wconf 90' lang='grc'>1)</span> <span class='ocrx_word' id='word_1_297' title='bbox 389 2609 462 2644; x_wconf 86' lang='lat' dir='ltr'>Cic.</span> <span class='ocrx_word' id='word_1_298' title='bbox 485 2608 589 2643; x_wconf 81' lang='lat' dir='ltr'>Brut.</span> <span class='ocrx_word' id='word_1_299' title='bbox 614 2609 678 2651; x_wconf 88' lang='lat'>44,</span> <span class='ocrx_word' id='word_1_300' title='bbox 707 2608 781 2643; x_wconf 86' lang='lat'>163.</span> <span class='ocrx_word' id='word_1_301' title='bbox 898 2608 935 2651; x_wconf 77' lang='lat'>2)</span> <span class='ocrx_word' id='word_1_302' title='bbox 970 2607 1043 2642; x_wconf 90' lang='lat' dir='ltr'>Cic.</span> <span class='ocrx_word' id='word_1_303' title='bbox 1073 2607 1119 2641; x_wconf 87' lang='lat' dir='ltr'>de</span> <span class='ocrx_word' id='word_1_304' title='bbox 1145 2605 1209 2642; x_wconf 89' lang='lat' dir='ltr'>Or.</span> <span class='ocrx_word' id='word_1_305' title='bbox 1237 2608 1262 2642; x_wconf 88' lang='lat'>1.</span> <span class='ocrx_word' id='word_1_306' title='bbox 1289 2609 1354 2652; x_wconf 76' lang='lat'>21,</span> <span class='ocrx_word' id='word_1_307' title='bbox 1382 2610 1437 2645; x_wconf 81' lang='lat'>94.</span> <span class='ocrx_word' id='word_1_308' title='bbox 1554 2609 1591 2653; x_wconf 92' lang='grc'>3)</span> <span class='ocrx_word' id='word_1_309' title='bbox 1628 2609 1700 2644; x_wconf 89' lang='lat' dir='ltr'>Cic.</span> 
     </span>
     <span class='ocr_line' id='line_1_36' title="bbox 316 2663 1701 2710; baseline 0 -9"><span class='ocrx_word' id='word_1_310' title='bbox 316 2664 382 2701; x_wconf 90' lang='lat' dir='ltr'>Or.</span> <span class='ocrx_word' id='word_1_311' title='bbox 408 2665 448 2707; x_wconf 85' lang='lat'>5,</span> <span class='ocrx_word' id='word_1_312' title='bbox 475 2664 527 2699; x_wconf 89' lang='lat' dir='ltr'>lS.</span> <span class='ocrx_word' id='word_1_313' title='bbox 566 2664 631 2708; x_wconf 84' lang='lat'>30,</span> <span class='ocrx_word' id='word_1_314' title='bbox 660 2665 733 2700; x_wconf 87' lang='grc'><strong>106.</strong></span> <span class='ocrx_word' id='word_1_315' title='bbox 772 2665 866 2700; x_wconf 89' lang='lat' dir='ltr'>Plin.</span> <span class='ocrx_word' id='word_1_316' title='bbox 889 2664 983 2710; x_wconf 87' lang='lat' dir='ltr'>Epp.</span> <span class='ocrx_word' id='word_1_317' title='bbox 1003 2664 1047 2698; x_wconf 90' lang='lat' dir='ltr'>V.</span> <span class='ocrx_word' id='word_1_318' title='bbox 1072 2663 1128 2698; x_wconf 75' lang='lat'>20.</span> <span class='ocrx_word' id='word_1_319' title='bbox 1164 2663 1314 2701; x_wconf 78' lang='lat' dir='ltr'>Quintil.</span> <span class='ocrx_word' id='word_1_320' title='bbox 1340 2677 1503 2710; x_wconf 85' lang='lat' dir='ltr'>prooem.</span> <span class='ocrx_word' id='word_1_321' title='bbox 1529 2664 1623 2700; x_wconf 79' lang='lat' dir='ltr'>Vllt.</span> <span class='ocrx_word' id='word_1_322' title='bbox 1648 2665 1701 2701; x_wconf 88' lang='grc'><strong>13.</strong></span> 
     </span>
     <span class='ocr_line' id='line_1_37' title="bbox 317 2718 1367 2765; baseline 0 -9"><span class='ocrx_word' id='word_1_323' title='bbox 317 2723 352 2765; x_wconf 86' lang='grc'>4)</span> <span class='ocrx_word' id='word_1_324' title='bbox 377 2721 437 2757; x_wconf 89' lang='grc'><strong>111.</strong></span> <span class='ocrx_word' id='word_1_325' title='bbox 462 2721 502 2764; x_wconf 80' lang='grc'>6,</span> <span class='ocrx_word' id='word_1_326' title='bbox 527 2721 582 2757; x_wconf 83' lang='grc'>45.</span> <span class='ocrx_word' id='word_1_327' title='bbox 702 2721 739 2765; x_wconf 74' lang='lat'>5)</span> <span class='ocrx_word' id='word_1_328' title='bbox 770 2721 864 2756; x_wconf 88' lang='lat' dir='ltr'>Vide</span> <span class='ocrx_word' id='word_1_329' title='bbox 889 2721 963 2756; x_wconf 88' lang='lat' dir='ltr'>Cic.</span> <span class='ocrx_word' id='word_1_330' title='bbox 990 2721 1035 2755; x_wconf 83' lang='lat' dir='ltr'>de</span> <span class='ocrx_word' id='word_1_331' title='bbox 1057 2718 1124 2757; x_wconf 88' lang='lat' dir='ltr'>Or.</span> <span class='ocrx_word' id='word_1_332' title='bbox 1149 2720 1174 2755; x_wconf 90' lang='grc' dir='ltr'><strong>Ι.</strong></span> <span class='ocrx_word' id='word_1_333' title='bbox 1200 2721 1263 2764; x_wconf 83' lang='lat'>37,</span> <span class='ocrx_word' id='word_1_334' title='bbox 1293 2721 1367 2757; x_wconf 78' lang='lat'>170.</span> 
     </span>
    </p>
   </div>
   <div class='ocr_carea' id='block_1_7' title="bbox 1819 586 1835 1287">
    <p class='ocr_par' dir='ltr' id='par_1_7' title="bbox 1819 586 1835 1287">
     <span class='ocr_line' id='line_1_38' title="bbox 1819 586 1835 1287; baseline 0 0"><span class='ocrx_word' id='word_1_335' title='bbox 1819 586 1835 1287; x_wconf 95' lang='lat' dir='ltr'> </span> 
     </span>
    </p>
   </div>
   <div class='ocr_carea' id='block_1_8' title="bbox 1773 909 1835 3126">
    <p class='ocr_par' dir='ltr' id='par_1_8' title="bbox 1773 909 1835 3126">
     <span class='ocr_line' id='line_1_39' title="bbox 1773 909 1835 3126; baseline 0 0"><span class='ocrx_word' id='word_1_336' title='bbox 1773 909 1835 3126; x_wconf 95' lang='lat' dir='ltr'> </span> 
     </span>
    </p>
   </div>
  </div>
 </body>
</html>
