1835 3126
280 209 410 255 ³92
714 201 1242 247 EXPLICATIONES

282 320 346 362 vel
369 315 537 358 Antonio
569 313 766 354 concedat.
825 315 906 354 Iam
935 328 1086 352 nemone
1110 316 1309 363 anteferret
1341 317 1398 353 est
1427 312 1518 351 adeo
1547 310 1673 349 nullas

282 386 403 436 potuit
423 381 602 426 inveniri,
628 383 689 430 qut
706 386 892 418 oratorem
915 380 1065 417 secundi
1080 380 1152 417 loci
1172 379 1432 429 praeferret2“
1461 379 1568 419 Haec
1589 376 1673 416 ille.

401 449 493 488 187.
550 447 810 497 Αηῑὶῃοηὶᾶαε]
842 445 1002 486 eandem
1029 446 1293 484 narrationem
1324 452 1380 495 et,
1409 451 1450 485 ut
1476 445 1595 492 solet,
1626 454 1675 482 ex

285 515 476 557 Cicerone
512 514 689 553 haustam
726 513 844 552 habet
878 512 1060 555 Valerius
1093 511 1290 552 Maximus
1318 512 1385 550 III.
1416 514 1456 551 7.
1487 516 1583 551 extr.
1616 512 1675 556 2.;

287 582 452 625 similem
477 580 704 620 sententiam
729 580 793 621 vel
821 580 870 619 ab
892 578 1129 630 Antigenida
1155 578 1219 619 vel
1249 578 1297 617 ab
1319 577 1551 628 Asopodoro
1582 587 1677 628 pro-

286 649 408 689 latam
436 648 658 688 Athenaeus
686 659 725 698 p.
754 648 847 686 631.
870 646 919 695 f.,
955 658 1066 698 quem
1094 646 1221 685 locum
1250 642 1479 693 Bernhardy
1504 643 1677 681 contulit.

286 715 461 758 Fuerunt
490 719 616 754 autem
645 713 716 753 illo
746 713 898 753 nomine
929 713 1029 752 clari
1056 712 1234 751 tibicines
1264 710 1360 760 duo,
1402 721 1566 762 quorum
1594 713 1680 747 uter

286 781 388 822 illud
431 781 571 821 dictum
613 780 822 833 protulerit
867 780 1098 830 ignoratur:
1150 791 1186 820 v.
1228 777 1380 817 Iacobs.
1430 776 1480 816 ad
1522 773 1679 816 Anthol.

288 848 469 891 v01.V11.
495 860 533 900 p.
559 847 627 888 57.
672 847 941 898 Wyttenbach.
973 846 1023 886 ad
1046 846 1147 886 Plut.
1178 850 1203 884 t.
1226 844 1273 883 Π.
1301 856 1339 896 p.
1362 844 1457 883 378.
1488 842 1547 882 ed.
1571 842 1679 893 Lips.

289 915 415 968 Intpp.
445 914 578 955 Procli
605 914 886 966 Hephaestioni
921 913 1063 953 adiecti
1101 911 1203 965 apud
1235 909 1483 953 Gaisfordum
1517 921 1556 961 p.
1586 907 1683 948 488.

293 982 352 1021 ed.
383 982 492 1033 Lips.

409 1048 501 1088 188.
558 1047 710 1098 perinde
736 1047 925 1092 accidunt,
949 1047 1002 1095 at]
1035 1045 1213 1085 usitatius
1240 1049 1323 1085 erat
1348 1058 1403 1082 ac.
1447 1045 1507 1084 De
1531 1044 1598 1084 Or.
1619 1041 1686 1083 111.

293 1114 368 1162 56,
400 1116 503 1153 213:
544 1114 608 1151 sed
643 1115 733 1152 haec
772 1115 897 1150 omnia
936 1112 1087 1162 perinde
1125 1117 1233 1157 sunt,
1273 1117 1313 1148 ut
1353 1117 1527 1160 agantur.
1584 1108 1685 1149 Plin.

294 1180 395 1230 Epp.
416 1180 446 1218 1.
470 1181 536 1218 20.
565 1179 718 1227 perinde
739 1185 780 1215 <ut
802 1179 977 1216 brevitas.
1035 1179 1129 1217 Post
1158 1179 1267 1215 aliter
1291 1183 1400 1226 atque
1430 1174 1687 1215 adiiciendum

295 1256 382 1284 esse
417 1250 458 1281 ut
494 1249 583 1296 post
617 1244 873 1284 Stewechium
912 1248 949 1282 et
982 1243 1244 1282 Tursellinum
1282 1243 1426 1280 iniuria
1463 1242 1689 1282 decreverat

295 1310 509 1363 Wopkens.
538 1311 662 1350 Lectt.
691 1309 799 1349 Tull.
830 1309 859 1348 I.
894 1309 978 1357 15.;
1018 1320 1089 1348 nec
1120 1307 1289 1347 concedo
1320 1307 1472 1347 Handio
1502 1308 1542 1346 in
1572 1308 1687 1346 Turs.

296 1376 375 1417 vol.
393 1377 422 1416 Ι.
453 1389 492 1429 p.
512 1378 607 1417 269.
637 1377 677 1415 in
700 1377 773 1415 hac
796 1375 968 1415 formula
991 1382 1101 1425 atque
1132 1375 1273 1414 dictum
1296 1386 1381 1413 esse
1407 1385 1479 1426 pro
1503 1380 1613 1424 atque
1635 1378 1688 1411 ut.

414 1443 637 1492 tractantur]
665 1442 896 1482 afficiuntur.
937 1454 969 1482 c.
992 1443 1065 1492 54,
1087 1444 1185 1482 199:
1210 1445 1264 1479 stc
1286 1454 1333 1479 ea·
1356 1444 1567 1479 animorum
1588 1445 1691 1477 ‘motu

300 1511 463 1547 cernitur
492 1509 580 1559 quid
601 1511 810 1548 tractandis
838 1511 897 1547 his
920 1509 1061 1557 efficiat
1086 1515 1216 1547 orator
1226 1523 1237 1555 3
1270 1507 1319 1547 Cf.
1344 1507 1418 1556 55,
1441 1509 1536 1547 202.
1593 1506 1692 1546 Hinc

298 1587 468 1615 summus
500 1580 635 1614 orator
660 1575 797 1615 Cicero
823 1576 1064 1626 Quintiliano
1096 1576 1219 1615 dictus
1251 1579 1308 1614 est
1331 1587 1497 1612 samnius
1521 1579 1694 1611 tractan-

300 1643 434 1680 dorum
471 1644 683 1680 animorum
720 1643 881 1688 artifex,
919 1643 988 1683 XI.
1022 1646 1066 1693 l,
1096 1643 1184 1691 85.;
1221 1653 1333 1694 quem
1370 1641 1496 1681 locum
1531 1639 1694 1680 contulit

301 1708 501 1759 Meyerus.

415 1774 480 1814 LI.
542 1776 635 1814 190.
693 1775 895 1824 peroramlt
924 1776 1057 1826 locam]
1089 1776 1189 1816 idem
1219 1776 1266 1816 de
1294 1788 1335 1815 se
1365 1780 1529 1816 testatur
1554 1773 1695 1815 Cicero

303 1841 372 1880 Or.
397 1841 463 1887 37,
492 1841 584 1880 130.
613 1852 651 1890 p.
674 1840 801 1880 Balbo
825 1843 863 1880 7.
921 1841 1028 1880 Fieri
1056 1844 1130 1882 hoc
1155 1844 1297 1895 potuit,
1330 1842 1434 1895 quod
1458 1847 1547 1881 ante
1567 1840 1697 1891 legem

302 1905 529 1957 Pompeiam
557 1905 804 1944 iudiciariam
833 1906 956 1945 tribus
994 1914 1161 1957 quatuor
1200 1909 1317 1949 sexve
1346 1907 1522 1960 patronis
1554 1917 1697 1946 causae

305 1972 547 2022 agebantur,
587 1984 702 2023 quam
733 1972 781 2011 ob
812 1983 893 2011 rem
928 1972 1074 2022 singuli
1104 1973 1243 2013 dicturi
1273 1975 1373 2012 inter
1403 1986 1444 2013 se
1473 1972 1696 2025 provincias

303 2038 600 2091 partiebantur:
643 2051 680 2078 v.
717 2050 755 2089 p.
792 2038 969 2078 Cluentio
1007 2040 1072 2077 70.
1125 2051 1164 2090 p.
1194 2041 1299 2079 Mur.
1330 2041 1370 2078 4.
1420 2052 1458 2090 p.
1490 2038 1626 2079 Sextio
1658 2041 1697 2076 2.

306 2105 475 2145 Damnat
503 2103 544 2142 id
572 2104 784 2142 institutum
813 2105 972 2143 Antonii
1001 2105 1154 2143 nomine
1184 2104 1230 2144 de
1261 2106 1328 2145 Or.
1356 2105 1405 2145 ΙΙ.
1436 2107 1502 2153 77,
1534 2106 1627 2144 313.
1660 2109 1698 2144 ct

306 2172 393 2224 ipse
422 2172 462 2210 in
490 2170 610 2211 Bruto
640 2169 707 2218 57,
738 2171 832 2209 207.

422 2239 515 2278 191.
573 2236 854 2286 Antimachum]
898 2237 992 2278 Sine
1022 2236 1139 2277 dubio
1176 2250 1312 2286 mayno
1345 2237 1530 2275 volamine
1561 2236 1699 2277 Cicero

307 2304 549 2345 Thebaidem
588 2304 842 2355 significavit,
891 2303 959 2343 sed
1002 2304 1147 2344 erravit
1189 2304 1377 2343 memoria
1420 2303 1622 2355 deceptus,
1668 2303 1702 2341 si

309 2371 464 2423 quidem
490 2371 723 2411 Plutarchus
762 2371 871 2410 testis
908 2375 965 2410 est
1003 2382 1159 2410 carmen
1187 2371 1405 2411 Antimachi
1441 2370 1481 2409 in
1516 2370 1701 2409 honorem

309 2437 505 2489 Lysandri
527 2438 778 2489 compositum
799 2438 964 2478 Platone
988 2437 1195 2490 plaudente
1219 2442 1470 2477 sustentatum
1495 2448 1591 2484 esse,
1618 2447 1702 2475 cum

312 2505 362 2544 ab
392 2503 635 2543 auditoribus
664 2504 970 2557 relinqueretur:
999 2517 1034 2546 v.
1064 2503 1259 2556 Lysandri
1287 2505 1405 2546 vitam
1435 2515 1468 2544 c.
1501 2504 1563 2542 18.
1622 2502 1702 2542 No-

311 2571 408 2611 tavit
435 2571 635 2622 Meyerus.

424 2640 549 2676 instar
577 2644 631 2675 est
655 2638 831 2687 omnium]
864 2637 911 2677 (le
940 2637 1130 2678 sententia
1159 2641 1248 2676 ante
1274 2637 1403 2676 omnia
1432 2635 1703 2677 conferendum

318 2703 556 2746 Graecorum
585 2696 651 2753 εἷς
680 2700 779 2756 ἐμοὶ
807 2699 979 2761 μύριοι,
1011 2716 1086 2757 quo
1112 2704 1197 2757 ipse
1217 2703 1355 2745 Cicero
1386 2705 1506 2745 utitur
1534 2702 1583 2743 ad
1605 2702 1704 2744 Atti—

1810 2687 1815 2716 !¹

1811 2714 1815 2736 ί

1812 2746 1814 2758 l
