1835 3126
269 206 389 252 148
479 200 676 246 BREVIS
706 199 1099 253 ELOQUENTIAE
1132 199 1266 245 ROM.
1298 198 1441 244 HIST.

268 318 328 358 rei
356 314 538 368 publicae
567 319 670 354 statu
701 319 739 354 et
764 320 886 355 morte
914 321 1164 368 praematura
1191 315 1340 367 ingenii
1370 313 1589 367 explicandi
1621 318 1658 353 et

268 394 500 423 summorum
533 380 870 433 adipiscendorum
893 382 1120 422 facultatem
1150 384 1326 423 amisisse
1353 377 1654 432 vicimum-(⁶¹).

379 448 500 496 Nunc,
527 448 710 500 quoniam
735 459 892 487 munere
914 454 1047 488 nostro
1073 449 1241 489 defuncti
1266 462 1393 488 sumus
1411 449 1657 500 eloquentiae

266 516 467 557 Romanae
504 515 658 565 origine
696 515 888 554 aetatibus
929 515 1173 555 incrementis
1209 515 1313 555 cultu
1351 520 1533 567 quantum
1571 514 1656 552 fieri

266 583 392 634 potuit
430 581 616 633 expositis
660 592 731 620 nec
772 581 974 621 consilium
1010 583 1195 622 habemus
1236 582 1537 621 declamatorum
1573 593 1657 620 um-

265 648 438 688 braticas
469 647 687 698 elegantias
717 658 801 686 cum
827 647 944 687 laude
975 653 1040 687 aut
1062 649 1364 700 reprehensione
1386 646 1657 699 persequendi,

267 726 343 767 quo
374 713 488 754 modo
521 725 546 753 a
573 713 736 765 fastigio
773 726 842 754 suo
870 714 1112 754 descenderit
1138 714 1360 766 eloquentia
1384 714 1520 764 paucis
1544 724 1658 751 enar-

266 781 450 822 rabimus.
508 780 741 822 Decrevisse
780 792 863 820 eam
894 787 931 820 et
959 781 1148 834 paulatim
1178 781 1405 820 exstinctam
1435 790 1520 819 esse
1547 790 1658 818 nemo

266 847 417 888 dubitat
452 846 591 896 hodie,
628 859 711 887 cum
750 852 787 886 et
828 852 977 887 exstent
1010 859 1139 900 pauca
1170 847 1341 898 quidem,
1383 845 1451 885 sed
1481 857 1530 885 ex
1558 845 1659 884 omni

266 914 418 954 dicendi
443 925 589 964 genere
612 919 856 953 monumenta
881 920 917 953 et
938 914 1189 966 locupletium
1212 919 1411 953 auctorum
1427 912 1659 951 testimonia.

267 981 348 1022 Cur
376 981 417 1020 id
445 981 589 1020 factum
619 980 668 1019 sit
696 980 815 1020 facile
838 980 942 1020 dictu
966 986 1023 1020 est
1051 981 1090 1020 in
1111 980 1304 1019 libertatis
1329 979 1502 1031 quamvis
1524 978 1658 1016 turbu-

264 1047 397 1088 lentae
426 1047 601 1095 alumna,
633 1059 703 1086 nec
727 1047 907 1086 disertius
932 1047 1008 1086 dici
1030 1052 1158 1098 potest
1181 1058 1293 1098 quam
1318 1046 1485 1097 scriptor
1509 1044 1660 1095 dialogi

266 1114 314 1153 de
351 1113 573 1153 oratoribus
614 1113 719 1152 fecit.
778 1112 876 1152 Nam
916 1118 953 1151 et
978 1113 1140 1151 libertas
1171 1112 1306 1151 deerat
1336 1111 1537 1163 aperiendi
1567 1110 1660 1163 quid

266 1180 432 1233 quisque
475 1179 636 1218 sentiret
673 1184 709 1218 et
746 1179 970 1229 magnitudo
1009 1179 1197 1218 materiae
1235 1184 1271 1218 et
1307 1178 1448 1218 idonea
1484 1178 1662 1230 praemia

266 1246 538 1298 eloquentibus
566 1245 658 1285 olim
677 1246 894 1297 proposita.
938 1245 1037 1285 Nam
1061 1245 1130 1284 suh
1146 1246 1324 1296 Augusto
1351 1245 1500 1297 species
1524 1244 1661 1283 saltem

264 1313 458 1353 libertatis
485 1312 621 1364 aliqua
646 1312 843 1351 manebat:
869 1324 983 1363 quam
1011 1313 1059 1351 ob
1082 1324 1163 1351 rem
1189 1318 1225 1351 et
1245 1312 1446 1351 literarum
1470 1311 1660 1363 quaedam

263 1384 397 1432 partes
431 1378 481 1417 ad
509 1390 641 1418 raram
670 1378 948 1430 perfectionem
975 1384 1131 1418 evectae
1162 1383 1248 1417 sunt
1278 1384 1314 1417 et
1345 1378 1517 1425 duravit,
1558 1389 1659 1429 quae

264 1444 419 1485 radices
447 1445 488 1485 in
515 1444 601 1484 solo
631 1444 759 1483 libero
791 1450 946 1494 egerat,
978 1445 1203 1496 eloquentia
1226 1445 1418 1484 Pollionis
1442 1444 1660 1484 Messallae

265 1511 446 1552 aliorum.
492 1511 723 1562 Quanquam
752 1511 792 1550 in
823 1511 1006 1561 exiguum
1036 1510 1169 1551 orbem
1200 1516 1336 1550 coacta
1366 1516 1423 1551 est
1448 1512 1661 1551 sententiae

265 1578 489 1618 senatoriae
510 1577 693 1617 libertate
717 1576 1037 1630 contionibusque
1059 1578 1236 1618 sublatis.
1273 1579 1323 1618 At
1339 1579 1658 1630 quotusquisque,

266 1650 308 1685 ut
332 1645 461 1685 Taciti
485 1645 614 1685 verbis
644 1649 733 1684 utar
757 1641 850 1695 (⁶2),
891 1657 975 1684 cum
997 1646 1196 1695 Augustus
1228 1645 1411 1693 decessit,
1443 1650 1660 1697 supererat,

267 1711 334 1763 qui
357 1722 437 1750 rem
452 1710 648 1763 publicam
662 1711 852 1751 vidisset?
885 1711 935 1751 Et
958 1712 1122 1752 saevitia
1139 1712 1306 1760 Tiberii,
1331 1724 1445 1764 quam
1466 1711 1661 1762 significat

266 1778 440 1824 Seneca,
477 1788 562 1816 cum
600 1778 670 1816 sub
700 1779 877 1829 Augusto
912 1778 1047 1817 miram
1077 1779 1199 1818 fuisse
1227 1779 1412 1831 loquendi
1441 1779 1660 1818 libertatem

268 1843 362 1884 dicit
378 1839 469 1894 (⁶3),
501 1843 593 1895 quid
616 1845 747 1894 magni
773 1850 809 1883 et
832 1845 982 1883 honesti
1004 1845 1232 1885 inviolatum
1256 1858 1341 1885 esse
1365 1846 1480 1886 sivit?
1512 1846 1547 1885 si
1572 1846 1659 1897 qui-

268 1908 355 1950 dem
378 1910 581 1950 Mamerco
603 1910 754 1950 Scauro
780 1922 915 1951 versus
943 1913 1111 1963 suspecti
1139 1917 1301 1963 propter
1323 1912 1658 1962 significationem,

267 1976 465 2018 Cremutio
498 1975 626 2017 Cordo
657 1977 768 2017 Bruti
798 1982 834 2017 et
858 1977 987 2018 Cassii
1014 1978 1151 2017 laudes
1182 1983 1270 2017 ante
1300 1990 1421 2018 annos
1452 1980 1660 2030 sexaginta

266 2049 505 2084 mortuorum
530 2044 697 2083 exitiosa
717 2044 883 2083 fuerunt.
922 2044 972 2084 Et
994 2056 1077 2084 cum
1097 2046 1178 2085 vita
1198 2045 1325 2084 libera
1349 2046 1537 2085 sentiendi
1561 2058 1659 2098 quo-

267 2121 344 2161 que
366 2110 645 2160 ingenuitatem
663 2110 852 2162 paulatim
873 2111 1087 2160 exstingui,
1113 2116 1155 2150 ut
1177 2123 1274 2162 ager
1290 2111 1488 2152 deficiente
1507 2113 1659 2152 cultura

265 2176 490 2223 horrescat,
521 2175 607 2227 quis
636 2188 713 2215 non
745 2176 961 2226 intelligit?
1005 2177 1220 2216 Praeterea
1254 2189 1338 2217 cum
1368 2184 1482 2218 aucta
1510 2192 1657 2219 morum

267 2242 493 2295 corruptela
512 2253 722 2294 puerorum
747 2254 771 2281 a
790 2243 934 2282 teneris
959 2242 1136 2283 educatio
1161 2244 1299 2284 vitiata
1314 2250 1390 2292 est3
1413 2256 1484 2285 nec
1507 2246 1606 2285 casti
1622 2251 1660 2286 et

267 2320 410 2359 graves
437 2320 523 2348 esse
551 2313 733 2361 poterant
763 2310 901 2360 quibus
930 2310 971 2348 in
994 2310 1237 2350 servulorum
1263 2316 1300 2350 et
1323 2312 1464 2351 theatri
1485 2313 1658 2364 nequitia

269 2376 444 2414 enutritis
468 2376 637 2427 pessima
660 2375 832 2427 quotidie
855 2376 1034 2428 exempla
1057 2382 1147 2417 ante
1173 2378 1307 2418 oculos
1329 2379 1601 2419 versabantur.

382 2441 507 2481 Porro
549 2454 634 2482 cum
674 2442 826 2483 dicendi
853 2442 980 2483 studia
1009 2444 1148 2484 multos
1179 2445 1333 2496 quidem
1367 2451 1592 2485 exercerent
1622 2451 1659 2486 et

269 2518 366 2559 prae
409 2508 547 2548 ceteris
589 2509 762 2550 illustria
801 2515 839 2550 et
872 2510 1037 2550 honesta
1075 2511 1317 2560 viderentur,
1364 2511 1431 2552 sed
1464 2512 1656 2562 idoneum,

361 2658 422 2702 61)
447 2658 518 2693 Cic.
537 2659 637 2697 Brut.
658 2661 721 2705 76,
739 2663 806 2698 265
819 2674 896 2709 sqq.
1013 2662 1074 2706 62)
1101 2663 1184 2700 Tac.
1202 2664 1293 2700 Ann.
1313 2664 1336 2700 1.
1354 2665 1385 2699 3.
1504 2664 1562 2707 63)
1589 2664 1652 2697 Se-

271 2726 362 2750 neca
386 2715 560 2754 Controv.
586 2717 628 2753 11.
657 2719 709 2754 12.
735 2731 770 2766 p.
791 2720 866 2756 174.
893 2718 949 2755 ed.
974 2718 1059 2765 Bip.
