1835 3126
302 229 431 279 368
726 225 1267 271 EXPLICATIONES

415 340 662 392 Diophanem]
695 335 861 394 ῥήτορα
883 345 997 379 vocat
1023 340 1166 379 Strabo
1190 353 1229 392 p.
1251 341 1346 388 918,
1373 339 1544 380 exsulem
1568 338 1690 390 Myti-

303 411 479 450 lenaeum
505 407 739 448 Plutarchus
773 405 833 445 Ti.
860 405 1035 445 Graccho
1066 417 1097 444 c.
1123 407 1162 445 8.
1193 412 1229 444 et
1253 409 1318 446 20.
1349 412 1385 446 et
1410 412 1499 459 post
1526 406 1691 447 Gracchi

304 482 463 516 mortem
500 475 742 514 intersectum
774 472 921 512 Romae
953 477 1108 520 narrat3
1149 472 1231 511 sine
1260 471 1374 512 dubio
1409 486 1432 512 a
1460 475 1503 514 P.
1535 472 1691 525 Popilio

303 543 493 583 acerrimo
526 542 841 582 Gracchanorum
867 539 990 578 hoste.

416 610 520 646 breve
552 607 708 657 tempus]
740 605 908 645 nondum
939 606 1037 644 enim
1068 605 1230 656 triginta
1258 617 1445 644 annorum
1473 610 1576 654 erat,
1608 617 1691 645 cum

305 676 455 716 occisus
487 680 561 714 est:
591 674 691 714 Plut.
724 673 767 713 G.
803 673 976 713 Graccho
1011 674 1047 711 1.

419 741 511 781 105.
568 740 832 790 suppeditavit]
868 739 1001 778 eodem
1038 738 1151 778 modo
1190 737 1331 777 dieitur
1369 739 1441 786 32,
1475 738 1573 777 124:
1614 749 1696 774 cum

304 816 338 847 et
372 812 451 847 vita
487 808 809 857 suppeditavisset.
869 808 942 854 70,
975 806 1074 845 245:
1116 808 1174 842 cui
1206 808 1239 842 si
1267 808 1346 843 vita
1374 805 1695 855 suppeditavisset.

304 875 472 927 Vulgari
496 874 725 921 sententiae,
755 885 869 925 quam
891 873 1116 925 praeiverat
1135 871 1286 911 Ruhnk.
1312 871 1361 910 ad
1385 871 1502 911 Rutil.
1525 883 1563 923 p.
1590 871 1696 918 117„

305 943 543 993 suppeditare
574 941 650 980 dici
680 935 921 993 οὐδετέρως
950 951 1022 992 pro
1053 939 1297 989 suppetendo‚
1343 950 1420 978 non
1452 938 1596 977 iniuria
1626 936 1695 976 ad-

304 1016 481 1051 versatus
510 1007 739 1058 Bernhardy
768 1012 969 1058 comparat
1000 1006 1237 1046 Graecorum
1268 1002 1476 1060 παρέχειν
1505 1010 1541 1044 et
1562 1008 1699 1044 nostra

305 1078 523 1125 yewiihren,
565 1075 779 1124 Spielraum
820 1073 942 1123 geben.
1000 1072 1135 1112 Facile
1179 1073 1278 1111 enim
1324 1072 1553 1111 subauditur
1589 1072 1696 1111 cuius

305 1143 365 1181 rei
394 1143 546 1193 copiam
575 1140 881 1192 suppeditaverit
908 1140 988 1179 vita
1016 1138 1255 1191 productior.

419 1210 466 1243 L.
492 1206 648 1254 Gellius]
680 1218 767 1244 num
792 1206 841 1244 sit
864 1205 982 1252 idem,
1008 1206 1073 1256 qui
1098 1210 1417 1244 commemoratur
1441 1216 1473 1245 c.
1501 1207 1576 1254 47,
1604 1206 1695 1245 174.

307 1273 509 1314 admodum
540 1273 727 1311 incertum
758 1276 795 1310 et
820 1271 886 1311 vix
912 1271 997 1311 veri
1026 1271 1163 1309 simile.

421 1346 530 1389 atque
555 1339 707 1376 eundem
730 1344 764 1374 et
789 1337 1046 1386 vehementem]
1081 1336 1277 1377 Corradus
1303 1341 1339 1375 et
1360 1337 1547 1387 Meyerus
1569 1341 1699 1376 trans-

307 1407 538 1460 positionem
580 1405 791 1457 probantes
834 1417 957 1442 acrem
1000 1410 1033 1441 et
1061 1404 1307 1441 vehementem
1339 1409 1448 1453 atque
1483 1404 1637 1441 eundem
1666 1410 1699 1441 et

308 1474 418 1513 valde
461 1473 601 1510 dulcem
640 1471 731 1520 δια,
776 1471 925 1510 scilicet
966 1475 1006 1510 ut
1040 1470 1235 1510 vocabula
1273 1470 1500 1508 sententiam
1537 1470 1700 1509 similem

307 1540 492 1580 habentia
529 1552 614 1577 acer
664 1543 701 1577 et
734 1539 925 1576 vehemens
967 1537 1220 1588 colligentur,
1261 1537 1389 1576 locum
1425 1537 1577 1576 minime
1608 1549 1699 1589 per-

310 1610 532 1658 spexerunt.
598 1605 742 1644 Orator
785 1618 870 1642 acer
916 1609 973 1644 est
1006 1605 1139 1645 verbis
1180 1604 1334 1654 gravis3
1377 1605 1586 1649 vehemens,
1633 1605 1701 1656 qui

309 1673 468 1713 affectus
486 1672 663 1712 oratione
679 1683 833 1712 movere
849 1672 938 1718 scit3
965 1671 1116 1709 eundem
1133 1670 1393 1711 adverbiaseit
1410 1671 1699 1723 explicandum-

310 1752 383 1792 que
415 1736 519 1791 ἅμα.
577 1739 637 1778 Ita
665 1739 877 1789 iunguntur
905 1737 995 1786 illa,
1035 1738 1253 1778 Carbonem
1286 1743 1322 1777 et
1350 1739 1611 1784 vehementem,
1651 1744 1700 1788 et,

311 1806 415 1858 quod
454 1807 492 1845 in
532 1806 756 1846 vehemente
793 1806 946 1844 minime
977 1810 1198 1857 exspectes,
1236 1806 1379 1843 dulcem
1407 1811 1440 1843 et
1472 1806 1701 1856 perfacetum

308 1874 442 1912 fuisse.

426 1940 518 1978 106.
576 1940 623 1974 L.
638 1937 742 1987 Piso]
770 1937 945 1976 tribunus
968 1937 1096 1988 legem
1122 1937 1168 1976 de
1191 1939 1414 1989 repetundis
1438 1939 1526 1978 tulit
1549 1952 1585 1978 a.
1605 1939 1700 1988 605,

311 2018 360 2046 ex
390 2018 467 2057 qua
495 2005 742 2056 quaestiones
770 2010 985 2056 perpetuae
1019 2005 1198 2043 exerceri
1228 2010 1458 2056 coeperunt:
1489 2018 1525 2045 v.
1553 2005 1626 2045 Off.
1652 2006 1700 2045 ΙΙ.

311 2075 377 2121 21,
402 2072 469 2112 75.
514 2070 660 2110 Consul
682 2070 755 2108 fuit
783 2082 819 2108 a.
844 2072 946 2118 621,
977 2070 1045 2109 sed
1070 2071 1243 2121 quamvis
1268 2072 1411 2110 acriter
1438 2071 1498 2110 Ti.
1525 2072 1699 2112 Graccho

311 2139 539 2179 adversatus
577 2148 654 2176 non
691 2136 817 2186 magis
849 2148 964 2187 quam
994 2136 1037 2176 P.
1069 2136 1264 2177 Scaevola
1294 2137 1451 2188 collega
1480 2150 1565 2178 sese
1599 2140 1700 2192 opti-

310 2206 476 2246 matibus
513 2204 647 2244 ducem
676 2204 716 2242 in
746 2203 956 2242 occidendo
986 2203 1056 2243 illo
1088 2203 1280 2255 praehere
1308 2204 1444 2243 voluit.
1490 2205 1700 2245 Gensuram

311 2286 349 2313 a.
381 2274 464 2312 634
494 2284 577 2311 cnm
608 2282 655 2310 ea
683 2269 800 2309 laude
828 2270 968 2321 gessit,
999 2276 1041 2309 ut
1069 2271 1184 2309 etiam
1212 2271 1387 2311 Censorii
1421 2271 1456 2310 ei
1487 2283 1701 2323 cognomen

310 2339 522 2379 inderetur.
565 2338 737 2379 Annales
772 2338 853 2376 eius
890 2338 962 2376 etsi
993 2337 1147 2376 exiliter
1177 2338 1342 2389 scriptos
1373 2338 1494 2378 fuisse
1521 2339 1702 2379 Ciceroni

312 2413 349 2447 et
375 2406 501 2447 Gellio
525 2406 594 2444 IX.
623 2407 686 2445 14.
711 2403 941 2444 credendum
964 2409 1039 2452 est,
1071 2417 1217 2443 summa
1239 2410 1343 2444 certe
1366 2404 1440 2444 fide
1464 2410 1500 2444 et
1526 2406 1702 2446 veritatis

311 2473 437 2514 studio
468 2474 641 2523 insignes
668 2472 834 2511 fuerunt.
893 2472 969 2511 Res
1001 2472 1084 2511 eius
1120 2472 1299 2524 exposuit
1326 2472 1499 2509 Liebaldt
1528 2473 1567 2511 in
1598 2484 1701 2512 com-

311 2541 545 2581 mentatione
577 2539 624 2578 de
654 2540 699 2579 L.
729 2539 872 2579 Pisone
900 2539 1107 2578 Annalium
1137 2540 1327 2591 scriptore
1358 2538 1462 2578 edita
1486 2538 1702 2591 Numburgi

312 2621 349 2647 a.
383 2608 503 2648 1836.
534 2629 589 2634 ——
619 2606 725 2646 Haec
757 2607 898 2658 partim
924 2606 1079 2657 Meyeri
1108 2605 1337 2657 diligentiae
1369 2605 1566 2646 debentur.

424 2673 602 2716 XXVIII.
665 2675 757 2713 107.
817 2677 866 2712 D.
899 2673 1053 2722 Brutus]
1088 2684 1167 2713 cos.
1199 2686 1235 2712 a.
1268 2674 1350 2713 616
1383 2674 1457 2713 hoc
1487 2678 1523 2712 et
1552 2672 1701 2713 duobus

313 2740 494 2795 deinceps
530 2741 640 2781 annis
681 2740 827 2781 bellum
865 2741 904 2780 in
937 2740 1128 2793 Hispania
1158 2740 1319 2792 egregie
1349 2741 1472 2792 gessit
1501 2753 1549 2781 ex
1576 2752 1701 2794 eoque
