1835 3126
354 255 436 298 AD
470 254 584 298 CIC.
616 254 880 300 BRUTUM
920 258 1038 303 CAP.
1070 257 1138 304 44.
1169 260 1236 304 45.
1359 264 1489 311 385

210 367 302 407 163.
361 369 496 406 exilem
525 370 700 421 libellum]
732 373 921 412 Antonius
951 374 1055 426 apud
1085 373 1311 416 Ciceronem
1340 376 1388 417 (le
1418 378 1487 420 Or.

92 432 122 472 Ι.
152 434 226 481 21,
255 434 324 474 94.
364 433 541 476 libellum
571 437 679 476 illum
709 450 751 478 se
782 440 902 479 invito
941 440 981 478 in
1010 453 1144 480 manus
1174 442 1368 486 hominum
1395 456 1488 497 per-

92 499 244 540 venisse
275 502 473 552 queritur,
514 503 632 556 plane
659 509 702 544 ut
741 506 826 557 ipse
856 505 994 546 Cicero
1031 506 1155 546 libros
1186 507 1234 547 de
1261 509 1487 551 Inventione

80 565 291 624 *inchoatos
331 580 377 607 ac
415 569 531 609 rudes
562 570 638 609 sihi
666 570 858 610 excidisse
888 570 1056 611 affirmat
1082 572 1110 612 I.
1142 576 1189 623 2,
1219 574 1257 615 5.
1315 575 1375 615 De
1403 577 1485 617 An-

88 633 194 672 tonio
220 633 410 684 legendus
441 637 557 675 etiam
587 637 652 676 Or.
684 635 733 684 5,
767 638 830 676 18.
876 636 1036 686 Quintil.
1066 639 1129 679 ΙΙΙ.
1165 643 1208 689 1,
1242 644 1306 683 19.

202 701 296 740 164.
350 702 514 739 iudicum
535 724 590 730 —
609 702 824 753 factionem]
851 708 978 756 potest
1001 704 1103 754 fieri,
1129 711 1169 746 ut
1192 709 1340 760 equites
1364 721 1389 749 a
1413 722 1484 763 pe-

88 766 201 804 cunia
238 778 310 818 pro
355 767 498 807 iudicio
537 768 729 821 capienda
769 770 1004 821 integriores
1042 772 1188 813 fuerint
1222 777 1483 826 senatoribus,

86 831 192 883 quod
217 832 331 872 toties
359 833 400 872 in
429 835 628 886 prioribus
657 836 832 877 Verrinis
863 838 1034 878 inculcat
1064 839 1224 889 Cicer03
1264 847 1304 881 at
1333 855 1483 883 summa

84 898 289 950 iniquitate
318 911 385 940 eos
409 900 738 951 condemnabant,
775 905 842 955 qui
870 905 1044 956 ipsorum
1067 917 1139 956 per
1162 908 1386 958 provincias
1412 921 1482 948 ex-

83 964 300 1004 actionibus
318 967 472 1007 obviam
494 968 666 1017 ivissent,
692 970 800 1009 cuius
826 970 970 1011 iniuria
987 972 1243 1013 clarissimum
1263 975 1480 1026 exemplum

83 1036 141 1072 est
170 1032 213 1072 P.
243 1032 412 1073 Rutilius
440 1034 585 1074 Rufus:
614 1047 649 1074 v.
677 1034 786 1073 Brut.
819 1037 892 1084 30,
926 1036 1019 1077 115.

197 1103 378 1148 expositis
406 1113 471 1137 nec
502 1100 711 1150 explicatis]
744 1099 852 1140 aliud
876 1107 934 1142 est
956 1116 1034 1141 rem
1054 1114 1217 1140 narrare
1239 1109 1273 1141 et
1296 1117 1482 1155 exponere

82 1164 130 1204 de
161 1165 227 1205 Or.
256 1164 305 1204 II.
331 1167 406 1213 77,
430 1166 511 1205 312
544 1178 580 1207 v.
611 1166 834 1218 explicatt.;
864 1168 904 1207 in
932 1169 1055 1209 Bruto
1084 1169 1184 1209 enim
1208 1182 1392 1220 exponere
1422 1176 1482 1211 est

79 1243 305 1282 proponere,
341 1231 388 1271 de
417 1233 535 1272 rebus
565 1245 642 1273 non
673 1233 898 1286 explicatis,
933 1235 1002 1275 sed
1030 1247 1102 1288 per
1132 1236 1263 1287 capita
1296 1238 1409 1289 quasi
1438 1238 1479 1277 in

79 1298 206 1338 indice
244 1302 309 1337 aut
346 1299 485 1338 tabula
512 1300 754 1352 perscriptis.
813 1301 950 1342 Simile
993 1307 1051 1342 est
1079 1302 1127 1342 de
1155 1302 1236 1342 Inv.
1266 1303 1295 1342 1.
1325 1305 1370 1351 4,
1405 1305 1478 1344 14:

81 1368 185 1403 cuius
208 1364 502 1415 (coniecturalis
528 1366 831 1418 constitutionis)
855 1369 1063 1419 exemplum
1086 1371 1136 1406 sit
1159 1369 1228 1406 hoc
1251 1372 1475 1419 expositum.

78 1432 178 1472 Nam
218 1432 292 1472 etsi
329 1432 504 1483 sequitur
531 1434 706 1473 narratio
738 1435 833 1474 satis
867 1434 1010 1486 longa,
1049 1446 1127 1475 non
1159 1439 1217 1475 est
1244 1439 1373 1475 tamen
1405 1450 1477 1475 ex-

77 1511 213 1550 ponere
241 1509 313 1551 pro
342 1499 536 1538 narrando
566 1499 731 1549 dictum,
771 1500 840 1541 sed
869 1501 1066 1554 significat
1093 1515 1318 1554 proponere,
1359 1503 1475 1542 docu-

78 1571 200 1604 mento
229 1568 297 1606 uti.

189 1632 309 1675 XLV.
372 1632 464 1674 165.
524 1635 744 1685 Domitium]
792 1634 861 1676 Cn.
890 1634 1083 1675 Domitius
1111 1634 1395 1675 Ahenobarbus
1433 1636 1474 1675 in

23 1716 27 1719 Α
75 1700 274 1740 tribunatu
296 1700 462 1740 innotuit
495 1701 714 1741 accusando
743 1702 802 1742 M.
825 1702 986 1751 Silano,
1019 1702 1086 1754 qui
1111 1714 1147 1741 a.
1175 1702 1257 1743 645
1285 1702 1474 1743 adversus

76 1766 254 1808 Cimbros
292 1768 537 1820 improspere
563 1773 831 1820 pugnaverat,
871 1774 909 1809 et
936 1768 1099 1809 ferenda
1137 1768 1230 1819 lege
1263 1768 1311 1808 (le
1339 1781 1475 1809 sacer-

75 1833 229 1874 dotibus
263 1846 288 1872 a
328 1834 476 1887 populo
517 1835 713 1874 creandis:
750 1836 894 1875 Ascon.
931 1836 972 1874 in
1006 1833 1162 1875 Cornel.
1203 1845 1242 1886 p.
1274 1836 1342 1874 80.
1387 1834 1471 1875 Cic.

75 1912 107 1940 c.
152 1900 259 1941 Rull.
299 1900 346 1940 ΙΙ.
388 1903 428 1941 7.
473 1901 573 1943 Vell.
610 1902 659 1941 ΙΙ.
698 1903 763 1940 12.
809 1900 916 1941 Suet.
957 1900 1049 1939 Ner.
1091 1902 1130 1939 2.
1206 1899 1355 1941 Consul
1396 1901 1473 1941 fuit

74 1980 111 2007 a.
137 1967 232 2008 658.
295 1967 335 2004 G.
368 1967 516 2005 Caelius
547 1967 686 2005 Caldus
714 1967 891 2006 tribunus
922 1978 958 2005 a.
986 1966 1069 2006 647
1098 1965 1253 2006 iudiciis
1282 1967 1472 2008 tabellam

72 2034 198 2082 dedit3
225 2032 361 2074 consul
382 2032 455 2072 fuit
478 2046 514 2072 a.
532 2034 628 2074 660.
671 2033 732 2073 De
756 2034 874 2073 rebus
897 2033 979 2072 eius
1002 2033 1188 2084 Meyerus
1204 2033 1471 2073 Drumannum

72 2105 288 2142 antestatur
315 2100 414 2140 Hist.
441 2099 487 2140 R.
517 2104 543 2139 t.
564 2100 612 2140 H.
643 2111 681 2151 p.
703 2100 801 2139 409.
847 2099 896 2138 cf.
929 2098 1009 2138 Cic.
1040 2098 1088 2138 de
1118 2099 1185 2139 Or.
1216 2099 1246 2139 1.
1270 2100 1344 2148 25,
1371 2102 1467 2141 117.

70 2172 130 2206 Μ.
153 2169 364 2206 Herennius
384 2167 475 2205 item
497 2177 619 2206 novus
643 2166 758 2205 homo
784 2177 885 2205 anno
910 2169 1000 2217 post
1024 2163 1200 2205 Caelium
1224 2166 1470 2207 consulatum

71 2235 213 2287 gessit3
240 2235 279 2270 C.
299 2232 480 2270 Claudius
494 2232 655 2269 Pulcher
676 2243 771 2272 avus
796 2231 940 2272 famosi
964 2232 1070 2271 illius
1096 2232 1141 2273 P.
1161 2231 1291 2273 Clodii
1315 2246 1351 2273 a.
1368 2235 1465 2274 662.

187 2300 280 2340 166.
338 2297 559 2347 sodalitate]
606 2292 791 2353 ἑταιρίᾳ.
858 2298 1065 2340 Ambitiosi
1103 2299 1301 2349 homines,
1343 2305 1385 2340 ut
1425 2301 1468 2341 in

70 2368 226 2409 civitate
253 2366 452 2414 valerent,
480 2364 716 2404 factionibus
744 2365 884 2405 iunctis
912 2371 1002 2406 tunc
1031 2377 1113 2406 rem
1138 2366 1336 2419 publicam
1357 2366 1467 2407 lace-

0 2432 9 2484 ‚¹
70 2435 231 2475 rabant:
261 2446 297 2474 v.
322 2432 544 2473 Manutium
574 2431 624 2471 ad
648 2430 727 2472 Cic.
757 2444 796 2484 p.
824 2432 960 2474 Sextio
991 2445 1023 2474 c.
1053 2432 1118 2474 15.
1163 2433 1286 2476 Wolf.
1314 2434 1355 2473 in
1381 2434 1463 2476 Cic.

0 2485 9 2550 Tr„
71 2503 138 2543 or.
165 2501 231 2543 1v.
261 2512 301 2553 p.
325 2498 393 2540 65.
437 2499 654 2542 Walterum
679 2499 720 2538 in
748 2499 846 2541 nist.
876 2500 955 2540 lur.
984 2500 1033 2541 R.
1061 2500 1140 2542 vol.
1170 2500 1199 2540 1.
1230 2513 1268 2553 p.
1300 2501 1397 2542 253.

182 2579 342 2618 ”taynus
363 2566 458 2616 erat]
488 2578 519 2606 c.
539 2568 606 2615 47,
625 2566 727 2607 175:
756 2567 796 2603 G.
814 2567 1003 2605 Bellienus
1026 2568 1135 2606 homo
1157 2580 1224 2618 per
1237 2580 1276 2605 se
1291 2580 1462 2616 magnus.

186 2636 279 2675 167.
339 2632 379 2670 G.
404 2633 541 2683 Titius]
565 2645 651 2673 eum
667 2633 898 2675 Macrobius
923 2634 1063 2674 aetatis
1079 2634 1312 2674 Lucilianae
1336 2633 1463 2674 virum

0 2729 2 2735 ·
71 2701 267 2755 appellat,
309 2710 381 2740 nec
409 2699 588 2753 profecto
627 2701 792 2751 iniuria,
835 2702 869 2741 si
906 2699 1060 2753 quidem
1095 2700 1130 2740 is
1169 2713 1206 2740 a.
1235 2701 1318 2740 606
1349 2704 1465 2740 natus

0 2782 2 2786 ’
70 2769 295 2823 perhibetur
324 2771 411 2809 octo
438 2767 549 2808 aunis
573 2765 758 2810 Crassum
786 2773 915 2810 aetate
944 2766 1187 2809 antecedens,
1231 2766 1330 2809 Nam
1358 2765 1464 2820 quod

1129 2843 1184 2886 25
