1835 3126
273 189 347 234 &S
480 184 677 228 BREVlS
708 182 1101 236 ELOQUENTIAE
1132 184 1266 228 ROM.
1300 185 1441 228 HlST.

271 307 339 341 est.
386 299 642 346 Sententiam,
673 310 750 337 non
778 298 900 339 verba
931 299 1012 338 eius
1042 311 1090 338 cx
1119 300 1301 339 suasione
1327 300 1429 351 legis
1459 301 1658 351 agrariae,

271 379 384 419 quain
422 366 596 404 tribunus
632 365 737 413 tulit,
777 365 914 404 Cicero
949 366 1106 405 retinuit
1134 363 1223 415 (⁷⁴>3
1267 379 1314 406 ex
1344 368 1542 416 contione,
1580 380 1659 418 qua

270 438 441 473 senatum
468 432 668 472 criminato
695 431 926 481 gravissime
949 444 1176 484 responsum
1207 446 1231 472 a
1258 435 1401 473 Crasso
1428 439 1507 482 est,
1537 435 1659 475 verba

270 500 458 553 quaedam
496 499 624 538 relata
660 497 845 537 hahemus
871 496 962 548 (75);
1001 513 1071 549 pro
1105 501 1169 538 Cn.
1202 503 1369 550 Pompeii
1407 501 1512 538 bonis
1549 501 1658 549 dixit,

270 580 352 606 cum
388 568 420 605 is
451 571 564 618 patre
603 570 753 604 mortuo
792 566 1091 617 repetundarum
1125 579 1215 606 reus
1246 573 1347 606 esset
1372 564 1460 617 (⁷⁶);
1500 568 1589 607 item
1619 569 1659 606 in

270 637 311 670 Ρ.
348 635 580 678 Quinctium,
620 633 728 671 cuius
759 644 916 671 causam
947 632 1175 672 adolescens
1206 634 1344 673 Cicero
1375 633 1545 673 defendit
1569 633 1658 685 (7⁷);

269 701 484 739 orationem
525 700 780 747 senatoriam,
825 712 901 751 qua
932 700 1120 752 Lepidum
1150 700 1344 740 consulem
1373 701 1469 739 urbe
1498 701 1660 752 pepulit,

269 767 482 807 Sallustius
511 767 595 807 veri
632 766 892 806 similitudinis
924 767 1090 819 quadam
1121 769 1250 820 specie
1288 769 1459 807 imitatus
1493 773 1550 806 est
1574 764 1657 818 (7⁸).

268 836 481 874 Praeterea
514 833 765 872 honorificum
796 835 878 873 eius
910 834 956 873 de
988 835 1054 874 Cn.
1086 836 1271 887 Pompeio
1302 835 1560 879 testimonium
1592 846 1660 873 ex-

270 905 345 940 stat
361 899 430 950 (Ν)
463 901 552 939 item
579 900 718 939 dictum
749 901 795 940 de
825 913 921 951 rege
944 902 1170 942 Alexandro
1193 903 1361 955 Aegypti
1379 898 1446 953 (⁸⁰)
1479 907 1515 941 et
1538 913 1660 954 quae-

271 967 358 1006 dam
388 968 618 1007 facetiarum
650 968 828 1020 exempla
854 966 939 1020 (δ’).

902 1076 936 1130 ς.
968 1081 1034 1119 29.

834 1154 877 1188 P.
903 1154 1095 1200 Sulpicius.

380 1238 423 1272 P.
456 1236 644 1285 Sulpicius
674 1236 799 1284 Rufus
828 1242 980 1286 gentem
1010 1237 1203 1288 plebeiam
1232 1236 1418 1284 babebat,
1460 1237 1530 1275 etsi
1561 1237 1660 1275 anti-

269 1304 354 1355 quis
394 1302 474 1341 illis
505 1302 712 1354 Sulpiciis,
751 1304 815 1355 qui
850 1303 1028 1343 consules
1069 1305 1127 1343 rei
1156 1304 1337 1356 publicae
1377 1304 1511 1355 paucis
1550 1305 1660 1342 annis

268 1374 356 1421 post
396 1374 553 1408 exactos
589 1381 705 1420 reges
744 1370 948 1418 dederunt,
987 1371 1265 1421 cognominem.
1324 1371 1422 1409 Nam
1459 1375 1496 1409 et
1524 1371 1661 1422 ipsum,

267 1441 308 1474 ut
336 1435 512 1474 tribunus
545 1434 673 1483 fieret,
706 1436 755 1474 ad
782 1437 935 1487 plebem
963 1439 1152 1476 transisse
1181 1437 1287 1475 nullo
1318 1437 1537 1475 testimonio
1566 1447 1662 1487 pro-

267 1503 400 1549 batur,
445 1506 482 1541 et
531 1502 617 1541 Ser.
664 1503 861 1554 Sulpicius
905 1503 1029 1543 Rufus
1074 1504 1171 1543 iuris
1216 1503 1412 1543 consultus
1460 1503 1661 1542 Ciceronis

268 1569 445 1621 aequalis
473 1568 593 1607 filium
622 1570 815 1609 tribunum
840 1568 1061 1621 habuit(⁸²)
1093 1576 1130 1611 et
1159 1571 1259 1610 alius
1292 1571 1336 1610 P.
1367 1570 1565 1622 Sulpicius
1592 1570 1663 1609 tri-

266 1637 390 1675 bunus
422 1642 742 1676 commemoratur
766 1649 842 1689 quo
866 1650 966 1677 anno
990 1639 1133 1680 Verres
1156 1637 1456 1690 repetundarum
1479 1637 1662 1676 iudicium

270 1704 387 1743 subiit
412 1700 495 1753 (⁸3).
554 1703 676 1742 Natus
717 1709 774 1743 est
802 1704 846 1744 P.
879 1705 1075 1757 Sulpicius
1107 1718 1143 1745 a.
1174 1707 1276 1754 630,
1317 1704 1469 1752 eodem,
1509 1716 1585 1756 quo
1617 1703 1661 1744 C.

266 1771 449 1810 Aurelius
478 1769 594 1810 Cotta
622 1771 917 1820 magistratuum
951 1772 1210 1822 gerendorum
1241 1777 1277 1811 et
1306 1771 1434 1811 laudis
1463 1771 1663 1811 oratoriae

270 1837 444 1876 aemulus
468 1834 551 1886 (⁹⁴⁵⁴).
620 1838 859 1878 Adolescens
906 1851 1093 1878 annorum
1134 1839 1315 1889 triginta,
1361 1849 1444 1878 cum
1489 1844 1578 1878 ante
1622 1838 1662 1877 iu

268 1905 396 1943 causis
443 1905 654 1945 minoribus
691 1910 868 1946 versatus
904 1911 1022 1954 esset,
1066 1905 1249 1945 inclaruit
1286 1905 1326 1945 C.
1366 1905 1551 1945 Norbano
1595 1917 1662 1944 ac-

269 1972 459 2020 cusando,
501 1985 613 2024 quem
657 1972 827 2012 defendit
855 1973 913 2013 M.
940 1974 1142 2013 Antonius.
1202 1973 1397 2022 Quaestor
1437 1984 1536 2011 anno
1572 1977 1662 2024 post

269 2039 344 2078 fuit
381 2038 424 2079 G.
456 2039 616 2081 ValcrIo
653 2041 710 2080 M.
751 2040 945 2080 Herennio
989 2041 1226 2080 consulibus.
1292 2041 1391 2079 Mox
1434 2039 1662 2078 ardescente

267 2106 373 2145 bello
402 2106 539 2146 Italico
568 2118 652 2145 cum
674 2119 752 2145 non
774 2107 931 2146 multum
957 2108 1167 2156 abfuisset,
1199 2108 1291 2159 quin
1312 2108 1402 2157 lege
1424 2107 1547 2148 Varia
1569 2118 1660 2145 reus

267 2170 483 2224 fieret(⁵'5)‚
515 2186 615 2213 anno
641 2173 736 2213 belli
767 2174 935 2213 secundo
965 2174 1120 2226 legatus
1149 2174 1218 2215 Gn.
1252 2175 1428 2226 Pompeii
1454 2173 1660 2214 Strabonis

267 2241 400 2280 utilem
436 2242 495 2280 rei
532 2241 715 2293 publicae
751 2252 911 2293 operam
953 2242 1113 2283 navavit
1140 2242 1392 2282 Marrucinos
1421 2240 1660 2294 recipiendo.

359 2382 416 2424 74)
444 2380 515 2417 Off.
539 2382 582 2418 ll.
602 2384 665 2426 21,
690 2383 744 2418 73.
864 2383 923 2426 75)
950 2383 1024 2418 Cic.
1045 2383 1090 2417 de
1114 2381 1177 2419 Or.
1200 2383 1261 2419 111.
1290 2384 1327 2427 1,
1353 2384 1382 2420 l.
1499 2384 1556 2427 76)
1585 2383 1657 2419 Cic.

268 2438 370 2474 Brut.
391 2438 448 2482 64,
469 2438 546 2474 230.
582 2439 678 2475 Plut.
701 2440 830 2485 Pomp.
850 2439 902 2481 (λς
928 2451 1022 2473 anno
1042 2439 1120 2474 668.
1239 2441 1298 2485 77)
1324 2442 1397 2477 Cic.
1421 2441 1563 2479 Qninct.
1583 2440 1660 2479 223

269 2508 301 2529 a.
333 2494 411 2529 072.
529 2496 585 2539 78)
624 2497 710 2531 Sall.
743 2497 832 2531 Ilist.
869 2495 894 2531 1.
933 2508 967 2541 p.
1000 2496 1067 2530 945
1100 2497 1198 2532 Cort.
1318 2498 1375 2541 79)
1411 2498 1484 2533 Cic.
1521 2508 1554 2542 p.
1581 2497 1662 2541 lege

268 2551 372 2587 Man.
392 2552 445 2587 21.
482 2552 575 2587 Pbil.
593 2553 654 2589 Xl.
676 2555 707 2589 8.
824 2553 884 2597 80)
911 2554 984 2588 Cic.
1008 2552 1101 2587 Rull.
1122 2553 1161 2587 ll.
1185 2554 1235 2589 16.
1349 2554 1409 2598 81)
1436 2554 1509 2589 Cic.
1530 2554 1575 2588 de
1595 2551 1660 2588 Or.

269 2607 310 2642 ΙΙ.
331 2608 394 2651 54,
413 2609 490 2644 220.
517 2610 580 2653 60,
599 2611 676 2646 215.
703 2611 765 2653 61,
784 2610 863 2645 249.
975 2609 1034 2654 82)
1062 2610 1165 2643 Anno
1186 2610 1260 2644 707.
1373 2611 1433 2655 83)
1460 2612 1534 2646 Cic.
1555 2610 1660 2643 Vcrr.

267 2665 346 2700 Act.
373 2665 398 2700 1.
423 2666 482 2709 10,
504 2666 559 2700 30.
678 2668 737 2710 84)
763 2667 836 2702 Cic.
856 2666 959 2702 Brut.
982 2666 1046 2709 88,
1071 2666 1148 2701 301.
1197 2667 1413 2702 Hortensius
1438 2668 1531 2702 enim
1557 2672 1660 2699 natus

269 2728 322 2756 cst
341 2734 373 2757 a.
392 2722 480 2767 640,
502 2728 583 2758 octo
604 2724 704 2759 anuis
721 2723 898 2760 Cicerone
918 2724 1043 2758 maior.
1159 2723 1219 2766 85)
1244 2724 1318 2759 Cic.
1333 2725 1378 2759 de
1394 2722 1457 2760 Or.
1472 2722 1531 2757 111.
1549 2721 1582 2763 3,
1606 2722 1657 2755 ll.
