<?xml version="1.0" encoding="UTF-8"?>
<!DOCTYPE html PUBLIC "-//W3C//DTD XHTML 1.0 Transitional//EN"
    "http://www.w3.org/TR/xhtml1/DTD/xhtml1-transitional.dtd">
<html xmlns="http://www.w3.org/1999/xhtml" xml:lang="en" lang="en">
 <head>
  <title>
</title>
<meta http-equiv="Content-Type" content="text/html;charset=utf-8" />
  <meta name='ocr-system' content='tesseract 3.04.00' />
  <meta name='ocr-capabilities' content='ocr_page ocr_carea ocr_par ocr_line ocrx_word'/>
</head>
<body>
  <div class='ocr_page' id='page_1' title='image "./brutussivedeclar00ciceuoft/brutussivedeclar00ciceuoft_0337.png"; bbox 0 0 1835 3126; ppageno 0'>
   <div class='ocr_carea' id='block_1_1' title="bbox 549 232 1507 282">
    <p class='ocr_par' dir='ltr' id='par_1_1' title="bbox 549 232 1507 282">
     <span class='ocr_line' id='line_1_1' title="bbox 549 232 1507 282; baseline 0.007 -7"><span class='ocrx_word' id='word_1_1' title='bbox 549 232 808 276; x_wconf 87' lang='lat' dir='ltr'>BRUTUS</span> <span class='ocrx_word' id='word_1_2' title='bbox 848 233 968 277; x_wconf 77' lang='lat' dir='ltr'><strong>CAP.</strong></span> <span class='ocrx_word' id='word_1_3' title='bbox 998 236 1066 278; x_wconf 84' lang='lat'>95.</span> <span class='ocrx_word' id='word_1_4' title='bbox 1399 238 1507 282; x_wconf 65' lang='lat'>312</span> 
     </span>
    </p>
   </div>
   <div class='ocr_carea' id='block_1_2' title="bbox 112 342 1507 1885">
    <p class='ocr_par' dir='ltr' id='par_1_2' title="bbox 112 342 1507 1885">
     <span class='ocr_line' id='line_1_2' title="bbox 120 342 1505 403; baseline 0.001 -14"><span class='ocrx_word' id='word_1_5' title='bbox 120 348 328 400; x_wconf 87' lang='lat' dir='ltr'>utriusque</span> <span class='ocrx_word' id='word_1_6' title='bbox 357 345 568 387; x_wconf 85' lang='lat' dir='ltr'>orationes</span> <span class='ocrx_word' id='word_1_7' title='bbox 596 352 688 388; x_wconf 90' lang='lat' dir='ltr'>sunt</span> <span class='ocrx_word' id='word_1_8' title='bbox 719 348 760 389; x_wconf 89' lang='lat' dir='ltr'>in</span> <span class='ocrx_word' id='word_1_9' title='bbox 789 342 953 403; x_wconf 88' lang='lat' dir='ltr'>primis&#39;,</span> <span class='ocrx_word' id='word_1_10' title='bbox 985 354 1025 389; x_wconf 90' lang='lat' dir='ltr'>ut</span> <span class='ocrx_word' id='word_1_11' title='bbox 1055 347 1245 390; x_wconf 85' lang='lat' dir='ltr'>Asiatico</span> <span class='ocrx_word' id='word_1_12' title='bbox 1271 348 1312 389; x_wconf 93' lang='lat' dir='ltr'>in</span> <span class='ocrx_word' id='word_1_13' title='bbox 1337 360 1505 402; x_wconf 81' lang='lat' dir='ltr'>genere,</span> 
     </span>
     <span class='ocr_line' id='line_1_3' title="bbox 118 422 1507 480; baseline 0 -13"><span class='ocrx_word' id='word_1_14' title='bbox 118 422 367 467; x_wconf 82' lang='lat' dir='ltr'>laudabiles.</span> <span class='ocrx_word' id='word_1_15' title='bbox 430 422 559 465; x_wconf 89' lang='lat' dir='ltr'>Aliud</span> <span class='ocrx_word' id='word_1_16' title='bbox 605 431 739 466; x_wconf 86' lang='lat' dir='ltr'>autem</span> <span class='ocrx_word' id='word_1_17' title='bbox 780 438 912 480; x_wconf 83' lang='lat' dir='ltr'>genus</span> <span class='ocrx_word' id='word_1_18' title='bbox 958 432 1134 468; x_wconf 87' lang='lat' dir='ltr'>estnon</span> <span class='ocrx_word' id='word_1_19' title='bbox 1169 432 1253 467; x_wconf 86' lang='lat' dir='ltr'>tam</span> <span class='ocrx_word' id='word_1_20' title='bbox 1292 427 1507 468; x_wconf 81' lang='lat' dir='ltr'>sententiis</span> 
     </span>
     <span class='ocr_line' id='line_1_4' title="bbox 116 501 1505 558; baseline 0.001 -15"><span class='ocrx_word' id='word_1_21' title='bbox 116 501 438 556; x_wconf 83' lang='lat' dir='ltr'>frequentatum,</span> <span class='ocrx_word' id='word_1_22' title='bbox 470 514 592 557; x_wconf 84' lang='lat' dir='ltr'>quam</span> <span class='ocrx_word' id='word_1_23' title='bbox 615 502 754 545; x_wconf 88' lang='lat' dir='ltr'>verbis</span> <span class='ocrx_word' id='word_1_24' title='bbox 781 502 949 545; x_wconf 87' lang='lat' dir='ltr'>volucre</span> <span class='ocrx_word' id='word_1_25' title='bbox 981 510 1100 558; x_wconf 86' lang='lat' dir='ltr'>atque</span> <span class='ocrx_word' id='word_1_26' title='bbox 1131 504 1363 553; x_wconf 84' lang='lat' dir='ltr'>incitatum,</span> <span class='ocrx_word' id='word_1_27' title='bbox 1392 503 1505 558; x_wconf 83' lang='lat' dir='ltr'>quali</span> 
     </span>
     <span class='ocr_line' id='line_1_5' title="bbox 117 578 1506 630; baseline 0.001 -10"><span class='ocrx_word' id='word_1_28' title='bbox 117 586 180 621; x_wconf 88' lang='lat' dir='ltr'>est</span> <span class='ocrx_word' id='word_1_29' title='bbox 222 593 330 622; x_wconf 87' lang='lat' dir='ltr'>nunc</span> <span class='ocrx_word' id='word_1_30' title='bbox 369 578 477 622; x_wconf 89' lang='lat' dir='ltr'>Asia</span> <span class='ocrx_word' id='word_1_31' title='bbox 516 586 621 630; x_wconf 86' lang='lat' dir='ltr'>tota,</span> <span class='ocrx_word' id='word_1_32' title='bbox 669 593 746 623; x_wconf 89' lang='lat' dir='ltr'>nec</span> <span class='ocrx_word' id='word_1_33' title='bbox 790 580 954 622; x_wconf 89' lang='lat' dir='ltr'>flumine</span> <span class='ocrx_word' id='word_1_34' title='bbox 994 580 1126 624; x_wconf 91' lang='lat' dir='ltr'>solum</span> <span class='ocrx_word' id='word_1_35' title='bbox 1165 582 1385 630; x_wconf 87' lang='lat' dir='ltr'>orationis,</span> <span class='ocrx_word' id='word_1_36' title='bbox 1431 581 1506 623; x_wconf 87' lang='lat' dir='ltr'>sed</span> 
     </span>
     <span class='ocr_line' id='line_1_6' title="bbox 117 658 1506 714; baseline 0.001 -15"><span class='ocrx_word' id='word_1_37' title='bbox 117 658 241 700; x_wconf 91' lang='lat' dir='ltr'>etiam</span> <span class='ocrx_word' id='word_1_38' title='bbox 277 664 475 700; x_wconf 82' lang='lat' dir='ltr'>exornato</span> <span class='ocrx_word' id='word_1_39' title='bbox 513 665 552 701; x_wconf 93' lang='lat' dir='ltr'>et</span> <span class='ocrx_word' id='word_1_40' title='bbox 591 658 727 701; x_wconf 81' lang='lat' dir='ltr'>faceto</span> <span class='ocrx_word' id='word_1_41' title='bbox 766 671 920 713; x_wconf 81' lang='lat' dir='ltr'>genere</span> <span class='ocrx_word' id='word_1_42' title='bbox 957 659 1198 702; x_wconf 83' lang='lat' dir='ltr'>verborum:</span> <span class='ocrx_word' id='word_1_43' title='bbox 1238 661 1281 701; x_wconf 90' lang='lat' dir='ltr'>in</span> <span class='ocrx_word' id='word_1_44' title='bbox 1311 672 1389 714; x_wconf 86' lang='lat' dir='ltr'>quo</span> <span class='ocrx_word' id='word_1_45' title='bbox 1431 658 1506 700; x_wconf 90' lang='lat' dir='ltr'>suit</span> 
     </span>
     <span class='ocr_line' id='line_1_7' title="bbox 116 734 1506 792; baseline 0.001 -15"><span class='ocrx_word' id='word_1_46' title='bbox 116 734 352 790; x_wconf 87' lang='lat' dir='ltr'>Aeschylus</span> <span class='ocrx_word' id='word_1_47' title='bbox 385 735 555 779; x_wconf 89' lang='lat' dir='ltr'>Cnidius</span> <span class='ocrx_word' id='word_1_48' title='bbox 595 744 633 779; x_wconf 88' lang='lat' dir='ltr'>et</span> <span class='ocrx_word' id='word_1_49' title='bbox 667 750 782 779; x_wconf 89' lang='lat' dir='ltr'>meus</span> <span class='ocrx_word' id='word_1_50' title='bbox 814 737 1004 792; x_wconf 87' lang='lat' dir='ltr'>aequalis</span> <span class='ocrx_word' id='word_1_51' title='bbox 1033 736 1227 780; x_wconf 89' lang='lat' dir='ltr'>Milesius</span> <span class='ocrx_word' id='word_1_52' title='bbox 1257 736 1506 779; x_wconf 83' lang='lat' dir='ltr'><strong>Aeschines.</strong></span> 
     </span>
     <span class='ocr_line' id='line_1_8' title="bbox 117 813 1505 866; baseline 0.001 -11"><span class='ocrx_word' id='word_1_53' title='bbox 117 815 158 855; x_wconf 92' lang='lat' dir='ltr'>in</span> <span class='ocrx_word' id='word_1_54' title='bbox 187 813 252 856; x_wconf 90' lang='lat' dir='ltr'>his</span> <span class='ocrx_word' id='word_1_55' title='bbox 283 821 372 856; x_wconf 89' lang='lat' dir='ltr'>erat</span> <span class='ocrx_word' id='word_1_56' title='bbox 402 814 660 857; x_wconf 85' lang='lat' dir='ltr'>admirabilis</span> <span class='ocrx_word' id='word_1_57' title='bbox 685 816 886 857; x_wconf 87' lang='lat' dir='ltr'>orationis</span> <span class='ocrx_word' id='word_1_58' title='bbox 912 829 1079 866; x_wconf 89' lang='lat' dir='ltr'>cursus,</span> <span class='ocrx_word' id='word_1_59' title='bbox 1112 823 1259 858; x_wconf 91' lang='lat' dir='ltr'>ornata</span> <span class='ocrx_word' id='word_1_60' title='bbox 1280 817 1505 858; x_wconf 85' lang='lat' dir='ltr'>sententia-</span> 
     </span>
     <span class='ocr_line' id='line_1_9' title="bbox 115 892 1505 943; baseline 0.001 -10"><span class='ocrx_word' id='word_1_61' title='bbox 115 904 205 933; x_wconf 86' lang='lat' dir='ltr'>rum</span> <span class='ocrx_word' id='word_1_62' title='bbox 248 893 505 935; x_wconf 85' lang='lat' dir='ltr'>concinnitas</span> <span class='ocrx_word' id='word_1_63' title='bbox 543 905 626 934; x_wconf 90' lang='lat' dir='ltr'>non</span> <span class='ocrx_word' id='word_1_64' title='bbox 668 899 767 934; x_wconf 90' lang='lat' dir='ltr'>erat.</span> <span class='ocrx_word' id='word_1_65' title='bbox 832 893 928 934; x_wconf 86' lang='lat'><strong>326.</strong></span> <span class='ocrx_word' id='word_1_66' title='bbox 970 892 1085 935; x_wconf 86' lang='lat' dir='ltr'>Haec</span> <span class='ocrx_word' id='word_1_67' title='bbox 1122 900 1280 942; x_wconf 90' lang='lat' dir='ltr'>autem,</span> <span class='ocrx_word' id='word_1_68' title='bbox 1323 899 1365 934; x_wconf 89' lang='lat' dir='ltr'>ut</span> <span class='ocrx_word' id='word_1_69' title='bbox 1408 893 1505 943; x_wconf 84' lang='lat' dir='ltr'>dixi,</span> 
     </span>
     <span class='ocr_line' id='line_1_10' title="bbox 115 968 1505 1024; baseline 0 -14"><span class='ocrx_word' id='word_1_70' title='bbox 115 982 274 1024; x_wconf 84' lang='lat' dir='ltr'>genera</span> <span class='ocrx_word' id='word_1_71' title='bbox 307 970 470 1012; x_wconf 89' lang='lat' dir='ltr'>dicendi</span> <span class='ocrx_word' id='word_1_72' title='bbox 517 970 678 1024; x_wconf 83' lang='lat' dir='ltr'>aptiora</span> <span class='ocrx_word' id='word_1_73' title='bbox 718 975 811 1010; x_wconf 89' lang='lat' dir='ltr'>sunt</span> <span class='ocrx_word' id='word_1_74' title='bbox 850 968 1209 1019; x_wconf 66' lang='lat' dir='ltr'>adolescentibus,</span> <span class='ocrx_word' id='word_1_75' title='bbox 1254 970 1297 1010; x_wconf 91' lang='lat' dir='ltr'>in</span> <span class='ocrx_word' id='word_1_76' title='bbox 1335 969 1505 1011; x_wconf 81' lang='lat' dir='ltr'>senibus</span> 
     </span>
     <span class='ocr_line' id='line_1_11' title="bbox 115 1044 1505 1102; baseline -0.001 -12"><span class='ocrx_word' id='word_1_77' title='bbox 115 1049 361 1102; x_wconf 82' lang='lat' dir='ltr'>gravitatem</span> <span class='ocrx_word' id='word_1_78' title='bbox 390 1059 474 1088; x_wconf 89' lang='lat' dir='ltr'>non</span> <span class='ocrx_word' id='word_1_79' title='bbox 502 1045 666 1087; x_wconf 86' lang='lat' dir='ltr'>habent.</span> <span class='ocrx_word' id='word_1_80' title='bbox 713 1044 854 1100; x_wconf 88' lang='lat' dir='ltr'>Itaque</span> <span class='ocrx_word' id='word_1_81' title='bbox 878 1044 1121 1088; x_wconf 88' lang='lat' dir='ltr'>Hortensius</span> <span class='ocrx_word' id='word_1_82' title='bbox 1151 1053 1323 1102; x_wconf 88' lang='lat' dir='ltr'>utroque</span> <span class='ocrx_word' id='word_1_83' title='bbox 1350 1059 1505 1101; x_wconf 82' lang='lat' dir='ltr'>genere</span> 
     </span>
     <span class='ocr_line' id='line_1_12' title="bbox 113 1122 1505 1167; baseline 0.001 -1"><span class='ocrx_word' id='word_1_84' title='bbox 113 1124 265 1166; x_wconf 86' lang='lat' dir='ltr'>florens</span> <span class='ocrx_word' id='word_1_85' title='bbox 304 1123 509 1166; x_wconf 84' lang='lat' dir='ltr'>clamores</span> <span class='ocrx_word' id='word_1_86' title='bbox 550 1122 733 1165; x_wconf 80' lang='lat' dir='ltr'>faciebat</span> <span class='ocrx_word' id='word_1_87' title='bbox 776 1123 1039 1166; x_wconf 88' lang='lat' dir='ltr'>adolescens.</span> <span class='ocrx_word' id='word_1_88' title='bbox 1098 1123 1280 1166; x_wconf 90' lang='lat' dir='ltr'>habebat</span> <span class='ocrx_word' id='word_1_89' title='bbox 1319 1126 1428 1167; x_wconf 91' lang='lat' dir='ltr'>enim</span> <span class='ocrx_word' id='word_1_90' title='bbox 1466 1132 1505 1167; x_wconf 92' lang='lat' dir='ltr'>et</span> 
     </span>
     <span class='ocr_line' id='line_1_13' title="bbox 115 1201 1506 1259; baseline 0.001 -15"><span class='ocrx_word' id='word_1_91' title='bbox 115 1201 368 1245; x_wconf 89' lang='lat' dir='ltr'>Meneclium</span> <span class='ocrx_word' id='word_1_92' title='bbox 410 1201 514 1243; x_wconf 89' lang='lat' dir='ltr'>illud</span> <span class='ocrx_word' id='word_1_93' title='bbox 555 1201 731 1244; x_wconf 89' lang='lat' dir='ltr'>studium</span> <span class='ocrx_word' id='word_1_94' title='bbox 764 1202 1004 1244; x_wconf 87' lang='lat' dir='ltr'>crebrarum</span> <span class='ocrx_word' id='word_1_95' title='bbox 1032 1209 1378 1259; x_wconf 88' lang='lat' dir='ltr'>venustarumque</span> <span class='ocrx_word' id='word_1_96' title='bbox 1410 1216 1506 1245; x_wconf 89' lang='lat' dir='ltr'>sen-</span> 
     </span>
     <span class='ocr_line' id='line_1_14' title="bbox 112 1279 1506 1336; baseline -0.001 -12"><span class='ocrx_word' id='word_1_97' title='bbox 112 1282 352 1331; x_wconf 76' lang='lat' dir='ltr'>tentiarum3</span> <span class='ocrx_word' id='word_1_98' title='bbox 383 1282 424 1322; x_wconf 93' lang='lat' dir='ltr'>in</span> <span class='ocrx_word' id='word_1_99' title='bbox 451 1279 622 1336; x_wconf 90' lang='lat' dir='ltr'>quibus,</span> <span class='ocrx_word' id='word_1_100' title='bbox 650 1287 694 1322; x_wconf 87' lang='lat' dir='ltr'>ut</span> <span class='ocrx_word' id='word_1_101' title='bbox 723 1282 767 1322; x_wconf 89' lang='lat' dir='ltr'>in</span> <span class='ocrx_word' id='word_1_102' title='bbox 796 1280 869 1324; x_wconf 94' lang='lat' dir='ltr'>illo</span> <span class='ocrx_word' id='word_1_103' title='bbox 898 1280 1084 1331; x_wconf 86' lang='lat' dir='ltr'>Graeco,</span> <span class='ocrx_word' id='word_1_104' title='bbox 1116 1282 1178 1323; x_wconf 90' lang='lat' dir='ltr'>sic</span> <span class='ocrx_word' id='word_1_105' title='bbox 1208 1282 1252 1322; x_wconf 91' lang='lat' dir='ltr'>in</span> <span class='ocrx_word' id='word_1_106' title='bbox 1279 1280 1358 1323; x_wconf 90' lang='lat' dir='ltr'>hoc</span> <span class='ocrx_word' id='word_1_107' title='bbox 1389 1288 1506 1323; x_wconf 85' lang='lat' dir='ltr'>erant</span> 
     </span>
     <span class='ocr_line' id='line_1_15' title="bbox 114 1358 1506 1416; baseline 0 -15"><span class='ocrx_word' id='word_1_108' title='bbox 114 1359 319 1416; x_wconf 89' lang='lat' dir='ltr'>quaedam</span> <span class='ocrx_word' id='word_1_109' title='bbox 357 1360 492 1413; x_wconf 81' lang='lat' dir='ltr'>magis</span> <span class='ocrx_word' id='word_1_110' title='bbox 529 1365 728 1401; x_wconf 85' lang='lat' dir='ltr'>venustae</span> <span class='ocrx_word' id='word_1_111' title='bbox 770 1358 994 1416; x_wconf 88' lang='lat' dir='ltr'>dulcesque</span> <span class='ocrx_word' id='word_1_112' title='bbox 1026 1361 1255 1401; x_wconf 90' lang='lat' dir='ltr'>sententiae</span> <span class='ocrx_word' id='word_1_113' title='bbox 1284 1372 1406 1415; x_wconf 85' lang='lat' dir='ltr'>quam</span> <span class='ocrx_word' id='word_1_114' title='bbox 1438 1365 1506 1401; x_wconf 84' lang='lat' dir='ltr'>aut</span> 
     </span>
     <span class='ocr_line' id='line_1_16' title="bbox 113 1437 1506 1489; baseline -0.001 -9"><span class='ocrx_word' id='word_1_115' title='bbox 113 1438 384 1481; x_wconf 85' lang='lat' dir='ltr'>necessariae</span> <span class='ocrx_word' id='word_1_116' title='bbox 425 1443 494 1478; x_wconf 88' lang='lat' dir='ltr'>aut</span> <span class='ocrx_word' id='word_1_117' title='bbox 536 1437 739 1479; x_wconf 88' lang='lat' dir='ltr'>interdum</span> <span class='ocrx_word' id='word_1_118' title='bbox 775 1438 920 1489; x_wconf 81' lang='lat' dir='ltr'>utiles3</span> <span class='ocrx_word' id='word_1_119' title='bbox 951 1444 991 1479; x_wconf 88' lang='lat' dir='ltr'>et</span> <span class='ocrx_word' id='word_1_120' title='bbox 1027 1445 1116 1480; x_wconf 84' lang='lat' dir='ltr'>erat</span> <span class='ocrx_word' id='word_1_121' title='bbox 1155 1439 1287 1480; x_wconf 91' lang='lat' dir='ltr'>oratio</span> <span class='ocrx_word' id='word_1_122' title='bbox 1322 1451 1413 1480; x_wconf 89' lang='lat' dir='ltr'>cum</span> <span class='ocrx_word' id='word_1_123' title='bbox 1443 1438 1506 1479; x_wconf 91' lang='lat' dir='ltr'>in-</span> 
     </span>
     <span class='ocr_line' id='line_1_17' title="bbox 115 1513 1505 1572; baseline -0.001 -13"><span class='ocrx_word' id='word_1_124' title='bbox 115 1518 242 1559; x_wconf 88' lang='lat' dir='ltr'>citata</span> <span class='ocrx_word' id='word_1_125' title='bbox 267 1522 305 1557; x_wconf 90' lang='lat' dir='ltr'>et</span> <span class='ocrx_word' id='word_1_126' title='bbox 325 1514 496 1557; x_wconf 86' lang='lat' dir='ltr'>vibrans</span> <span class='ocrx_word' id='word_1_127' title='bbox 517 1521 600 1557; x_wconf 88' lang='lat' dir='ltr'>tum</span> <span class='ocrx_word' id='word_1_128' title='bbox 626 1517 750 1558; x_wconf 86' lang='lat' dir='ltr'>etiam</span> <span class='ocrx_word' id='word_1_129' title='bbox 773 1522 971 1558; x_wconf 85' lang='lat' dir='ltr'>accurata</span> <span class='ocrx_word' id='word_1_130' title='bbox 994 1523 1033 1558; x_wconf 88' lang='lat' dir='ltr'>et</span> <span class='ocrx_word' id='word_1_131' title='bbox 1057 1515 1199 1572; x_wconf 88' lang='lat' dir='ltr'>polita.</span> <span class='ocrx_word' id='word_1_132' title='bbox 1239 1513 1332 1558; x_wconf 90' lang='lat' dir='ltr'>Non</span> <span class='ocrx_word' id='word_1_133' title='bbox 1353 1514 1505 1572; x_wconf 87' lang='lat' dir='ltr'>proba-</span> 
     </span>
     <span class='ocr_line' id='line_1_18' title="bbox 112 1593 1505 1650; baseline -0.001 -13"><span class='ocrx_word' id='word_1_134' title='bbox 112 1594 263 1637; x_wconf 85' lang='lat' dir='ltr'>bantur</span> <span class='ocrx_word' id='word_1_135' title='bbox 290 1593 396 1635; x_wconf 87' lang='lat' dir='ltr'>haec</span> <span class='ocrx_word' id='word_1_136' title='bbox 425 1593 617 1635; x_wconf 89' lang='lat' dir='ltr'>senibus:</span> <span class='ocrx_word' id='word_1_137' title='bbox 658 1607 783 1650; x_wconf 82' lang='lat' dir='ltr'>saepe</span> <span class='ocrx_word' id='word_1_138' title='bbox 812 1593 1004 1637; x_wconf 83' lang='lat' dir='ltr'>videbam</span> <span class='ocrx_word' id='word_1_139' title='bbox 1036 1607 1127 1636; x_wconf 89' lang='lat' dir='ltr'>cum</span> <span class='ocrx_word' id='word_1_140' title='bbox 1156 1593 1394 1636; x_wconf 87' lang='lat' dir='ltr'>irridentem</span> <span class='ocrx_word' id='word_1_141' title='bbox 1423 1600 1505 1635; x_wconf 90' lang='lat' dir='ltr'>tum</span> 
     </span>
     <span class='ocr_line' id='line_1_19' title="bbox 114 1671 1506 1728; baseline -0.001 -13"><span class='ocrx_word' id='word_1_142' title='bbox 114 1675 239 1715; x_wconf 91' lang='lat' dir='ltr'>etiam</span> <span class='ocrx_word' id='word_1_143' title='bbox 277 1674 527 1714; x_wconf 86' lang='lat' dir='ltr'>irascentem</span> <span class='ocrx_word' id='word_1_144' title='bbox 565 1679 603 1714; x_wconf 87' lang='lat' dir='ltr'>et</span> <span class='ocrx_word' id='word_1_145' title='bbox 634 1671 958 1715; x_wconf 87' lang='lat' dir='ltr'>stomachantem</span> <span class='ocrx_word' id='word_1_146' title='bbox 986 1671 1237 1728; x_wconf 81' lang='lat' dir='ltr'>Philippum3</span> <span class='ocrx_word' id='word_1_147' title='bbox 1277 1671 1351 1713; x_wconf 91' lang='lat' dir='ltr'>sed</span> <span class='ocrx_word' id='word_1_148' title='bbox 1380 1672 1506 1713; x_wconf 83' lang='lat' dir='ltr'>mira-</span> 
     </span>
     <span class='ocr_line' id='line_1_20' title="bbox 113 1748 1505 1801; baseline -0.002 -8"><span class='ocrx_word' id='word_1_149' title='bbox 113 1751 263 1793; x_wconf 85' lang='lat' dir='ltr'>bantur</span> <span class='ocrx_word' id='word_1_150' title='bbox 289 1749 599 1801; x_wconf 86' lang='lat' dir='ltr'>adolescentes,</span> <span class='ocrx_word' id='word_1_151' title='bbox 630 1750 842 1793; x_wconf 85' lang='lat' dir='ltr'>multitudo</span> <span class='ocrx_word' id='word_1_152' title='bbox 877 1749 1142 1800; x_wconf 69' lang='lat' dir='ltr'>movebatur,</span> <span class='ocrx_word' id='word_1_153' title='bbox 1171 1756 1261 1791; x_wconf 83' lang='lat' dir='ltr'>erat</span> <span class='ocrx_word' id='word_1_154' title='bbox 1294 1748 1505 1791; x_wconf 82' lang='lat' dir='ltr'>excellens</span> 
     </span>
     <span class='ocr_line' id='line_1_21' title="bbox 115 1826 1506 1885; baseline -0.002 -13"><span class='ocrx_word' id='word_1_155' title='bbox 115 1829 268 1873; x_wconf 90' lang='lat' dir='ltr'>iudicio</span> <span class='ocrx_word' id='word_1_156' title='bbox 283 1828 399 1883; x_wconf 84' lang='lat' dir='ltr'>volgi</span> <span class='ocrx_word' id='word_1_157' title='bbox 422 1835 462 1870; x_wconf 91' lang='lat' dir='ltr'>et</span> <span class='ocrx_word' id='word_1_158' title='bbox 480 1828 605 1871; x_wconf 86' lang='lat' dir='ltr'>facile</span> <span class='ocrx_word' id='word_1_159' title='bbox 627 1830 782 1885; x_wconf 89' lang='lat' dir='ltr'>primas</span> <span class='ocrx_word' id='word_1_160' title='bbox 803 1826 970 1870; x_wconf 86' lang='lat' dir='ltr'>tenebat</span> <span class='ocrx_word' id='word_1_161' title='bbox 985 1826 1280 1879; x_wconf 85' lang='lat' dir='ltr'>[adolescens].</span> <span class='ocrx_word' id='word_1_162' title='bbox 1307 1827 1403 1868; x_wconf 84' lang='lat'><strong>327.</strong></span> <span class='ocrx_word' id='word_1_163' title='bbox 1427 1828 1506 1869; x_wconf 86' lang='lat' dir='ltr'>etsi</span> 
     </span>
    </p>
   </div>
   <div class='ocr_carea' id='block_1_3' title="bbox 198 1971 1385 2052">
    <p class='ocr_par' dir='ltr' id='par_1_3' title="bbox 198 1971 1385 2052">
     <span class='ocr_line' id='line_1_22' title="bbox 198 1971 520 2005; baseline -0.009 -5"><span class='ocrx_word' id='word_1_164' title='bbox 198 1973 258 2000; x_wconf 79' lang='lat'><strong>325.</strong></span> <span class='ocrx_word' id='word_1_165' title='bbox 294 1973 326 1999; x_wconf 80' lang='lat' dir='ltr'>in</span> <span class='ocrx_word' id='word_1_166' title='bbox 345 1971 407 2005; x_wconf 69' lang='lat' dir='ltr'>lais]</span> <span class='ocrx_word' id='word_1_167' title='bbox 428 1972 456 1997; x_wconf 85' lang='lat' dir='ltr'>in</span> <span class='ocrx_word' id='word_1_168' title='bbox 475 1972 520 1997; x_wconf 85' lang='lat' dir='ltr'>iis.</span> 
     </span>
     <span class='ocr_line' id='line_1_23' title="bbox 198 2015 1385 2052; baseline -0.003 -8"><span class='ocrx_word' id='word_1_169' title='bbox 198 2019 257 2045; x_wconf 80' lang='lat'>326.</span> <span class='ocrx_word' id='word_1_170' title='bbox 294 2015 480 2049; x_wconf 79' lang='lat' dir='ltr'>movebatur3</span> <span class='ocrx_word' id='word_1_171' title='bbox 501 2015 579 2050; x_wconf 82' lang='lat' dir='ltr'>erat]</span> <span class='ocrx_word' id='word_1_172' title='bbox 600 2016 782 2043; x_wconf 82' lang='lat' dir='ltr'>movebatur.</span> <span class='ocrx_word' id='word_1_173' title='bbox 818 2015 902 2043; x_wconf 83' lang='lat' dir='ltr'>Erat.</span> <span class='ocrx_word' id='word_1_174' title='bbox 920 2030 953 2035; x_wconf 98' lang='lat'><strong>—</strong></span> <span class='ocrx_word' id='word_1_175' title='bbox 980 2015 1186 2052; x_wconf 80' lang='lat' dir='ltr'>[adolescens]</span> <span class='ocrx_word' id='word_1_176' title='bbox 1206 2017 1270 2042; x_wconf 86' lang='lat' dir='ltr'>sine</span> <span class='ocrx_word' id='word_1_177' title='bbox 1291 2016 1385 2042; x_wconf 83' lang='lat' dir='ltr'>uncis.</span> 
     </span>
    </p>
   </div>
   <div class='ocr_carea' id='block_1_4' title="bbox 113 2137 1505 2805">
    <p class='ocr_par' dir='ltr' id='par_1_4' title="bbox 113 2137 1505 2521">
     <span class='ocr_line' id='line_1_24' title="bbox 113 2137 1504 2190; baseline -0.004 -12"><span class='ocrx_word' id='word_1_178' title='bbox 113 2144 252 2190; x_wconf 85' lang='lat' dir='ltr'>spirare</span> <span class='ocrx_word' id='word_1_179' title='bbox 275 2142 369 2176; x_wconf 86' lang='lat' dir='ltr'>hune</span> <span class='ocrx_word' id='word_1_180' title='bbox 389 2152 466 2175; x_wconf 91' lang='lat' dir='ltr'>cum</span> <span class='ocrx_word' id='word_1_181' title='bbox 490 2140 544 2174; x_wconf 90' lang='lat' dir='ltr'>ed.</span> <span class='ocrx_word' id='word_1_182' title='bbox 567 2151 621 2184; x_wconf 89' lang='lat' dir='ltr'>pr.</span> <span class='ocrx_word' id='word_1_183' title='bbox 641 2159 685 2164; x_wconf 88' lang='lat'>—</span> <span class='ocrx_word' id='word_1_184' title='bbox 713 2138 858 2184; x_wconf 80' lang='lat' dir='ltr'>qualis]</span> <span class='ocrx_word' id='word_1_185' title='bbox 879 2138 987 2184; x_wconf 79' lang='lat' dir='ltr'>quali</span> <span class='ocrx_word' id='word_1_186' title='bbox 1010 2137 1099 2171; x_wconf 87' lang='lat' dir='ltr'>lunt.</span> <span class='ocrx_word' id='word_1_187' title='bbox 1126 2138 1222 2173; x_wconf 80' lang='lat' dir='ltr'>Crat.</span> <span class='ocrx_word' id='word_1_188' title='bbox 1249 2137 1352 2172; x_wconf 83' lang='lat' dir='ltr'>Man.</span> <span class='ocrx_word' id='word_1_189' title='bbox 1376 2137 1504 2173; x_wconf 90' lang='lat' dir='ltr'>Lamb.</span> 
     </span>
     <span class='ocr_line' id='line_1_25' title="bbox 114 2194 1505 2242; baseline -0.004 -8"><span class='ocrx_word' id='word_1_190' title='bbox 114 2199 199 2235; x_wconf 85' lang='lat' dir='ltr'><strong>Sch.</strong></span> <span class='ocrx_word' id='word_1_191' title='bbox 247 2198 326 2232; x_wconf 90' lang='lat' dir='ltr'>Hoc</span> <span class='ocrx_word' id='word_1_192' title='bbox 357 2194 538 2242; x_wconf 84' lang='lat' dir='ltr'>significat</span> <span class='ocrx_word' id='word_1_193' title='bbox 570 2207 643 2240; x_wconf 82' lang='lat' dir='ltr'>quo</span> <span class='ocrx_word' id='word_1_194' title='bbox 676 2194 835 2231; x_wconf 78' lang='lat' dir='ltr'>dicendi</span> <span class='ocrx_word' id='word_1_195' title='bbox 860 2205 999 2240; x_wconf 69' lang='lat' dir='ltr'>(Jenere</span> <span class='ocrx_word' id='word_1_196' title='bbox 1027 2196 1173 2234; x_wconf 76' lang='lat' dir='ltr'>utitur,</span> <span class='ocrx_word' id='word_1_197' title='bbox 1206 2200 1243 2228; x_wconf 90' lang='lat' dir='ltr'>ut</span> <span class='ocrx_word' id='word_1_198' title='bbox 1268 2199 1350 2239; x_wconf 86' lang='lat' dir='ltr'>post</span> <span class='ocrx_word' id='word_1_199' title='bbox 1374 2194 1505 2240; x_wconf 87' lang='lat' dir='ltr'>legitur</span> 
     </span>
     <span class='ocr_line' id='line_1_26' title="bbox 115 2250 1505 2296; baseline -0.004 -5"><span class='ocrx_word' id='word_1_200' title='bbox 115 2256 160 2291; x_wconf 90' lang='lat' dir='ltr'>de</span> <span class='ocrx_word' id='word_1_201' title='bbox 185 2254 328 2289; x_wconf 84' lang='lat' dir='ltr'>Asianis</span> <span class='ocrx_word' id='word_1_202' title='bbox 362 2252 542 2292; x_wconf 83' lang='lat' dir='ltr'>omnibus3</span> <span class='ocrx_word' id='word_1_203' title='bbox 578 2251 667 2285; x_wconf 86' lang='lat' dir='ltr'>illud</span> <span class='ocrx_word' id='word_1_204' title='bbox 702 2256 820 2286; x_wconf 86' lang='lat' dir='ltr'>autem</span> <span class='ocrx_word' id='word_1_205' title='bbox 853 2261 1025 2296; x_wconf 80' lang='lat' dir='ltr'>quanam</span> <span class='ocrx_word' id='word_1_206' title='bbox 1055 2255 1202 2285; x_wconf 79' lang='lat' dir='ltr'>natura</span> <span class='ocrx_word' id='word_1_207' title='bbox 1234 2254 1271 2284; x_wconf 85' lang='lat' dir='ltr'>et</span> <span class='ocrx_word' id='word_1_208' title='bbox 1303 2250 1505 2286; x_wconf 79' lang='lat' dir='ltr'>voluntate</span> 
     </span>
     <span class='ocr_line' id='line_1_27' title="bbox 116 2305 1504 2353; baseline -0.003 -7"><span class='ocrx_word' id='word_1_209' title='bbox 116 2316 183 2346; x_wconf 79' lang='lat' dir='ltr'>est.</span> <span class='ocrx_word' id='word_1_210' title='bbox 208 2331 254 2335; x_wconf 97' lang='lat'><strong>—</strong></span> <span class='ocrx_word' id='word_1_211' title='bbox 287 2313 324 2344; x_wconf 80' lang='lat' dir='ltr'>et</span> <span class='ocrx_word' id='word_1_212' title='bbox 346 2308 497 2353; x_wconf 75' lang='lat' dir='ltr'>faceto]</span> <span class='ocrx_word' id='word_1_213' title='bbox 532 2318 598 2341; x_wconf 90' lang='lat' dir='ltr'>om.</span> <span class='ocrx_word' id='word_1_214' title='bbox 631 2307 688 2342; x_wconf 89' lang='lat' dir='ltr'>ed.</span> <span class='ocrx_word' id='word_1_215' title='bbox 713 2319 767 2353; x_wconf 89' lang='lat' dir='ltr'>pr.</span> <span class='ocrx_word' id='word_1_216' title='bbox 791 2327 838 2332; x_wconf 80' lang='lat'>——</span> <span class='ocrx_word' id='word_1_217' title='bbox 873 2306 1082 2350; x_wconf 74' lang='lat' dir='ltr'>Menecles]</span> <span class='ocrx_word' id='word_1_218' title='bbox 1119 2305 1320 2340; x_wconf 73' lang='lat' dir='ltr'>Menoetes</span> <span class='ocrx_word' id='word_1_219' title='bbox 1353 2306 1409 2342; x_wconf 86' lang='lat' dir='ltr'>ed.</span> <span class='ocrx_word' id='word_1_220' title='bbox 1435 2318 1504 2352; x_wconf 57' lang='lat' dir='ltr'>plu,</span> 
     </span>
     <span class='ocr_line' id='line_1_28' title="bbox 114 2361 1504 2413; baseline -0.004 -10"><span class='ocrx_word' id='word_1_221' title='bbox 114 2373 153 2403; x_wconf 87' lang='lat' dir='ltr'>ut</span> <span class='ocrx_word' id='word_1_222' title='bbox 180 2368 209 2413; x_wconf 67' lang='grc' dir='ltr'>ξ.</span> <span class='ocrx_word' id='word_1_223' title='bbox 233 2366 312 2401; x_wconf 76' lang='lat'><strong>326.</strong></span> <span class='ocrx_word' id='word_1_224' title='bbox 339 2363 591 2399; x_wconf 75' lang='lat' dir='ltr'>Meneclium.</span> <span class='ocrx_word' id='word_1_225' title='bbox 616 2383 660 2388; x_wconf 90' lang='lat'><em>-</em></span> <span class='ocrx_word' id='word_1_226' title='bbox 701 2362 878 2406; x_wconf 81' lang='lat' dir='ltr'>Cnidius]</span> <span class='ocrx_word' id='word_1_227' title='bbox 904 2374 1029 2397; x_wconf 91' lang='lat' dir='ltr'>omnes</span> <span class='ocrx_word' id='word_1_228' title='bbox 1053 2361 1140 2408; x_wconf 87' lang='lat' dir='ltr'>Lg.,</span> <span class='ocrx_word' id='word_1_229' title='bbox 1164 2361 1315 2405; x_wconf 82' lang='lat' dir='ltr'>Veneti,</span> <span class='ocrx_word' id='word_1_230' title='bbox 1340 2362 1504 2405; x_wconf 85' lang='lat' dir='ltr'>Romani,</span> 
     </span>
     <span class='ocr_line' id='line_1_29' title="bbox 115 2417 1504 2470; baseline -0.004 -11"><span class='ocrx_word' id='word_1_231' title='bbox 115 2425 170 2459; x_wconf 88' lang='lat' dir='ltr'>ed.</span> <span class='ocrx_word' id='word_1_232' title='bbox 190 2435 244 2470; x_wconf 87' lang='lat' dir='ltr'>pr.</span> <span class='ocrx_word' id='word_1_233' title='bbox 274 2421 467 2460; x_wconf 52' lang='lat' dir='ltr'>Gnidiam</span> <span class='ocrx_word' id='word_1_234' title='bbox 493 2431 561 2466; x_wconf 86' lang='lat' dir='ltr'>per</span> <span class='ocrx_word' id='word_1_235' title='bbox 577 2431 598 2454; x_wconf 81' lang='lat' dir='ltr'>e</span> <span class='ocrx_word' id='word_1_236' title='bbox 622 2420 688 2454; x_wconf 87' lang='lat' dir='ltr'>Gu.</span> <span class='ocrx_word' id='word_1_237' title='bbox 710 2419 740 2454; x_wconf 90' lang='lat' dir='ltr'>l.</span> <span class='ocrx_word' id='word_1_238' title='bbox 760 2438 807 2446; x_wconf 85' lang='lat'>·—</span> <span class='ocrx_word' id='word_1_239' title='bbox 841 2422 882 2454; x_wconf 83' lang='lat' dir='ltr'>in</span> <span class='ocrx_word' id='word_1_240' title='bbox 901 2418 979 2462; x_wconf 72' lang='lat' dir='ltr'>his]</span> <span class='ocrx_word' id='word_1_241' title='bbox 1004 2419 1056 2453; x_wconf 89' lang='lat' dir='ltr'>sic</span> <span class='ocrx_word' id='word_1_242' title='bbox 1077 2417 1144 2464; x_wconf 85' lang='lat' dir='ltr'>Lg.</span> <span class='ocrx_word' id='word_1_243' title='bbox 1163 2425 1310 2464; x_wconf 85' lang='lat' dir='ltr'>praeter</span> <span class='ocrx_word' id='word_1_244' title='bbox 1325 2419 1395 2461; x_wconf 67' lang='lat'>20„</span> <span class='ocrx_word' id='word_1_245' title='bbox 1419 2420 1504 2454; x_wconf 82' lang='lat' dir='ltr'>item</span> 
     </span>
     <span class='ocr_line' id='line_1_30' title="bbox 114 2474 1084 2521; baseline -0.006 -5"><span class='ocrx_word' id='word_1_246' title='bbox 114 2481 182 2516; x_wconf 88' lang='lat' dir='ltr'>Gn.</span> <span class='ocrx_word' id='word_1_247' title='bbox 207 2480 236 2515; x_wconf 89' lang='lat' dir='ltr'>l.</span> <span class='ocrx_word' id='word_1_248' title='bbox 271 2478 364 2513; x_wconf 89' lang='lat' dir='ltr'>Ven.</span> <span class='ocrx_word' id='word_1_249' title='bbox 390 2477 420 2512; x_wconf 87' lang='lat' dir='ltr'>l.</span> <span class='ocrx_word' id='word_1_250' title='bbox 459 2474 534 2511; x_wconf 84' lang='lat' dir='ltr'>Ott.</span> <span class='ocrx_word' id='word_1_251' title='bbox 573 2476 629 2511; x_wconf 88' lang='lat' dir='ltr'>ed.</span> <span class='ocrx_word' id='word_1_252' title='bbox 655 2487 708 2521; x_wconf 85' lang='lat' dir='ltr'>pr.</span> <span class='ocrx_word' id='word_1_253' title='bbox 756 2475 932 2510; x_wconf 86' lang='lat' dir='ltr'>Ernestus</span> <span class='ocrx_word' id='word_1_254' title='bbox 957 2477 998 2510; x_wconf 81' lang='lat' dir='ltr'>in</span> <span class='ocrx_word' id='word_1_255' title='bbox 1023 2477 1084 2510; x_wconf 73' lang='lat' dir='ltr'><em>iiS.</em></span> 
     </span>
    </p>

    <p class='ocr_par' dir='ltr' id='par_1_5' title="bbox 114 2529 1503 2805">
     <span class='ocr_line' id='line_1_31' title="bbox 206 2529 1503 2576; baseline -0.005 -7"><span class='ocrx_word' id='word_1_256' title='bbox 206 2533 284 2569; x_wconf 74' lang='lat'><strong>326.</strong></span> <span class='ocrx_word' id='word_1_257' title='bbox 331 2533 527 2576; x_wconf 75' lang='lat' dir='ltr'>venustae]</span> <span class='ocrx_word' id='word_1_258' title='bbox 553 2536 801 2567; x_wconf 78' lang='lat' dir='ltr'>venustatum</span> <span class='ocrx_word' id='word_1_259' title='bbox 826 2532 893 2567; x_wconf 88' lang='lat' dir='ltr'>Gu.</span> <span class='ocrx_word' id='word_1_260' title='bbox 921 2531 951 2567; x_wconf 92' lang='lat' dir='ltr'>l.</span> <span class='ocrx_word' id='word_1_261' title='bbox 970 2551 1015 2557; x_wconf 88' lang='grc'><strong>-</strong></span> <span class='ocrx_word' id='word_1_262' title='bbox 1052 2530 1273 2576; x_wconf 77' lang='lat' dir='ltr'>dulcesque]</span> <span class='ocrx_word' id='word_1_263' title='bbox 1300 2529 1503 2575; x_wconf 78' lang='lat' dir='ltr'>crebreque</span> 
     </span>
     <span class='ocr_line' id='line_1_32' title="bbox 114 2585 1503 2638; baseline -0.005 -12"><span class='ocrx_word' id='word_1_264' title='bbox 114 2591 181 2638; x_wconf 83' lang='lat' dir='ltr'>Lg.</span> <span class='ocrx_word' id='word_1_265' title='bbox 204 2591 261 2626; x_wconf 78' lang='lat'>20.</span> <span class='ocrx_word' id='word_1_266' title='bbox 285 2611 330 2616; x_wconf 83' lang='lat'>--</span> <span class='ocrx_word' id='word_1_267' title='bbox 365 2588 648 2636; x_wconf 74' lang='lat' dir='ltr'>probabantur]</span> <span class='ocrx_word' id='word_1_268' title='bbox 682 2589 764 2624; x_wconf 91' lang='lat' dir='ltr'>libri</span> <span class='ocrx_word' id='word_1_269' title='bbox 797 2599 922 2623; x_wconf 90' lang='lat' dir='ltr'>omnes</span> <span class='ocrx_word' id='word_1_270' title='bbox 956 2592 991 2622; x_wconf 90' lang='lat' dir='ltr'>et</span> <span class='ocrx_word' id='word_1_271' title='bbox 1026 2587 1106 2623; x_wconf 90' lang='lat' dir='ltr'>edd.</span> <span class='ocrx_word' id='word_1_272' title='bbox 1140 2592 1227 2622; x_wconf 87' lang='lat' dir='ltr'>vett.</span> <span class='ocrx_word' id='word_1_273' title='bbox 1255 2585 1479 2632; x_wconf 77' lang='lat' dir='ltr'>probantur</span> <span class='ocrx_word' id='word_1_274' title='bbox 1490 2601 1503 2629; x_wconf 89' lang='lat'>,-</span> 
     </span>
     <span class='ocr_line' id='line_1_33' title="bbox 115 2641 1503 2692; baseline -0.005 -9"><span class='ocrx_word' id='word_1_275' title='bbox 115 2647 274 2683; x_wconf 84' lang='lat' dir='ltr'>correxit</span> <span class='ocrx_word' id='word_1_276' title='bbox 295 2647 405 2690; x_wconf 53' lang='lat' dir='ltr'>Ern„</span> <span class='ocrx_word' id='word_1_277' title='bbox 440 2645 524 2692; x_wconf 85' lang='lat' dir='ltr'>quia</span> <span class='ocrx_word' id='word_1_278' title='bbox 549 2657 623 2680; x_wconf 89' lang='lat' dir='ltr'>non</span> <span class='ocrx_word' id='word_1_279' title='bbox 648 2646 734 2691; x_wconf 89' lang='lat' dir='ltr'>quid</span> <span class='ocrx_word' id='word_1_280' title='bbox 758 2644 905 2680; x_wconf 89' lang='lat' dir='ltr'>senibus</span> <span class='ocrx_word' id='word_1_281' title='bbox 930 2644 1120 2686; x_wconf 78' lang='lat' dir='ltr'>universe,</span> <span class='ocrx_word' id='word_1_282' title='bbox 1154 2642 1220 2677; x_wconf 88' lang='lat' dir='ltr'>sed</span> <span class='ocrx_word' id='word_1_283' title='bbox 1245 2642 1330 2687; x_wconf 83' lang='lat' dir='ltr'>quid</span> <span class='ocrx_word' id='word_1_284' title='bbox 1357 2641 1503 2677; x_wconf 88' lang='lat' dir='ltr'>senibus</span> 
     </span>
     <span class='ocr_line' id='line_1_34' title="bbox 115 2699 1503 2749; baseline -0.004 -11"><span class='ocrx_word' id='word_1_285' title='bbox 115 2703 328 2749; x_wconf 84' lang='lat' dir='ltr'>aequalibus</span> <span class='ocrx_word' id='word_1_286' title='bbox 352 2704 388 2738; x_wconf 89' lang='lat' dir='ltr'>in</span> <span class='ocrx_word' id='word_1_287' title='bbox 411 2702 607 2738; x_wconf 86' lang='lat' dir='ltr'>Hortensio</span> <span class='ocrx_word' id='word_1_288' title='bbox 631 2701 908 2749; x_wconf 83' lang='lat' dir='ltr'>improbandum</span> <span class='ocrx_word' id='word_1_289' title='bbox 930 2700 1046 2735; x_wconf 89' lang='lat' dir='ltr'>visum</span> <span class='ocrx_word' id='word_1_290' title='bbox 1074 2700 1120 2734; x_wconf 89' lang='lat' dir='ltr'>sit</span> <span class='ocrx_word' id='word_1_291' title='bbox 1143 2699 1309 2734; x_wconf 79' lang='lat' dir='ltr'>refertur.</span> <span class='ocrx_word' id='word_1_292' title='bbox 1332 2718 1378 2723; x_wconf 90' lang='lat'>—-</span> <span class='ocrx_word' id='word_1_293' title='bbox 1415 2709 1503 2734; x_wconf 81' lang='lat' dir='ltr'>cum</span> 
     </span>
     <span class='ocr_line' id='line_1_35' title="bbox 116 2754 1501 2805; baseline -0.005 -8"><span class='ocrx_word' id='word_1_294' title='bbox 116 2760 362 2804; x_wconf 73' lang='lat' dir='ltr'>irridentem]</span> <span class='ocrx_word' id='word_1_295' title='bbox 396 2763 476 2797; x_wconf 77' lang='lat' dir='ltr'>tum</span> <span class='ocrx_word' id='word_1_296' title='bbox 507 2761 577 2796; x_wconf 80' lang='lat' dir='ltr'>irr.</span> <span class='ocrx_word' id='word_1_297' title='bbox 609 2759 666 2796; x_wconf 83' lang='lat' dir='ltr'>ed.</span> <span class='ocrx_word' id='word_1_298' title='bbox 693 2770 744 2805; x_wconf 85' lang='lat' dir='ltr'>pr.</span> <span class='ocrx_word' id='word_1_299' title='bbox 773 2779 817 2785; x_wconf 93' lang='lat'>—</span> <span class='ocrx_word' id='word_1_300' title='bbox 857 2761 943 2794; x_wconf 78' lang='lat' dir='ltr'>erat</span> <span class='ocrx_word' id='word_1_301' title='bbox 975 2755 1166 2793; x_wconf 74' lang='lat' dir='ltr'>excellens</span> <span class='ocrx_word' id='word_1_302' title='bbox 1189 2775 1233 2782; x_wconf 89' lang='lat'>—</span> <span class='ocrx_word' id='word_1_303' title='bbox 1260 2754 1501 2799; x_wconf 78' lang='lat' dir='ltr'>adolescens]</span> 
     </span>
    </p>
   </div>
  </div>
 </body>
</html>
