1835 3126
385 888 479 958 ΙΝ
489 884 1166 960 TRODUGTIO.

77 1149 177 1224 In
207 1181 465 1239 praefatione
497 1179 596 1222 libri
626 1179 774 1223 Cicero
796 1181 969 1236 primum
998 1177 1048 1230 Q.
1072 1177 1284 1222 Hortensii
1305 1186 1476 1223 mortem

78 1252 276 1309 deplorat,
299 1251 373 1294 sed
393 1263 498 1307 quae
517 1256 742 1306 opportuno
768 1251 847 1305 ipsi
872 1256 1053 1305 tempore
1080 1247 1297 1300 acciderit;
1325 1249 1474 1292 deinde

80 1334 251 1364 causam
282 1320 479 1375 colloquii
508 1319 795 1376 perscribendi
825 1321 1001 1375 exponit.
1045 1316 1254 1360 Venerant
1283 1320 1390 1360 enim
1422 1318 1476 1361 ad

84 1404 175 1432 eum
203 1388 261 1431 M.
291 1387 441 1431 Brutus
474 1395 513 1430 et
543 1387 593 1429 T.
622 1387 871 1444 Pomponius
902 1389 1064 1431 Atticus
1097 1400 1269 1443 eumque
1297 1400 1478 1442 rogave-

78 1467 194 1509 rant,
235 1466 275 1501 ut
302 1472 421 1514 quem
451 1470 581 1514 nuper
622 1458 664 1499 in
695 1455 936 1500 Tusculano
973 1456 1215 1500 inchoasset
1244 1469 1476 1499 sermonem

77 1529 127 1571 de
160 1527 393 1572 oratoribus
425 1540 532 1569 nunc
561 1526 723 1583 plenius
754 1533 978 1582 exponeret
1009 1528 1064 1578 (c.
1097 1526 1253 1578 1—5).

195 1595 363 1639 Orditur
386 1598 511 1651 igitur
537 1595 588 1638 ab
606 1596 753 1638 Atticis
780 1595 1014 1638 oratoribus
1039 1595 1161 1637 simul
1184 1608 1271 1637 rem
1296 1595 1476 1637 omnium

79 1666 367 1709 difficillimam
408 1679 503 1708 esse
545 1665 823 1721 eloquentiam
854 1665 1154 1707 demonstrans.
1213 1663 1317 1706 Nam
1352 1665 1477 1706 etlam

75 1736 251 1779 Athenis
278 1750 419 1778 omnes
450 1742 561 1777 artes
589 1741 681 1777 ante
708 1735 900 1777 inventae
917 1734 1208 1790 perfectaeque
1226 1740 1331 1784 sunt,
1352 1746 1476 1789 quam

74 1805 313 1862 eloquentia
340 1806 391 1848 ad
417 1819 534 1848 suam
560 1804 766 1861 quandam
792 1804 1067 1845 maturitatem
1087 1805 1274 1858 pervenit
1299 1809 1350 1853 et,
1383 1815 1475 1845 eum

76 1876 161 1917 iam
193 1877 295 1917 satis
327 1875 526 1918 cultorum
549 1873 796 1929 reperisset,
824 1878 907 1914 tum
931 1871 1092 1913 demum
1116 1871 1170 1913 ad
1194 1873 1295 1914 artis
1320 1872 1476 1914 formu-

76 1943 160 1986 lam
190 1950 388 1987 revocata
421 1950 484 1985 est
514 1943 567 1993 (c.
600 1941 783 1995 6—13).

194 2011 365 2055 Transit
398 2012 451 2055 ad
483 2018 672 2055 oratores
698 2009 935 2060 Romanos,
967 2023 1137 2067 quorum
1162 2011 1336 2067 primum
1369 2010 1477 2052 anti-

71 2083 237 2138 quiores
272 2089 504 2132 enumerat,
544 2082 594 2124 de
627 2093 798 2136 quorum
830 2080 1069 2136 eloquentia
1107 2079 1211 2121 nihil
1240 2080 1341 2122 certi
1373 2079 1474 2122 sciri

77 2152 229 2208 possit,
274 2149 322 2192 L.
353 2151 521 2194 Brutum
572 2149 629 2190 M.
666 2147 877 2190 Valerium
915 2148 1141 2191 Maximum
1182 2147 1230 2190 L.
1261 2147 1475 2190 Valerium

73 2220 250 2263 Potitum
286 2219 363 2276 Ap.
397 2220 615 2262 Claudium
647 2216 827 2260 Caecum
866 2216 911 2258 C.
941 2217 1178 2260 Fabricium
1216 2215 1282 2258 Ti.
1315 2214 1474 2258 Corun-

76 2291 239 2332 canium
269 2287 328 2330 Μ’
355 2286 519 2329 Curium
552 2285 610 2328 M.
638 2286 840 2343 Popilium
876 2285 920 2328 C.
949 2286 1196 2330 Flaminium
1225 2284 1275 2337 Q.
1299 2283 1474 2327 Fabium

75 2358 302 2402 Maximum
333 2356 609 2399 Verrucosum
650 2355 698 2407 Q.
730 2355 945 2398 Metellum
978 2359 1031 2410 (c.
1064 2356 1152 2409 14).

193 2426 429 2483 Sequuntur
458 2425 541 2476 illi,
574 2426 623 2468 de
655 2425 801 2482 quibus
833 2428 986 2469 certior
1013 2425 1215 2468 memoria
1242 2422 1473 2473 constabat,

6 2503 7 2506 ’
77 2499 118 2540 in
150 2499 293 2553 eisque
326 2499 479 2553 primus
510 2495 569 2538 M.
602 2494 820 2539 Cornelius
853 2495 1061 2551 Cethegus
1091 2497 1144 2549 (c.
1178 2493 1266 2546 15).
1310 2491 1472 2535 Deinde

0 2598 4 2621 z
79 2566 139 2609 M.
172 2566 343 2610 Catonis
372 2565 561 2609 Censorii
591 2565 738 2608 laudes
768 2565 1105 2609 commendantur
1131 2564 1302 2619 egregie
1331 2567 1369 2604 et
1400 2561 1473 2603 de-

0 2627 7 2659 .<
76 2637 212 2680 sensio
243 2642 413 2693 paratur
435 2636 489 2678 ad
512 2637 721 2692 sequentis
746 2636 896 2678 aetatis
917 2635 1073 2678 iudicia
1097 2634 1326 2689 iniquiora:
1359 2643 1471 2674 com-

0 2754 2 2763 *
74 2713 243 2763 paratur
273 2708 381 2747 enim
405 2717 496 2746 cum
517 2701 651 2758 Lysia
674 2712 713 2749 et
738 2719 811 2749 cur
832 2705 899 2749 hic
921 2704 1061 2762 plures
1083 2702 1237 2746 habeat
1263 2707 1471 2746 amatores

77 2776 290 2832 exponitur
320 2777 372 2826 (c.
407 2773 616 2827 16-19).
