1835 3126
271 179 357 223 94
486 172 681 216 BREVIS
710 171 1102 224 ELOQUENTIAE
1132 174 1267 217 ROM.
1297 174 1442 216 HIST.

270 295 463 331 structura
493 288 730 328 Graecorum
760 298 939 327 numeros
973 293 1010 327 et
1040 289 1267 329 suavitatem
1296 290 1381 329 soni
1409 289 1555 341 primns
1586 300 1654 328 ae-

270 357 413 409 quavit.
471 354 521 394 Et
560 366 643 393 cum
674 359 801 393 essent
831 355 897 405 qui
926 355 1086 406 antiqua
1115 361 1152 395 et
1180 357 1342 396 horrida
1371 357 1484 396 cultis
1516 362 1552 395 et
1580 368 1653 408 po-

268 424 347 463 litis
385 422 649 474 praeferrent,
687 421 776 460 item
816 422 882 472 qui
913 427 1110 473 amputata
1147 428 1183 461 et
1217 424 1443 475 praefracta
1478 423 1654 463 rotnnd1s

270 496 305 529 ct
345 489 538 529 conclusis
567 486 657 539 (⁶⁷),
701 489 840 527 iustior
881 492 1008 527 tamen
1042 490 1252 540 posteritas
1292 491 1457 541 perfecti
1496 496 1533 530 et
1575 491 1655 529 suis

270 557 502 609 quibusdam
538 556 705 595 numeris
743 555 913 594 absoluti
948 556 1135 594 sermonis
1170 556 1323 595 laudem
1362 558 1543 597 Ciceroni
1578 569 1654 596 non

269 625 487 674 denegarit.
532 623 631 662 Nam
661 635 745 662 cum
769 623 933 669 viveret,
965 621 1153 673 plurimos
1184 628 1220 662 et
1241 621 1414 662 aemulos
1446 629 1482 662 et
1502 624 1654 663 invidos

268 692 427 739 invenit,
460 691 544 742 qui,
576 701 661 730 cum
691 701 761 729 nec
784 689 921 742 populi
949 700 1020 728 nec
1050 689 1250 729 doctorum
1277 689 1421 728 iudicio
1450 690 1511 728 illi
1539 701 1658 742 pares

267 760 518 806 haberentur,
547 758 621 796 sibi
645 763 773 796 tamen
800 757 877 809 ipsi
906 756 1138 809 plauderent
1165 762 1202 796 et
1231 756 1333 795 alios
1359 761 1656 796 contemnerent.

269 826 388 865 Tales
417 826 649 878 scriptorum
673 825 903 872 Sallustius,
935 830 1132 864 oratorum
1153 824 1310 863 Asinius
1334 824 1464 863 Pollio
1489 824 1656 863 fuerunt.

268 893 317 933 Et
345 893 407 932 hic
438 892 536 931 adeo
569 892 745 940 errabat,
776 897 836 940 ut,
866 903 950 930 cnm
980 891 1208 931 Sallustium
1238 890 1540 931 Catonianornm
1567 903 1657 931 ver-

267 961 404 999 borum
434 960 557 999 furem
594 959 961 1011 impudentissimum
991 958 1171 1006 dixisset,
1208 959 1247 997 in
1284 970 1348 997 res
1376 959 1494 997 multo
1533 959 1658 996 minus

267 1027 495 1066 tolerabiles
536 1039 621 1066 sese
660 1026 860 1078 delapsum
891 1025 1204 1073 oblivisceretur;
1244 1038 1358 1076 quam
1393 1026 1441 1063 ob
1472 1036 1552 1063 rem
1590 1037 1657 1065 ae-

269 1094 474 1145 quissimus
504 1093 621 1132 iudex
645 1093 906 1142 Quintilianus
937 1092 1069 1130 seculo
1099 1092 1269 1143 priorem
1295 1091 1421 1130 videri
1441 1104 1557 1144 posse
1574 1090 1658 1144 (⁴⁵5),

267 1161 387 1213 paulo
420 1160 598 1199 acerbius
618 1162 725 1212 Aper
753 1161 793 1198 in
817 1159 978 1209 dialogo
1010 1158 1056 1197 dc
1080 1159 1301 1198 oratoribus
1331 1159 1432 1198 inter
1453 1161 1659 1200 Menenios

269 1233 306 1267 et
345 1228 494 1279 Appios
538 1228 663 1267 videri
706 1227 898 1265 studuisse
941 1225 1087 1265 iudicat
1117 1222 1200 1274 (⁶²³).
1259 1226 1438 1278 Scriptor
1476 1227 1659 1267 Pollione

267 1294 452 1343 inferior,
489 1294 556 1333 sed
587 1294 763 1334 oratoria
791 1292 908 1332 laude
939 1305 1011 1345 par
1035 1293 1092 1333 M.
1126 1293 1282 1333 Caelius
1314 1294 1456 1341 Rufus,
1496 1295 1658 1345 elegans

268 1361 445 1412 alioquin
483 1367 519 1400 et
555 1362 725 1408 facetus,
770 1360 873 1412 quod
913 1359 1117 1399 ostendunt
1152 1360 1343 1412 epistolae
1379 1360 1659 1401 Ciceroniana-

266 1440 352 1466 rum
382 1428 575 1466 volumine
606 1428 925 1479 comprehensae,
964 1426 1013 1465 ad
1049 1426 1151 1465 idem
1180 1427 1312 1466 vitium
1342 1427 1554 1466 inclinabat
1575 1425 1658 1478 (⁷⁰).

270 1495 432 1534 Omnino
463 1493 621 1532 nitidum
653 1498 689 1532 et
717 1490 879 1545 politum
901 1493 1101 1533 Ciceronis
1126 1504 1340 1532 sermonem
1361 1505 1471 1534 nemo
1500 1500 1660 1547 praeter

270 1561 313 1601 G.
346 1562 557 1601 Gaesarem
597 1561 769 1612 quamvis
816 1560 1087 1600 dirersissimis
1130 1561 1313 1600 intentum
1352 1566 1410 1600 est
1447 1567 1658 1601 assecutus.

267 1630 481 1669 Praeterea
522 1629 695 1668 homines
739 1629 780 1667 in
820 1628 982 1667 dicendo
1030 1629 1153 1667 minus
1197 1633 1373 1668 versatos
1419 1640 1444 1667 a
1484 1629 1659 1670 literisve

269 1696 418 1735 alienos
450 1696 529 1735 alio
554 1707 698 1747 genere
727 1696 911 1748 loquendi
941 1696 1063 1734 minus
1095 1695 1196 1735 culto
1224 1707 1314 1735 usos
1339 1707 1424 1735 esse
1455 1702 1491 1735 et
1516 1708 1588 1749 per
1617 1708 1660 1735 se

269 1764 375 1802 credi
412 1768 540 1815 potest
577 1768 614 1802 et
653 1764 856 1803 ostendunt
885 1764 1061 1816 Pompeii
1090 1764 1231 1814 Magni
1266 1763 1457 1815 epistolae
1493 1775 1660 1816 corpore

269 1830 611 1870 Ciceronianarum
637 1831 959 1882 comprehensae3
995 1830 1091 1869 nihil
1112 1832 1172 1870 his
1196 1831 1398 1877 infantius,
1427 1830 1523 1868 nihil
1553 1831 1660 1869 illins

267 1898 342 1936 viri
372 1908 561 1949 persona,
602 1897 756 1949 qualem
790 1902 913 1936 mente
946 1897 1095 1947 fingere
1130 1897 1317 1944 solemus,
1358 1897 1553 1947 indignius
1574 1895 1656 1948 (Π).

902 2006 937 2060 ς.
968 2008 1036 2047 38.

692 2084 806 2118 Plura
831 2094 967 2128 genera
990 2083 1233 2127 eloquentiae.

378 2164 636 2217 Eloquentia,
675 2176 774 2216 quae
810 2164 1046 2204 Graecorum
1084 2165 1249 2203 maxime
1285 2164 1537 2204 Athenienses
1578 2166 1660 2205 cnl-

268 2238 375 2273 torcs
405 2238 442 2272 et
463 2233 629 2273 Atticam
653 2231 782 2271 sedem
803 2236 1024 2283 repererat,
1050 2231 1232 2270 libertate
1258 2231 1447 2271 Graeciae
1477 2245 1501 2270 a
1522 2233 1660 2272 Mace-

271 2299 433 2339 donibus
464 2300 650 2339 subvcrsa
680 2310 728 2338 ex
749 2299 916 2339 Piraeeo
944 2299 1055 2350 quasi
1079 2299 1302 2349 enavigavit
1333 2303 1370 2338 et
1400 2299 1438 2337 in
1460 2300 1594 2338 Asiam
1624 2304 1661 2338 et

271 2366 417 2405 insulas
442 2372 663 2407 transvecta
686 2372 754 2406 est.
798 2366 870 2406 Hic
900 2377 982 2405 cum
1003 2365 1267 2406 diversissima
1296 2367 1344 2405 ab
1362 2366 1660 2406 Atheniensilms

363 2486 423 2529 67)
449 2487 522 2521 Cic.
538 2484 639 2521 Orat.
656 2487 712 2529 51,
734 2487 808 2521 170.
927 2485 986 2529 68)
1011 2485 1158 2522 Quintil.
1174 2487 1219 2521 X.
1241 2487 1270 2529 l,
1288 2487 1362 2521 113.
1479 2485 1539 2529 69)
1562 2485 1658 2520 Dial.

272 2542 318 2576 (le
345 2552 398 2575 or.
423 2541 479 2576 21.
595 2544 653 2586 70)
681 2544 754 2578 Cic.
779 2543 884 2578 Brut.
910 2542 973 2586 79,
998 2543 1096 2585 273„
1129 2543 1184 2576 cui
1215 2543 1312 2577 laudi
1336 2554 1482 2588 oppone
1508 2541 1659 2579 Quintil.

271 2598 316 2632 X.
343 2598 380 2640 l,
408 2598 483 2631 115.
532 2598 590 2632 De
625 2600 838 2644 antiquariis
871 2600 1085 2634 sententiam
1111 2599 1208 2633 Livii
1242 2600 1328 2634 vide
1358 2599 1455 2644 apud
1481 2599 1658 2633 Senecam

272 2654 397 2688 contr.
422 2653 483 2690 1V.
504 2654 560 2687 25.
587 2667 621 2699 p.
641 2655 708 2689 284
725 2656 831 2702 Bip.,
856 2656 1007 2702 Augusti
1030 2655 1124 2701 apud
1148 2656 1247 2691 Suet.
1276 2656 1354 2699 86.,
1380 2656 1591 2694 Quintiliani
1616 2654 1657 2691 11.

272 2710 312 2752 5,
337 2710 392 2746 21.
513 2710 571 2754 71)
596 2711 696 2745 Haec
720 2712 812 2748 iusto
836 2713 952 2748 lenius
975 2712 1108 2747 iudicat
1130 2723 1196 2748 scr.
1223 2713 1307 2749 dial.
1335 2713 1381 2748 de
1406 2718 1511 2748 oratt.
1536 2712 1592 2746 37.
