1835 3126
287 205 412 249 190
812 202 1154 247 CICERONIS

291 313 411 357 Laeli
461 312 511 354 de
555 310 749 366 collegiis
791 327 875 356 non
913 315 1084 365 melior,
1129 328 1250 371 quam
1288 315 1338 358 dc
1375 315 1511 358 multis
1555 328 1677 371 quam

286 392 403 435 voles
435 389 668 446 Scipionis:
708 403 790 432 non
821 404 900 446 quo
931 392 1008 433 illa
1032 391 1155 434 Laeli
1184 395 1401 450 quicquam
1431 397 1483 437 sit
1514 394 1676 436 dulcius

287 477 356 512 aut
405 482 484 524 quo
531 468 581 510 de
623 468 828 523 religione
867 469 948 510 dici
988 472 1121 525 possit
1157 474 1387 525 augustius,
1434 474 1508 515 sed
1548 473 1674 515 multo

283 555 421 589 tamen
448 548 648 590 vetustior
675 553 714 589 et
736 546 944 589 horridior
971 547 1043 590 ille
1068 561 1190 603 quam
1215 548 1379 605 Scipio:
1409 557 1448 591 et
1479 564 1567 592 cum
1595 553 1676 592 sint

284 627 327 666 in
364 625 540 667 dicendo
577 626 721 667 variae
749 625 1004 676 voluntates,
1045 626 1243 669 delectari
1274 628 1373 668 mihi
1404 630 1538 681 magis
1571 630 1678 669 anti-

286 706 438 760 quitate
473 703 635 746 videtur
669 710 709 746 et
747 703 936 746 lubenter
968 704 1109 747 verbis
1147 706 1271 747 etiam
1300 707 1358 747 uti
1387 705 1510 761 paulo
1541 707 1679 759 magis

282 784 432 839 priscis
476 781 663 824 Laelius.
731 781 799 824 84.
843 781 930 825 Sed
968 790 1031 825 est
1066 797 1155 826 mos
1191 782 1423 834 hominum,
1465 789 1507 825 ut
1546 783 1678 825 nolint

285 861 460 903 eundem
498 861 684 916 pluribus
729 860 854 903 rebus
902 861 1121 905 excellere.
1194 854 1301 904 Nafn
1341 869 1383 904 ut
1423 875 1473 904 ex
1520 861 1678 903 bellica

280 939 404 981 laude
443 942 630 995 aspirare
669 940 723 981 ad
751 940 996 982 Africanum
1034 954 1154 983 nemo
1195 947 1352 997 potest,
1389 942 1432 982 in
1460 952 1542 995 qua
1582 942 1677 995 ipsa

282 1020 496 1072 egregium
534 1017 711 1059 Viriathi
748 1018 861 1060 bello
903 1020 1130 1074 reperimus
1174 1019 1304 1061 luisse
1346 1017 1559 1061 Laelium:
1613 1019 1676 1060 sic

279 1097 421 1149 ingeni
474 1096 687 1137 lverarum
737 1096 999 1151 eloquentiae
1053 1099 1283 1152 sapientiae
1339 1097 1541 1152 denique,
1595 1098 1673 1138 etsi

279 1175 439 1228 utrique
481 1175 656 1229 primas,
696 1174 857 1228 priores
896 1180 1033 1215 tamen
1071 1174 1261 1216 lubenter
1293 1175 1481 1216 deserunt
1508 1173 1673 1216 Laelio.

277 1265 356 1293 nec
386 1250 484 1293 mihi
508 1258 737 1293 ceterorum
766 1251 920 1293 iudicio
947 1251 1080 1293 solum
1101 1252 1277 1302 videtur,
1311 1251 1386 1294 sed
1410 1254 1533 1294 etiam
1559 1253 1673 1308 ipso-

275 1343 366 1371 rum
410 1331 516 1371 inter
554 1331 669 1385 ipsos
712 1342 916 1372 concessu
954 1332 1014 1372 ita
1047 1329 1240 1372 tributum
1270 1330 1414 1372 fuisse.
1473 1330 1541 1372 85.
1571 1328 1673 1372 Erat

276 1409 443 1450 omnino
482 1415 567 1449 tum
606 1421 717 1458 mos,
763 1415 805 1450 ut
847 1410 889 1449 in
932 1408 1106 1463 reliquis
1142 1408 1267 1450 rebus
1304 1409 1474 1458 melior,
1520 1409 1581 1450 sic
1627 1410 1670 1449 in

275 1486 356 1529 hoc
399 1488 490 1543 ipso
533 1485 775 1534 humanior,
820 1492 861 1528 ut
902 1486 1053 1529 faciles
1097 1492 1238 1529 essent
1281 1488 1325 1528 in
1361 1499 1478 1529 suum
1523 1487 1671 1542 cuique

272 1565 502 1607 tribuendo.

357 1711 401 1738 84.
444 1709 586 1745 Viriathi]
606 1710 753 1737 Viriatico.

273 1824 414 1869 legitur.
465 1822 625 1857 Subaudi
661 1823 748 1857 laus
783 1834 828 1857 ex
855 1823 1017 1857 membro
1047 1829 1220 1868 sequente
1251 1828 1287 1857 et
1319 1833 1396 1856 cnm
1420 1820 1667 1866 Bernhardyo

274 1880 503 1913 distinctione
529 1891 662 1923 separa
686 1880 811 1924 priora
845 1879 892 1912 de
917 1882 1045 1925 ipsius
1071 1879 1187 1913 Laeli
1212 1885 1249 1913 et
1277 1878 1484 1925 Scipionis
1510 1880 1665 1924 inqenio

272 1936 306 1970 h.
327 1948 358 1970 e.
384 1936 414 1969 si
438 1935 483 1968 ‹le
501 1935 617 1969 Laelii
638 1941 673 1969 et
691 1936 872 1980 Scipionis
897 1935 1040 1980 ingenio
1062 1936 1249 1969 dicendum
1273 1941 1326 1969 est
1350 1948 1377 1970 s.
1399 1935 1495 1979 quod
1517 1935 1666 1968 attinet:

270 2004 317 2026 ne
343 1993 419 2035 quis
444 2003 522 2025 cum
546 1991 704 2037 Meyero
729 1997 923 2036 componat
949 1992 1034 2026 laus
1060 1992 1107 2026 de
1133 1994 1299 2037 inqenio.
1318 2012 1363 2016 —
1388 1990 1519 2034 Laeli]
1545 1989 1610 2034 Lg.
1630 1989 1664 2025 8.

269 2049 325 2082 51.
351 2049 404 2082 58.
431 2069 477 2073 —
514 2059 592 2081 non
624 2049 713 2092 quo]
748 2059 826 2081 non
857 2047 961 2092 quod
993 2048 1058 2093 Lg.
1083 2048 1139 2082 20.
1165 2049 1219 2088 58.
1268 2048 1393 2082 Altero
1429 2047 1513 2080 loco
1549 2047 1665 2080 nullus

269 2116 430 2138 meorum
464 2104 590 2148 quod,
628 2109 665 2136 ut
703 2110 785 2137 ante
820 2104 1037 2148 Heusingeri
1074 2104 1361 2137 emendationem
1394 2104 1590 2148 legebatur.
1617 2121 1664 2129 ·—

268 2161 470 2203 vetustior]
494 2162 695 2197 venustior
716 2159 783 2205 Lg.
807 2159 840 2194 8.
866 2159 923 2194 39.
948 2160 1003 2195 51.
1051 2162 1289 2195 invenustior
1307 2159 1363 2194 20.
1391 2170 1438 2183 —-‘
1475 2158 1663 2202 lubenter]

267 2218 431 2253 libenter
455 2217 520 2263 Lg.
540 2217 595 2251 20.
624 2217 680 2252 ed.
706 2228 760 2262 pr.

359 2286 414 2320 84.
465 2286 662 2331 aspirare]
699 2284 812 2331 πίλῳ.
839 2284 958 2318 nullus
984 2294 1157 2318 meorum.
1182 2301 1227 2311 ·—-
1273 2281 1445 2317 Viriathi
1468 2281 1580 2326 bello]
1612 2282 1665 2317 sic

267 2342 495 2378 scribendum
521 2353 565 2375 ex
585 2341 692 2375 codd.
720 2340 761 2374 th.
786 2341 959 2386 probatur
984 2347 1135 2386 propter
1152 2340 1374 2374 Graecorum
1400 2338 1604 2384 Οὐρίατθος
1626 2344 1662 2373 et

268 2400 434 2435 distincte
467 2399 600 2443 legitur
632 2399 668 2432 in
695 2397 762 2443 Lg.
787 2397 843 2432 20.
869 2397 922 2431 35.
946 2396 1001 2432 53.
1029 2398 1084 2432 68.
1133 2396 1278 2431 Deinde
1312 2395 1529 2430 Viriathico
1561 2395 1661 2429 bello

267 2458 311 2500 (s,
351 2456 559 2498 Virialico)
589 2467 693 2500 qnam
726 2454 860 2488 nnllam
895 2453 1028 2487 habeat
1059 2453 1168 2488 fidem
1202 2452 1446 2486 consideranti
1482 2458 1581 2497 patet
1614 2463 1660 2485 ex

263 2514 437 2548 librorum
454 2523 641 2546 consensu.
682 2510 855 2545 Viriathi
869 2510 966 2544 bello
982 2509 1050 2556 Lg.
1066 2511 1121 2545 20.
1138 2510 1193 2543 35.
1209 2509 1263 2543 53.
1280 2508 1334 2543 68.
1361 2508 1444 2542 Vat.
1480 2507 1660 2543 viriathi-

265 2570 364 2604 bello
383 2569 437 2603 39.
471 2567 736 2603 viriathibeico
756 2567 811 2602 58.
844 2569 1009 2602 virialz‘n
1027 2566 1123 2601 bello
1142 2567 1196 2602 70.
1233 2568 1333 2600 viri.
1350 2591 1357 2599 .
1371 2590 1380 2598 .
1401 2564 1499 2599 bello
1519 2565 1609 2598 Ven.
1626 2564 1656 2598 l.

263 2629 344 2662 viri
366 2625 526 2660 adhibet
551 2630 589 2659 to
613 2636 706 2660 corr.
746 2626 885 2666 viriati
909 2623 1005 2657 bello
1028 2622 1151 2658 Ottob.
1191 2623 1285 2657 Reli.
1320 2622 1465 2656 Viriati
1487 2620 1595 2655 bello.
1612 2639 1657 2645 —

264 2683 501 2730 reperimus]
531 2684 781 2729 repperimus
806 2681 872 2726 Lg.
892 2680 948 2714 20.
973 2680 1028 2713 ed.
1053 2691 1106 2725 pr.
1131 2699 1176 2705 ——-
1211 2680 1357 2726 irzyeni]
1383 2678 1447 2724 Lg.
1471 2677 1504 2713 8.
1525 2677 1580 2711 51.

354 2740 410 2776 85.
459 2750 571 2776 suum
600 2740 750 2785 cuique]
776 2740 837 2775 ius
861 2748 975 2774 suum
1001 2740 1138 2783 cuique
1162 2736 1229 2782 Lg.
1255 2737 1311 2773 20.
1338 2735 1395 2772 ed.
1419 2746 1471 2779 pr.
