1892 3116
694 229 1085 274 PRAEFATIO.
1525 245 1588 274 vn

199 355 310 384 mero
350 343 389 383 2.
431 341 624 384 indicavi.
691 340 731 383 Is
771 341 846 384 suit
886 342 1113 385 cardinalis
1153 341 1443 392 Bessarionis‚
1479 355 1587 384 nunc

196 422 237 461 in
267 419 522 463 bibliotheca
550 419 598 461 l).
625 418 762 462 Marci
793 434 1003 462 numerum
1027 419 1273 463 ccccxlx
1303 424 1428 475 gerit3
1461 434 1586 463 mem-

192 498 426 541 branaceus
451 505 531 548 est,
557 498 912 556 sormaomaxima,
936 500 1063 542 nitide
1088 501 1263 556 scriptus
1288 499 1422 542 literis
1444 499 1588 541 latinis

195 577 247 618 ad
279 576 587 619 similitudinem
624 580 918 633 impressarum
950 586 1142 621 accurate
1175 579 1463 628 conformatis,
1504 591 1587 633 qua

193 654 243 697 de
269 668 398 697 causa
423 663 509 698 arte
541 656 840 713 tjqiographica
871 658 1038 699 inventa
1060 659 1332 700 recentiorem
1358 670 1453 699 esse
1477 658 1585 699 veri-

192 733 342 775 simile.
402 733 488 775 Sed
528 735 897 777 innumerabilibus
938 735 1098 777 mendis
1139 749 1230 778 cum
1270 735 1462 778 lectionis
1502 742 1585 776 tum

191 815 419 868 scripturae
444 812 634 854 foedatur
656 819 693 854 et
716 813 923 855 vocabula
945 815 1100 855 novitio
1118 826 1231 855 more
1258 815 1412 867 scripta
1433 813 1584 867 ubique

191 896 402 932 monstrat.
461 888 632 930 Praeter
657 888 823 930 Brutum
855 891 978 931 etiam
1007 889 1139 932 libros
1172 890 1222 931 de
1248 888 1424 931 Oratore
1448 889 1586 939 habet,

190 981 292 1023 quos
334 980 416 1009 non
453 968 699 1009 examinavi.
766 966 986 1023 Utriusque
1021 966 1164 1010 Veneti
1202 969 1365 1023 copiam
1403 967 1584 1021 benigne

189 1046 286 1088 fecit
315 1044 594 1087 bibliothecae
622 1044 869 1088 Marcianae
899 1046 1134 1102 praefectus
1160 1045 1307 1088 Abbas
1333 1045 1488 1097 Restio,
1521 1047 1586 1088 vir

190 1125 344 1179 insigni
380 1123 631 1166 humanitate
670 1125 882 1180 praeditus
921 1125 1214 1181 omnibusque,
1253 1126 1322 1181 qui
1356 1124 1584 1167 studiorum

188 1216 354 1245 suorum
380 1202 608 1245 adiutorem
640 1206 794 1259 experti
823 1210 934 1254 sunt,
961 1217 1169 1259 nunquam
1201 1206 1304 1245 satis
1333 1203 1583 1245 laudandus.

298 1280 456 1323 Romae
482 1282 524 1322 in
547 1280 804 1324 bibliotheca
826 1281 1032 1324 Vaticana
1058 1289 1298 1324 asservatos
1322 1281 1454 1324 libros
1477 1281 1581 1323 duos

188 1359 362 1410 contuli3
402 1359 549 1415 quibus
580 1360 687 1415 quod
726 1361 784 1402 uti
812 1362 1014 1416 potuerim
1041 1362 1121 1404 viri
1152 1360 1377 1404 clarissimi
1408 1359 1581 1402 Mezze-

187 1439 301 1489 fanti,
330 1439 397 1494 qui
422 1445 516 1480 tunc
534 1445 623 1481 erat
644 1438 925 1482 bibliothecae
941 1440 1191 1495 praefectus,
1215 1453 1322 1482 nunc
1341 1438 1580 1481 Cardinalis

187 1517 384 1571 dignitate
427 1524 595 1559 ornatus
628 1524 711 1567 est,
751 1517 1067 1560 benevolentiae
1100 1526 1311 1574 acceptum
1339 1518 1495 1567 refer03
1539 1518 1581 1557 in

187 1609 266 1651 quo
312 1596 399 1637 viro
441 1602 572 1636 utrum
620 1596 755 1649 magis
795 1595 1007 1638 doctrinae
1051 1598 1213 1651 copiam
1252 1596 1480 1644 admirere,
1527 1607 1579 1636 an

185 1674 479 1715 humanitatem
506 1686 620 1715 ames
652 1673 819 1716 difficile
852 1680 913 1715 est
945 1672 997 1715 ad
1021 1674 1250 1716 dicendum.
1295 1673 1449 1716 Horum
1475 1672 1581 1714 alter

192 1753 415 1795 Vaticanus
444 1764 613 1793 numero
645 1752 767 1792 1720.
800 1752 1006 1794 indicatur
1035 1750 1184 1804 (Vat.),
1222 1751 1579 1800 membranaceus,

187 1833 319 1874 forma
362 1830 561 1878 maxima,
607 1829 749 1871 seculo
796 1827 888 1870 XV.
932 1842 1010 1872 nec
1053 1843 1078 1871 a
1121 1831 1252 1886 perito
1300 1836 1494 1872 exaratus
1540 1834 1578 1870 et

184 1910 349 1951 minime
393 1920 547 1962 magna
592 1909 856 1959 auctoritate3
904 1907 1010 1950 alter
1059 1908 1366 1951 ottobonianus
1402 1906 1578 1960 (ottob.)

183 2002 222 2030 n.
251 1986 395 2036 2057„
425 1986 560 2028 forma
582 1987 781 2037 maxima,
813 1987 1176 2036 membranaceus,
1208 1987 1281 2029 illo
1308 1987 1433 2042 longe
1456 1999 1578 2043 prae—

184 2067 359 2109 stantior
398 2072 436 2106 et
474 2066 658 2120 proxime
697 2066 749 2108 ad
785 2064 933 2108 Veneti
971 2067 1123 2123 prioris
1166 2066 1314 2108 laudes
1357 2065 1577 2108 accedens.

185 2145 372 2201 Scriptor
401 2144 531 2193 enim,
564 2157 589 2185 a
615 2158 694 2199 quo
728 2152 922 2187 exaratus
950 2151 1013 2187 est
1043 2158 1081 2186 a.
1114 2143 1223 2186 1425
1253 2158 1326 2202 pro
1351 2143 1577 2187 Francisco

182 2224 334 2267 Bossio
368 2224 563 2279 episcopo
595 2221 805 2273 Cumano,
843 2223 976 2265 libros
1009 2223 1058 2264 de
1090 2221 1289 2272 Oratore,
1329 2224 1398 2278 qui
1428 2228 1467 2263 et
1498 2222 1577 2277 ipsi

185 2316 234 2344 eo
268 2301 412 2344 codice
454 2302 731 2350 continentur,
771 2314 796 2342 a
826 2313 871 2342 se
913 2300 1231 2354 diligentissime
1274 2306 1443 2342 exactos
1479 2299 1578 2342 dicit

185 2381 237 2423 acl
269 2380 384 2421 illum
415 2377 645 2420 Landriani
674 2378 824 2420 librum
857 2380 1186 2434 antiquissimum
1217 2386 1256 2420 et
1285 2380 1375 2435 ipso
1409 2385 1579 2435 aspectu

182 2458 474 2502 verecundiam
504 2464 746 2499 moventem.
798 2456 1017 2500 Correctus
1044 2457 1152 2499 liber
1176 2456 1244 2500 hic
1274 2457 1362 2500 illic
1386 2464 1471 2508 θεῖς
1503 2457 1578 2499 sed

184 2544 394 2580 corrector
438 2534 674 2579 Laudensis
719 2536 832 2579 illius
879 2538 1122 2593 scripturam
1159 2550 1242 2579 non
1278 2536 1430 2592 ubique
1473 2537 1576 2578 satis

183 2616 397 2658 intellexit.

296 2693 410 2745 Quos
444 2694 773 2747 Laqomarsc’nus
807 2694 858 2735 ad
897 2693 1195 2736 emendandum
1227 2692 1472 2735 Ciceronem
1503 2691 1576 2734 ad-

183 2772 313 2815 hibuit
343 2772 510 2816 codices
545 2770 830 2822 Florentinos,
870 2785 1009 2816 eorum
1041 2785 1137 2829 pars
1168 2772 1293 2828 longe
1324 2771 1504 2816 maxima
1534 2771 1576 2813 in
