1835 3126
545 225 794 270 BRUTUS
835 226 954 271 CAP.
985 228 1052 272 97.
1376 229 1493 276 321

98 346 169 382 tua
199 337 278 380 frui
311 337 457 380 virtute
489 338 691 396 cupimus,
720 338 794 382 tihi
826 347 1012 398 optamus
1043 354 1136 384 eam
1161 354 1246 384 rem
1268 341 1489 398 publicam,

94 419 137 459 in
176 429 257 472 qua
294 415 466 459 duorum
506 430 706 472 generum
748 419 1107 476 amplissumorum
1153 433 1357 465 renovare
1401 435 1490 464 me-

93 496 267 537 moriam
309 501 430 551 atque
468 509 622 550 augere
660 499 812 554 possis.
872 497 1006 541 Tuum
1038 499 1146 541 enim
1177 498 1332 549 forum,
1377 506 1487 543 tuum

93 579 182 615 erat
226 572 329 615 illud
371 574 641 617 curriculum:
689 581 750 618 tu·
774 575 874 618 illuc
912 589 1091 619 veneras
1128 590 1255 627 unus,
1302 578 1368 633 qui
1408 591 1487 621 non

90 650 275 706 linguam
321 652 443 696 modo
494 654 684 696 acuisses
732 655 1029 698 exercitatione
1075 656 1269 706 dicendI,
1324 656 1398 699 sed
1447 663 1488 698 et

91 730 225 786 ipsam
264 730 541 787 eloquentiam
579 732 925 789 locupletavisses
961 735 1197 788 graviorum
1237 736 1384 776 artium
1424 736 1487 777 in-

91 814 314 852 strumento
360 816 400 851 et
443 809 601 852 eisdem
649 810 806 853 artibus
851 811 978 854 decus
1023 825 1142 854 omne
1185 813 1346 855 virtutis
1395 827 1486 855 cum

89 900 248 929 summa
284 887 544 943 eloquentiae
583 887 707 930 laude
749 889 971 930 iunxisses.
1029 889 1124 930 332.
1161 888 1224 931 Ex
1261 896 1300 932 te
1338 890 1487 947 duplex

89 978 166 1007 nos
199 965 326 1008 afficit
364 964 622 1015 sollicitudo,
662 965 770 1020 quod
800 971 840 1007 et
874 965 963 1020 ipse
993 978 1038 1007 re
1068 964 1236 1020 publica
1265 980 1414 1009 careas
1447 975 1487 1010 et

86 1042 164 1085 illa
193 1050 244 1085 te.
292 1042 357 1084 Tu
387 1048 547 1092 tamen,
580 1043 658 1083 etsi
684 1054 847 1083 cursum
882 1043 1024 1096 ingeni
1053 1044 1130 1093 tui,
1161 1041 1308 1093 Brute,
1339 1047 1486 1101 premit

85 1120 192 1163 haec
215 1121 447 1175 importuna
469 1119 612 1162 clades
638 1121 817 1162 civitatis
833 1153 842 1170 ,
873 1121 1036 1163 contine
1061 1127 1100 1164 te
1122 1122 1166 1163 in
1187 1123 1267 1164 tuis
1291 1124 1484 1179 perenni-

85 1197 162 1240 bus
194 1197 341 1240 studiis
372 1204 412 1240 et
441 1197 559 1241 effice
593 1198 658 1248 id,
690 1198 799 1254 quod
828 1200 912 1241 iam
939 1200 1231 1256 propemodum
1260 1201 1327 1243 vel
1359 1201 1482 1258 plane

85 1277 219 1334 potius
251 1275 474 1327 effeceras,
504 1282 545 1319 ut
572 1283 611 1319 te
643 1277 798 1333 eripias
832 1291 883 1320 ex
914 1290 986 1328 ea,
1022 1291 1144 1334 quam
1174 1291 1254 1333 ego
1286 1282 1484 1335 congessi

84 1357 128 1397 in
162 1354 269 1397 huuc
311 1367 561 1405 sermonem,
599 1354 721 1397 turba
759 1362 1037 1412 patronorum.
1096 1370 1175 1400 nee
1214 1358 1321 1400 enim
1363 1358 1483 1401 decet

84 1441 123 1476 te
163 1440 351 1476 ornatum
386 1432 619 1476 uberrumis
655 1433 834 1485 artibus,
877 1448 981 1491 quas
1025 1448 1115 1478 cum
1155 1435 1275 1479 domo
1314 1435 1481 1480 haurire

84 1525 167 1555 non
206 1525 374 1569 posses,
422 1513 681 1555 arcessivisti
725 1526 776 1555 ex
820 1512 921 1555 urhe
968 1527 1040 1565 ea,
1087 1527 1193 1570 quae
1233 1514 1377 1558 domus
1418 1522 1482 1558 est

84 1603 247 1647 semper
275 1590 419 1633 habita
449 1590 685 1640 doctrinae,
726 1593 935 1635 numerari
976 1593 1019 1634 in
1047 1592 1173 1648 vulgo
1202 1599 1478 1649 patronorum.

84 1667 187 1711 Nam
219 1668 316 1724 quid
350 1675 389 1711 te
421 1671 603 1712 exercuit
627 1669 894 1721 Pammenes,
925 1672 989 1713 vir
1016 1670 1141 1725 longe
1175 1671 1480 1727 eloquentissu-

84 1760 174 1790 mus
224 1746 464 1790 Graeciae?
520 1742 616 1804 quid
665 1748 743 1790 illa
785 1755 902 1791 vetus
948 1748 1181 1792 Academia
1224 1756 1344 1806 atque
1389 1752 1480 1792 eius

82 1825 205 1868 heres
232 1825 399 1868 Aristus
429 1825 582 1883 hospes
613 1833 653 1869 et
681 1826 904 1869 familiaris
935 1839 1070 1877 meus,
1103 1828 1138 1870 si
1166 1827 1330 1884 quidem
1363 1829 1478 1870 simi-

164 1969 226 1996 331.
262 1968 334 1996 hacc
353 1971 442 2005 cura]
463 1970 536 1997 haec
555 1978 601 1997 me
619 1978 697 1999 cura.

10 2114 11 2138 ᾖ
170 2082 318 2118 xcvn.
367 2082 445 2118 331.
494 2083 707 2129 vehentem]
723 2084 916 2120 volantem
930 2085 1057 2120 Lamb.
1071 2103 1118 2112 ·——
1139 2088 1381 2132 transversa]
1396 2092 1476 2123 tra·

10 2152 11 2157 ¹
78 2151 192 2175 versa
217 2139 283 2186 Lg.
309 2140 343 2174 8.
369 2141 424 2175 51.
450 2141 505 2175 53,
531 2140 583 2175 58.
609 2141 662 2175 70.
699 2140 764 2175 Gu.
796 2142 821 2176 Ι.
849 2161 893 2166 -—
935 2143 1077 2188 tanqil]
1105 2146 1216 2189 anqz't
1250 2155 1296 2178 ex
1323 2144 1475 2180 Coi-radi

77 2198 288 2232 coniectura
310 2195 438 2231 Lamb.
463 2197 621 2232 VVetzel.
647 2216 693 2223 »-
732 2196 829 2231 haec
856 2199 968 2242 cura]
1001 2198 1101 2234 haec
1131 2211 1194 2233 me
1226 2211 1321 2235 cura
1351 2201 1474 2247 vulgo.

10 2260 11 2296 j
79 2253 154 2288 Sed
187 2264 249 2286 me
283 2264 349 2286 om.
379 2252 463 2287 Sch.
492 2251 633 2297 Meyer.
658 2253 855 2287 secundum
890 2254 958 2288 Gu.
986 2254 1016 2289 l.
1041 2255 1074 2290 2.
1110 2256 1166 2290 ed.
1195 2267 1269 2302 pr.;
1304 2257 1475 2292 addicunt

10 2343 11 2352 ,
76 2308 143 2355 Lg.
170 2313 313 2354 praeter
338 2309 392 2343 53.
417 2308 474 2343 68.
498 2308 572 2352 70,
603 2309 687 2343 item
715 2308 808 2344 Ven.
840 2307 916 2345 Ott.
940 2330 987 2336 —
1025 2312 1390 2359 amplissumorum]
1422 2314 1474 2348 sic

76 2365 142 2411 Lg.
162 2365 193 2399 8.
219 2365 274 2400 35.
301 2365 352 2400 51.
373 2364 427 2399 70.
463 2362 538 2400 Ott.
561 2384 608 2390 —-
645 2365 715 2400 sed
736 2370 773 2401 et
797 2368 944 2413 ipsam]
971 2368 1042 2402 sed
1063 2373 1107 2403 uc
1129 2371 1259 2416 ipsam
1285 2369 1350 2404 Gu.
1371 2370 1402 2404 2.
1427 2390 1474 2395 —

10 2429 12 2436 ¹
77 2422 196 2456 laude
220 2422 431 2465 iuna-isses]
458 2421 505 2455 (Ie
528 2424 720 2456 vinxisses
747 2434 774 2459 s.
802 2422 850 2457 de
876 2426 1072 2459 iunxisses
1099 2425 1166 2460 Gu.
1195 2426 1246 2470 l.‚
1272 2438 1355 2461 nam
1382 2426 1474 2462 haec

76 2478 219 2513 divisim
243 2478 394 2523 scripta,
421 2484 458 2512 ut
481 2483 581 2522 sunt,
610 2479 779 2525 distingui
802 2486 997 2526 nequeunt.

10 2578 11 2586 ,
171 2545 249 2579 332.
293 2544 549 2592 perennibus]
575 2546 830 2593 peremnibus
861 2546 929 2594 Lg.
953 2548 987 2583 8.
1016 2553 1053 2582 ut
1077 2548 1156 2584 edd.
1182 2550 1358 2594 quaedam
1383 2555 1471 2585 vett.

9 2602 11 2615 ²
70 2601 266 2648 perenbus
286 2602 350 2636 Gu.
368 2603 398 2637 l.
412 2622 458 2628 »-
482 2613 551 2637 nec
565 2605 670 2638 enim
682 2603 791 2639 decet
805 2605 858 2648 te]
878 2615 951 2640 nec
967 2609 1005 2639 te
1017 2607 1122 2640 enim
1135 2605 1245 2640 decet
1266 2605 1350 2642 Par.
1366 2605 1412 2640 D.
1427 2625 1472 2631 —

5 2685 12 2699 ,
76 2657 315 2703 uber-rumis]
351 2659 402 2693 sic
425 2658 491 2705 Lg.
516 2659 549 2695 8.
575 2661 630 2695 51.
666 2659 742 2696 Ott.
776 2660 860 2697 Vat.
883 2679 930 2686 ——
961 2661 1094 2706 domo]
1124 2661 1235 2696 domi
1263 2662 1319 2697 ed.
1346 2673 1402 2708 pr.
1426 2682 1471 2687 -

75 2726 171 2749 nam
196 2715 305 2760 quid]
330 2726 423 2750 nam
447 2718 515 2761 qut
537 2715 603 2763 Lg.
627 2716 658 2752 8.
681 2717 737 2753 20.
763 2718 818 2753 51.
839 2717 893 2753 56.
916 2716 970 2753 58.
996 2717 1050 2753 70.
1090 2717 1181 2754 Ven.
1208 2719 1240 2754 1.
1279 2718 1346 2755 Gn.
1377 2718 1406 2754 1.
1426 2739 1472 2744 -

77 2771 441 2818 eloquentissumus]
465 2773 516 2809 sic
539 2772 606 2819 Lg.
627 2775 682 2809 51.
721 2771 796 2810 Ott.

1133 2844 1186 2885 21
