1835 3126
587 151 841 195 BRUTUS
883 151 1000 195 CAP.
1032 154 1099 197 27.
1416 154 1539 199 201

149 265 248 307 chus
307 263 524 317 diligentia
576 262 797 307 Corneliae
848 266 991 307 matris
1046 278 1072 307 a
1123 278 1250 321 puero
1303 264 1445 308 doctus
1499 272 1538 308 et

150 342 323 384 Graecis
364 341 496 384 literis
536 342 731 385 eruditus.
800 356 897 385 nam
933 356 1095 399 semper
1132 342 1274 385 habuit
1310 345 1538 400 exquisitos

149 434 171 462 e
205 419 384 462 Graecia
423 421 667 475 magistros,
705 422 748 463 in
787 423 848 464 eis
888 423 970 464 iam
1002 422 1249 464 adolescens
1279 421 1538 478 Diophanem

145 497 466 553 Mytilenaeum,
514 498 719 542 Graeciae
759 500 1009 556 temporibus
1049 500 1134 542 illis
1181 500 1534 553 disertissumum3

145 576 220 618 sed
259 578 298 618 ei
336 576 462 619 breve
497 583 654 634 tempus
692 580 833 633 ingeni
872 579 1050 633 augendi
1089 586 1129 621 et
1166 579 1408 622 declarandi
1448 581 1535 622 fuit.

146 654 241 695 105.
285 653 442 705 Carbo,
482 656 591 711 quod
626 658 711 699 vita
749 657 1040 713 suppeditavit,
1081 664 1142 699 est
1180 659 1224 699 in
1260 659 1396 700 multis
1430 659 1537 701 iudi-

146 734 224 775 ciis
268 735 490 789 causisque
536 736 737 789 cognitus.
807 735 912 778 hunc
957 737 1026 790 qni
1061 736 1276 778 audierant
1316 738 1536 792 prudentes

147 811 354 862 homines,
399 813 442 854 in
479 812 625 868 quibus
663 812 883 854 familiaris
919 819 1062 854 noster
1093 811 1140 853 L.
1174 813 1355 864 Gellius,
1389 818 1456 870 qui
1488 831 1535 859 se

145 889 209 930 illi
242 889 579 932 contubernalem
608 891 651 930 in
681 888 898 931 consulatu
928 889 1058 931 fuisse
1088 889 1306 941 narrabat,
1339 905 1535 936 canorum

145 974 351 1010 oratorem
386 973 426 1009 et
460 965 686 1008 volubilem
723 973 762 1007 et
798 967 901 1007 satis
942 979 1098 1016 acrem,
1137 974 1258 1023 atque
1291 971 1464 1013 eundem
1495 980 1535 1015 et

142 1044 422 1087 vehementem
453 1050 493 1086 et
519 1043 642 1086 valde
667 1043 828 1086 dulcem
850 1050 889 1085 et
913 1044 1168 1100 perfacetum
1193 1046 1324 1090 fuisse
1351 1049 1534 1093 dicebat:

144 1121 323 1164 addebat
360 1122 602 1164 industrium
639 1123 762 1164 etiam
793 1128 833 1164 et
863 1122 1103 1177 diligentem
1134 1132 1173 1166 et
1201 1127 1243 1167 in
1274 1130 1536 1173 exercitatio-

140 1200 262 1243 nibus
307 1199 800 1256 commentationibusque
839 1200 1005 1242 multum
1045 1215 1197 1258 operae
1234 1205 1398 1248 solitum
1430 1209 1534 1251 'esse

138 1292 306 1335 ponere.
367 1279 460 1321 106.
499 1278 576 1321 Hie
618 1284 803 1335 optumus
843 1279 929 1321 illis
958 1281 1209 1336 temporibus
1246 1290 1308 1325 est
1335 1292 1533 1340 patronus

140 1355 305 1400 habitus
355 1371 487 1413 eoque
528 1357 661 1400 forum
695 1363 858 1399 tenente
899 1357 1021 1414 plura
1059 1358 1149 1401 fieri
1186 1361 1343 1404 iudicia
1385 1378 1535 1422 coepe-

141 1442 245 1478 runt.
289 1434 395 1477 Nam
427 1442 465 1478 et
489 1436 755 1491 quaestiones
785 1443 1006 1492 perpetuae
1036 1436 1116 1480 hoc
1148 1439 1413 1484 adolescente
1436 1457 1535 1486 con-

142 1515 306 1555 stitutae
344 1520 454 1564 sunt,
502 1526 606 1568 quae
649 1520 772 1555 antea
807 1513 948 1556 nullae
986 1515 1166 1558 fuerunt:
1204 1516 1253 1559 L.
1297 1522 1405 1562 enim
1434 1521 1533 1567 Piso

140 1591 327 1634 tribunus
356 1591 491 1648 plebis
521 1592 658 1646 legem
687 1593 840 1648 primus
865 1592 914 1635 de
945 1595 1132 1649 pecuniis
1162 1598 1398 1651 repetundis
1427 1599 1536 1644 Cen-

143 1672 284 1713 sorino
331 1677 370 1713 et
409 1669 586 1713 Manilio
632 1670 872 1713 consulibus
908 1671 1000 1712 tulit
1041 1673 1147 1727 (ipse
1194 1676 1317 1716 etiam
1353 1676 1451 1720 Piso
1496 1686 1535 1722 et

142 1762 295 1792 causas
327 1749 429 1803 egit,
461 1756 500 1790 et
532 1748 748 1791 multarum
775 1748 913 1802 legum
946 1755 1014 1791 aut
1045 1756 1188 1792 auctor
1218 1758 1286 1794 aut
1317 1754 1535 1800 dissuasor

140 1901 271 1941 puncto
297 1894 484 1939 supposito
510 1894 611 1937 quasi
635 1894 788 1928 mendae
811 1894 924 1940 signo.
945 1915 991 1919 —
1015 1895 1085 1930 secl
1109 1897 1161 1940 ei]
1184 1896 1391 1937 Lambinus.
1430 1902 1533 1939 Libri

140 1951 210 1986 sed
234 1955 282 1985 et.
308 1970 354 1975 -
392 1950 538 1996 inueni]
565 1949 631 1996 Lg.
657 1950 689 1985 8.
716 1951 769 1985 51.
796 1950 850 1985 53.
877 1951 930 1985 70.
970 1951 1052 1987 Vat.

232 2007 307 2042 105.
357 2005 460 2051 quod
477 2007 576 2050 vica]
603 2018 676 2052 qao
695 2007 774 2041 libri
794 2007 872 2041 fere
894 2019 1037 2050 omnes3
1065 2011 1197 2055 quoad
1219 2011 1308 2048 Ven.
1327 2013 1358 2049 2.
1392 2014 1458 2062 Lg.
1478 2016 1533 2052 35.

139 2064 194 2100 ed,
223 2075 274 2110 pr.
325 2063 431 2108 quod
455 2062 587 2104 Aldus,
622 2063 700 2097 iure
727 2064 1012 2098 commendatum
1039 2077 1060 2099 a
1084 2066 1277 2113 Madvigio
1302 2069 1479 2105 Emendd.
1509 2073 1534 2108 1.

140 2133 175 2166 p.
201 2121 255 2155 72.
288 2125 323 2154 et
347 2119 513 2164 Zuinptio
539 2120 667 2154 Aecus.
693 2119 798 2153 Verr.
825 2120 868 2154 V.
897 2120 960 2161 29,
990 2121 1043 2156 76.
1092 2121 1297 2158 Barbarum
1323 2133 1376 2160 est
1402 2130 1536 2171 quoad

141 2183 177 2211 et
203 2188 224 2210 a
247 2177 426 2210 sententia
451 2175 626 2216 alienum3
659 2187 732 2209 non
765 2177 858 2209 enim
894 2176 940 2210 de
965 2177 1188 2221 longitudine
1214 2180 1310 2215 vitae
1339 2186 1535 2229 quaeritur,

140 2233 205 2267 sed
231 2244 340 2266 causa
369 2231 518 2265 affertur
544 2243 606 2265 cur
633 2231 749 2265 multis
776 2232 892 2265 causis
918 2233 1068 2277 agendis
1095 2236 1258 2280 cognitus
1283 2238 1339 2272 sit.
1361 2259 1406 2264 —
1444 2253 1534 2276 con-

141 2289 290 2332 sulam]
318 2292 454 2321 senata
480 2287 545 2333 Lg.
567 2287 621 2321 39.
639 2307 684 2311 —
709 2291 746 2321 et
771 2287 1050 2333 vehementem]
1077 2291 1177 2335 ponit
1204 2299 1287 2327 ante
1313 2299 1428 2340 alque
1449 2310 1536 2333 ean-

142 2346 231 2380 dem
248 2344 431 2379 Corradus
445 2370 454 2386 ‚
477 2343 584 2388 plane
605 2349 731 2378 contra
746 2346 960 2379 sententiam
978 2346 1057 2381 loci.
1076 2367 1121 2371 -—
1147 2348 1323 2390 dicebat,-
1348 2353 1537 2399 addebat]

140 2401 267 2435 Lanib.
294 2400 452 2445 Meyero
479 2400 650 2445 probatus
677 2400 859 2435 dicebant
885 2407 920 2435 et
940 2401 1150 2439 addebant.
1167 2425 1212 2430 ——
1238 2414 1535 2445 commentatio-

141 2457 342 2502 nibusque]
377 2456 857 2503 commenclatz'onibusque
890 2457 956 2505 Lg.
988 2458 1020 2494 S.
1049 2459 1104 2494 20.
1138 2460 1192 2496 35.
1217 2462 1280 2505 ‚51.
1309 2464 1363 2499 58.
1410 2466 1476 2501 Gu.
1504 2468 1532 2502 l.

142 2513 511 2560 operationibus-qne
535 2513 600 2559 Lg.
625 2514 679 2549 39.

235 2570 309 2604 100.
358 2573 605 2614 quaestiones
626 2572 858 2618 perpetuae]
887 2582 921 2616 q.
944 2571 1126 2618 publicae
1152 2574 1310 2610 malebat
1337 2577 1532 2622 Corradus,

142 2630 290 2672 quaest.
318 2629 579 2673 pecuniarum
615 2628 926 2675 repetundarum
960 2628 1122 2664 Cuiacius
1160 2643 1265 2666 unam
1301 2633 1534 2679 Calpurniam

141 2684 257 2729 legem
276 2688 454 2727 spectans.
491 2683 566 2719 Sed
585 2685 712 2721 Cicero
735 2686 906 2722 universe
926 2686 1092 2732 loquitur.
1106 2706 1151 2713 ——
1171 2687 1347 2734 fuerunt]
1366 2689 1534 2735 fuerant
