1835 3126
325 161 448 225 'mo
848 174 1187 220 clcssaoms

326 288 435 330 actio
478 297 562 327 non
605 285 708 327 satis
753 286 1067 329 commendabat
1114 289 1363 331 orationem:
1408 289 1452 331 in
1487 287 1567 330 hac
1604 288 1712 330 enim

324 365 428 406 satis
459 369 548 405 erat
573 364 740 419 copiae,
771 364 814 405 in
844 363 920 404 illa
945 370 1079 405 autem
1108 364 1262 420 leporis
1286 380 1441 422 parum.
1487 367 1583 409 241.
1614 365 1714 408 Erat

324 445 415 484 eius
461 441 651 497 aequalis
692 440 736 483 P.
767 440 994 483 Autronius
1028 454 1131 484 voce
1168 450 1364 498 peracuta
1395 452 1514 500 atque
1546 457 1711 499 magna,

321 534 401 563 nec
446 520 533 561 alia
575 532 620 561 re
664 519 752 561 ulla
794 519 1046 576 probabilis:
1093 525 1132 561 et
1174 517 1223 561 L.
1265 518 1460 564 Octavius
1500 522 1712 572 Reatinus,

322 599 412 653 qui,
445 611 535 640 cum
566 597 715 640 multas
745 598 828 639 iam
859 610 1011 640 causas
1036 597 1209 647 diceret,
1240 598 1489 640 adolescens
1519 606 1580 642 est
1604 614 1712 643 mor-

320 683 433 718 tuus:
475 677 512 718 is
556 682 694 718 tamen
742 676 794 718 ad
842 675 1057 718 dicendum
1101 675 1295 718 veniebat
1338 677 1473 730 magis
1518 677 1714 720 audacter

320 768 443 810 quam
477 760 633 810 parate.
683 752 734 796 Et
761 753 806 796 C.
835 752 1051 804 Staienus,
1084 754 1152 809 qui
1186 767 1231 796 se
1262 755 1350 810 ipse
1383 754 1651 810 adoptaverat
1675 761 1714 797 et

318 833 370 875 de
400 831 572 874 Staieno
601 831 768 874 Aelium
808 832 987 881 fecerat,
1028 831 1187 874 fervido
1229 831 1406 886 quodam
1447 838 1486 874 et
1513 831 1711 888 petulanti

319 917 360 954 et
388 911 546 953 furioso
578 923 732 964 genere
764 910 951 960 dIcendi3
994 910 1103 965 quod
1133 911 1231 965 quia
1259 910 1397 952 multis
1427 916 1590 965 gratum
1620 916 1710 952 erat

317 995 358 1032 et
394 988 666 1045 probabatur,
701 988 962 1030 ascendisset
1004 988 1056 1029 ad
1090 987 1292 1037 honores,
1332 989 1413 1030 nisi
1453 990 1495 1029 in
1524 988 1710 1030 facinore

319 1067 539 1108 manifesto
571 1065 851 1120 deprehensus
883 1078 1041 1121 poenas
1072 1065 1236 1120 legibus
1261 1073 1300 1108 et
1333 1066 1488 1108 iudicio
1513 1066 1709 1108 dedisset.

428 1141 584 1184 LXIX.
614 1141 711 1183 242.
742 1141 899 1184 Eodem
921 1149 1104 1198 tempore
1132 1142 1176 1184 (2.
1203 1150 1242 1185 et
1265 1142 1313 1184 L.
1339 1143 1534 1199 Caepasii
1558 1144 1708 1186 fratres

314 1222 505 1270 fuerunt,
558 1221 627 1275 qui
672 1218 800 1261 multa
844 1232 973 1275 opera
1020 1220 1151 1274 ignoti
1192 1219 1381 1261 homines
1426 1227 1465 1261 et
1507 1222 1708 1276 repentini

313 1305 560 1355 quaestores
598 1297 791 1340 celeriter
830 1297 930 1340 sacti
973 1304 1086 1339 sunt:
1127 1298 1330 1354 oppidano
1369 1297 1547 1353 quodam
1576 1304 1615 1340 et
1645 1300 1708 1340 in-

315 1377 480 1420 condito
523 1388 678 1430 genere
720 1376 897 1418 dicendi.
954 1375 1170 1438 Addamus
1209 1374 1287 1418 huc
1318 1377 1464 1426 etiam,
1504 1389 1556 1418 ne
1588 1390 1707 1431 quem

312 1455 503 1499 vocalem
534 1455 786 1510 praeterisse
816 1455 1052 1505 videamur,
1085 1453 1129 1496 G.
1158 1453 1407 1497 Cosconium
1432 1452 1706 1504 Calidianum,

314 1535 383 1590 qui
412 1533 527 1576 nullo
555 1534 742 1575 acumiue
774 1546 867 1576 eam
894 1540 1033 1576 tamen
1060 1531 1278 1575 verborum
1309 1533 1488 1588 copiam,
1521 1534 1557 1574 si
1584 1546 1706 1588 quam

311 1611 517 1663 habebat,
575 1611 803 1669 praebebat
859 1611 1009 1668 populo
1065 1624 1156 1654 cum
1208 1610 1336 1653 multa
1387 1611 1703 1653 concursatione

311 1703 544 1745 magnoque
576 1690 772 1733 clamore.
833 1689 952 1741 Quod
993 1689 1103 1732 idem
1132 1689 1315 1733 faciebat
1345 1687 1395 1739 Q.
1425 1688 1597 1738 Arrius,
1636 1689 1705 1743 qui

310 1768 384 1809 fuit
422 1767 481 1810 M.
524 1766 670 1810 Crassi
709 1769 830 1823 quasi
866 1768 1153 1811 secundarum.
1211 1770 1249 1810 is
1290 1766 1478 1810 omnibus
1517 1766 1703 1822 exemplo

312 1845 434 1888 debet
473 1858 568 1887 esse
608 1851 801 1900 quantum
839 1846 882 1887 in
920 1845 1001 1888 hac
1036 1846 1137 1888 urbe
1172 1845 1328 1901 polleat
1356 1845 1573 1888 multorum
1604 1843 1703 1887 obe-

393 1979 453 2005 2⁴1-
492 1976 649 2012 Staienus]
670 1977 822 2005 Staienus.
861 1978 919 2010 (lta
937 1979 1025 2006 etiam
1043 1979 1140 2012 post).

397 2090 476 2125 241.
525 2089 755 2132 Autronius]
781 2099 905 2123 veram
929 2089 1144 2135 scripturam
1168 2087 1261 2123 Ven.
1287 2089 1317 2124 1.
1355 2085 1430 2123 Ott.
1463 2086 1546 2122 Vat.
1578 2086 1645 2132 Lg.
1665 2086 1699 2121 S.

305 2147 360 2182 39.
395 2147 449 2181 51.
482 2145 536 2180 53.
568 2146 624 2180 56.
650 2146 705 2180 58.
731 2146 785 2181 70.
819 2150 1024 2181 servarunt.
1073 2145 1166 2180 Reli.
1199 2146 1435 2185 Autronius,
1468 2143 1699 2183 Aua-onius,

304 2203 524 2243 Antonius„
548 2202 770 2237 Anthonius
805 2203 889 2246 (Gu.
924 2203 982 2246 1.).
1013 2222 1059 2227 --
1103 2202 1186 2236 alz‘a
1221 2213 1266 2235 re
1295 2201 1393 2244 ulla]
1426 2200 1508 2234 ulla
1541 2212 1584 2233 re
1616 2199 1700 2234 alia

303 2258 370 2306 Lg.
397 2260 453 2293 20.
477 2279 524 2283 -
560 2263 619 2294 est
643 2260 840 2302 mortuus]
872 2260 944 2293 inv.
978 2259 1035 2295 ed.
1062 2270 1117 2304 pr.
1145 2279 1185 2284 —
1222 2260 1354 2303 maqz‘s
1382 2256 1591 2299 audacter]
1629 2265 1698 2290 aa·

306 2316 442 2350 dacter
465 2317 597 2361 massi-s·
620 2314 747 2350 Lamb.
764 2333 810 2341 —-
838 2313 1040 2358 Staienus]
1068 2316 1323 2360 straffl'tz‘neus
1348 2313 1416 2348 Gu.
1440 2313 1470 2347 l.
1508 2314 1699 2346 statienus

304 2370 368 2417 Lg.
395 2372 450 2406 20.
500 2372 590 2407 Rell.
621 2383 746 2406 omnes
774 2370 979 2406 Staienum
1005 2372 1144 2412 dicunt3
1182 2382 1267 2404 mox
1301 2370 1451 2404 staleno
1481 2368 1548 2402 Gn.
1575 2368 1622 2409 1.‚
1659 2371 1698 2401 ut

305 2428 462 2462 correxit
486 2428 632 2470 Rivius,
657 2428 749 2463 salso
775 2429 937 2473 quidem3
962 2440 998 2462 v.
1024 2427 1067 2462 P.
1090 2427 1292 2461 Mamilium
1318 2426 1365 2460 ad
1391 2425 1638 2460 Cluentianain
1664 2423 1696 2457 7.

303 2483 402 2518 Idem
429 2484 552 2517 vitium
577 2484 701 2518 Rivius
726 2485 842 2518 intulit
871 2484 960 2530 Top.
984 2484 1046 2525 20,
1072 2484 1144 2525 75.;
1171 2495 1192 2517 a
1218 2482 1383 2528 Zumptio
1410 2481 1516 2515 Verr.
1542 2481 1625 2513 Ace.
1651 2478 1694 2513 11.

302 2540 366 2582 32,
386 2539 440 2575 79.
466 2551 511 2575 ne
531 2541 666 2575 monito
686 2541 828 2586 quidem
850 2541 988 2575 lectore
1014 2540 1050 2574 id
1067 2541 1215 2574 retineri
1234 2540 1354 2573 miror.
1367 2558 1412 2563 —-
1437 2535 1693 2577 ascendisset]

303 2596 384 2630 libri
408 2597 486 2630 sine
512 2596 538 2630 d
562 2604 709 2642 praeter
732 2597 797 2643 Lg.
823 2598 845 2631 S
868 2609 919 2643 pr.
944 2608 989 2632 m.
1013 2616 1059 2621 ——-
1095 2596 1292 2642 facinore]
1323 2595 1467 2630 scelere
1491 2592 1557 2639 Lg.
1583 2591 1638 2625 39.

393 2651 526 2688 LXIX.
575 2654 651 2688 242.
705 2654 743 2689 (Ὗ.
772 2660 810 2689 el
829 2653 891 2698 L.]
916 2658 955 2688 et
978 2665 1047 2689 om.
1071 2654 1136 2699 Lg.
1163 2658 1309 2699 praeter
1328 2652 1381 2686 20.
1405 2651 1458 2685 39.
1482 2649 1536 2684 51.
1590 2645 1627 2681 C.
1654 2649 1691 2679 ec

304 2707 438 2744 Lelias
461 2709 528 2746 Gu.
555 2711 583 2746 l.
607 2728 653 2739 ν·-
689 2710 892 2758 Caepasii]
923 2710 1081 2756 Cepasiz·
1107 2710 1163 2747 ed.
1189 2720 1244 2756 pr.
1292 2709 1454 2755 caepasz·
1486 2705 1549 2749 Lg.
1574 2702 1607 2737 8.
1634 2701 1689 2738 58.
