1835 3126
278 153 409 200 240
803 148 1147 195 CICERONIS

279 272 321 306 ut
350 262 418 317 qui
450 259 616 302 audient
644 259 741 314 quid
772 261 994 312 efficiatur,
1026 276 1104 317 ego
1137 263 1261 304 etiam
1293 275 1365 304 cur
1393 262 1436 304 id
1465 260 1667 304 efficiatur

278 340 532 392 intellegam.
593 337 722 378 credit
750 336 816 378 his
848 352 953 393 quae
986 340 1171 381 dicuntur
1200 343 1267 396 qui
1299 341 1411 383 audit
1440 347 1664 382 oratorem:

276 431 379 460 vera
407 423 518 473 putat
551 416 774 456 assentitur
801 415 966 471 prohat3
997 416 1118 457 fidem
1148 417 1247 457 facit
1270 420 1415 460 oratio.
1475 418 1568 459 188.
1601 417 1667 458 Tu

281 496 430 538 artifex
469 494 566 549 quid
605 496 771 549 quaeris
812 494 1013 549 amplius?
1056 493 1283 535 delectatur
1322 496 1493 537 audiens
1532 496 1668 536 multi-

278 576 374 616 tudo
416 580 455 615 et
485 572 645 613 ducitur
683 574 869 613 oratione
911 578 950 612 et
981 573 1100 625 quasi
1129 571 1336 626 voluptate
1367 573 1544 626 quadam
1573 587 1666 629 per—

278 653 471 695 funditur.
532 650 628 705 quid
660 649 811 700 habes,
842 649 949 704 quod
975 649 1186 704 disputes?
1234 647 1394 690 Gaudet
1425 649 1535 691 dolet
1563 651 1668 693 ridet

278 731 413 787 plorat
450 729 560 770 favet
599 727 683 769 odit
725 728 945 769 contemnit
980 727 1134 768 invidet
1165 727 1219 768 ad
1247 727 1577 769 misericordiam
1606 730 1668 769 in-

281 810 462 858 ducitur,
509 806 562 848 ad
605 806 835 862 pudendum
880 805 933 846 ad
972 805 1221 861 pigendum3
1266 807 1459 848 irascitur
1501 807 1671 847 miratur

283 894 422 942 sperat
451 888 585 927 timet:
617 884 722 927 haec
752 884 921 940 perinde
954 884 1165 934 accidunt,
1195 890 1237 925 ut
1263 897 1404 926 eorum
1434 886 1502 939 qui
1529 890 1672 926 assunt

280 972 437 1007 mentes
475 962 615 1005 verbis
660 969 700 1004 et
737 963 951 1004 sententiis
993 969 1031 1003 et
1070 964 1230 1004 actione
1269 969 1508 1004 tractantur.
1573 961 1671 1018 quid

281 1051 343 1087 est
375 1042 482 1098 quod
512 1047 769 1096 exspectetur
799 1040 907 1082 docti
940 1040 1114 1082 alicuius
1147 1042 1377 1082 sententia?
1424 1040 1531 1096 quod
1562 1042 1669 1081 enim

279 1121 426 1176 probat
456 1118 687 1168 multitudo,
718 1117 797 1160 hoc
828 1118 937 1159 idem
965 1119 1096 1160 doctis
1126 1118 1379 1174 probandum
1407 1100 1484 1160 est.
1541 1117 1669 1159 Deni-
1722 1099 1724 1101 .

281 1183 482 1254 que-*hoc
528 1196 736 1250 specimen
780 1201 843 1235 est
884 1195 1096 1250 popularis
1144 1196 1298 1245 iudici,
1354 1197 1396 1236 in
1444 1210 1522 1250 quo
1567 1210 1669 1237 nun-

280 1289 400 1331 quam
431 1274 505 1315 fuit
534 1272 684 1328 populo
715 1285 804 1312 cum
836 1272 967 1313 doctis
998 1271 1417 1327 intellegentibusque
1446 1272 1667 1315 dissensio.

281 1353 375 1395 189.
415 1365 505 1394 cum
541 1349 654 1391 multi
689 1356 829 1390 essent
860 1358 1048 1390 oratores
1079 1351 1121 1390 in
1150 1352 1268 1391 vario
1300 1363 1454 1402 genere
1490 1351 1667 1400 dicendi,

279 1432 370 1486 quis
401 1441 579 1484 unquam
611 1441 662 1469 ex
690 1426 754 1468 his
786 1426 992 1469 excellere
1030 1427 1235 1468 iudicatus
1266 1433 1329 1468 est
1356 1426 1471 1481 volgi
1501 1428 1667 1478 iudicio,

279 1510 349 1564 qui
385 1521 468 1550 non
504 1507 611 1548 idem
649 1519 674 1547 a
704 1505 836 1547 doctis
872 1505 1146 1560 probaretur?
1207 1504 1383 1555 Quando
1424 1512 1559 1547 autem
1598 1506 1671 1547 du-

278 1587 389 1629 bium
432 1586 580 1627 fuisset
625 1583 732 1640 apud
776 1589 915 1639 patres
959 1590 1125 1626 nostros
1171 1583 1355 1637 eligendi
1401 1585 1466 1626 cui
1508 1586 1669 1639 patroni

279 1665 446 1707 daretur
483 1664 593 1720 optio
636 1663 734 1718 quin
775 1668 843 1703 aut
876 1661 1100 1704 Antonium
1140 1668 1299 1718 optaret
1336 1669 1405 1704 aut
1441 1661 1670 1705 Crassum?

366 1808 423 1834 187.
460 1806 596 1840 audient]
616 1807 743 1833 audiant.
760 1819 795 1828 -
823 1806 884 1842 llis]
905 1808 952 1834 iis.

281 1922 461 1965 audient]
487 1922 538 1955 sic
565 1918 634 1953 mei
662 1929 784 1952 omnes
810 1923 846 1952 et
871 1918 927 1952 ed.
954 1930 1026 1964 ρης
1062 1919 1229 1953 audiant
1254 1919 1339 1953 Ern.
1388 1919 1431 1953 V.
1455 1919 1595 1964 Explic.
1624 1919 1670 1954 ad

280 1980 352 2014 Cic.
387 1979 432 2012 de
461 1976 526 2011 Or.
562 1975 604 2009 H.
629 1975 691 2016 43,
720 1974 795 2008 182.
820 1994 865 1998 —
905 1975 1145 2019 intellefsam]
1179 1974 1244 2019 Lg.
1277 1975 1309 2009 S,
1344 1974 1398 2009 39.
1426 1975 1479 2010 51.
1524 1973 1600 2009 Ott.
1624 1995 1670 2000 —-

280 2035 407 2069 credit
426 2033 501 2076 his]
531 2032 582 2065 sic
610 2030 674 2075 Lg.
701 2035 847 2074 praeter
872 2030 946 2070 ⁶20„
973 2031 1058 2063 item
1085 2030 1151 2063 Gu.
1171 2033 1200 2065 l.
1230 2030 1323 2065 Ven.
1342 2032 1369 2064 l.

374 2101 447 2134 188.
496 2099 647 2141 assunt]
680 2099 732 2131 sic
764 2096 830 2141 Lg.
856 2096 911 2131 20.
941 2097 994 2131 56.
1023 2097 1076 2131 58.
1111 2097 1166 2131 68.
1194 2097 1247 2132 70.
1273 2117 1320 2121 —
1359 2099 1567 2137 irascitur,
1599 2100 1670 2132 mi-

279 2158 408 2199 ratur]
434 2155 619 2199 speciose,
652 2154 717 2187 sed
741 2153 914 2187 inutiliter
937 2153 1039 2187 Sch.:
1076 2156 1286 2193 irascitur,
1312 2155 1539 2198 miliyatur,
1575 2153 1670 2198 quod

278 2215 314 2248 in
342 2212 500 2248 Oratore
527 2216 643 2244 exstat
668 2222 696 2244 c.
726 2209 779 2243 38.
831 2208 930 2243 Idem
955 2216 1073 2243 tamen
1100 2215 1211 2243 totum
1235 2210 1352 2243 locum
1383 2209 1434 2242 sic
1460 2207 1670 2253 diffingebat

280 2270 469 2304 audacius:
495 2266 660 2313 (laudet,
690 2265 817 2305 dom,-
844 2265 968 2306 ridet,
988 2266 1152 2312 plorat5
1173 2265 1304 2310 favet,
1331 2265 1502 2305 inviclet3
1527 2265 1671 2310 diliyit,

282 2327 391 2365 eche,-
432 2324 675 2365 admiratur,
711 2325 933 2357 contemnit.
966 2342 1012 2346 —
1047 2323 1228 2368 perinde]
1264 2321 1431 2368 proinde
1463 2320 1671 2363 Lambinus,

280 2383 471 2427 probatum
498 2379 676 2425 Meyer-o.⁴
715 2380 759 2415 V.
786 2379 928 2424 Explic.
960 2378 1006 2412 ad
1030 2379 1075 2412 de
1100 2377 1163 2414 Or.
1190 2378 1247 2413 ΙΙΙ.
1273 2379 1337 2421 20,
1365 2378 1420 2411 74.
1446 2398 1490 2405 —-
1526 2377 1670 2411 intelle-

280 2437 551 2485 yentibusque]
578 2438 628 2471 sic
654 2436 717 2483 Lg.
744 2436 777 2471 8.
803 2436 856 2470 51.
895 2433 971 2470 Ott.

375 2505 448 2539 189.
499 2516 548 2538 ex
573 2503 647 2547 his]
683 2507 733 2539 iis
757 2503 823 2549 Lg.
847 2502 921 2546 56„
953 2508 991 2536 ut
1017 2501 1178 2537 Orellius
1203 2508 1239 2536 et
1262 2501 1439 2546 Meyerus
1468 2500 1561 2534 illius
1586 2510 1670 2544 pro-

280 2562 433 2598 nominis
458 2560 580 2595 hostes
605 2561 807 2596 voluerunt.
827 2580 872 2584 —
896 2559 1012 2606 volffl‘j
1039 2561 1090 2593 sic
1109 2559 1175 2604 Lg.
1201 2570 1325 2593 omnes
1353 2562 1500 2603 praeter
1525 2556 1579 2591 20.
1600 2554 1668 2597 56.‚

280 2620 366 2653 item
392 2616 467 2652 Ott.
495 2623 531 2651 et
558 2617 613 2652 ed.
640 2629 692 2663 pr.
715 2638 760 2642 —
799 2617 980 2660 aderant]
1009 2620 1051 2650 at
1076 2620 1187 2649 erant
1210 2615 1296 2650 Ern.
1324 2614 1406 2649 Sch.
1436 2618 1580 2658 praeter
1605 2622 1667 2644 ne-

283 2676 493 2710 cessitatem.
520 2694 565 2699 —
606 2675 716 2719 quin]
749 2685 800 2710 an
829 2673 916 2709 Ern.
948 2672 1042 2715 vult,
1076 2672 1256 2707 sententia
1290 2682 1363 2707 11011
1398 2669 1589 2705 intellecta.
1620 2684 1666 2692 ›—
