1835 3126
412 232 494 276 AD
528 232 642 276 CIC.
672 232 940 278 BRUTUM
973 235 1092 279 CAP.
1123 241 1190 281 46.
1377 239 1500 285 382

100 346 250 388 Latinis
278 349 481 386 testantem
509 344 624 386 affert
651 359 689 400 p.
719 347 818 388 5832
846 349 1042 402 aliamque
1070 349 1304 403 particulam
1327 363 1367 405 p.
1399 353 1496 394 318.

100 413 292 454 Carminis
328 412 372 450 de
409 413 481 451 dtis
517 414 747 454 mentionem
785 416 908 456 iniicit
942 418 1181 468 Augustinus
1220 417 1267 457 de
1306 419 1389 460 Civ.
1419 419 1496 460 Dei

98 479 178 521 VII.
209 482 248 520 9.
287 479 536 532 eiusdemque
575 492 710 522 versus
742 483 892 535 aliquot
920 483 1105 534 leguntur
1130 481 1182 522 'in
1211 485 1369 525 Anthol.
1400 486 1492 526 Lat.

95 551 122 586 t.
150 547 180 586 I.
206 559 244 598 p.
268 548 307 587 9.
352 547 436 587 Hoc
465 559 620 587 carmen
639 542 919 589 Ἐποπτίδων
948 550 1102 589 nomine
1130 550 1358 603 inscriptum
1388 563 1494 592 com-

94 614 303 653 memorari
329 626 354 652 a
382 614 511 654 Plinio
540 615 580 653 in
610 614 857 666 praefatione
886 615 1076 657 historiae
1105 617 1297 657 naturalis
1326 629 1402 658 non
1431 619 1494 658 in-

93 679 207 719 ficeta
243 681 466 721 coniectura
494 680 664 721 videtur:
705 681 895 733 siquidem
925 679 1128 737 ἐπόπτης
1159 689 1196 723 et
1226 680 1494 726 ἐποπτεύειν

97 747 256 787 Graecis
293 747 340 786 de
378 747 483 787 cultu
514 747 687 787 Deorum
717 760 862 789 arcano
895 754 932 789 et
962 750 1182 790 cerimoniis
1211 752 1381 802 mysticis
1414 751 1493 792 dici

94 813 207 853 solet.
261 814 438 854 Soranus
467 826 491 853 a
514 814 703 866 Pompeio
733 815 959 855 interfectus
985 828 1070 856 esse
1098 817 1238 857 dicitur
1266 818 1373 858 hello
1398 819 1493 859 Sul-

91 880 204 920 lano:
235 893 271 921 v.
296 880 399 920 Plut.
422 881 558 934 Pomp.
585 893 616 921 c.
645 883 718 930 103
749 882 817 922 sed
843 883 1010 935 Oppium
1035 882 1219 924 Caesaris
1244 883 1493 934 familiarem,

94 959 206 1000 quem
223 953 420 987 auctorem
438 947 563 998 affert,
584 948 631 988 de
646 948 764 988 rebus
779 949 958 1001 Pompeii
974 949 1226 989 disserentem
1241 949 1316 989 fide
1332 950 1491 1001 dignum

92 1026 179 1054 esse
208 1015 293 1067 ipse
315 1015 547 1055 Plutarchus
577 1019 711 1066 negat.
755 1015 930 1055 Eundem
960 1015 1098 1055 fabula
1122 1020 1180 1054 est
1201 1021 1362 1068 repente
1385 1027 1491 1055 mor-

90 1086 214 1130 tuum,
246 1080 349 1133 quod
378 1092 517 1120 nomen
546 1092 730 1120 arcanum
757 1081 907 1121 Romae
937 1086 1043 1122 esset
1072 1081 1270 1130 elocutus,
1307 1095 1343 1123 v.
1373 1082 1489 1124 Varr.

89 1160 153 1200 ap.
193 1148 304 1188 Serv.
340 1147 381 1186 in
419 1147 516 1187 Aen.
546 1147 575 1187 I.
607 1150 702 1188 277.
746 1148 848 1189 Plin.
876 1148 975 1189 Hist.
1005 1148 1074 1189 ΠΙ.
1104 1148 1153 1197 5,
1183 1148 1251 1189 65.
1290 1154 1328 1188 et
1363 1160 1413 1188 ex
1442 1160 1489 1189 eo

90 1215 268 1256 Solinum
297 1226 330 1254 c.
365 1216 421 1263 1.,
459 1214 550 1254 item
587 1214 840 1255 Plutarchum
868 1216 1027 1266 Quaest.
1057 1216 1168 1256 Rom.
1199 1227 1238 1268 p.
1272 1216 1353 1255 347
1383 1215 1490 1255 Hutt.

89 1281 203 1335 Apud
232 1282 332 1321 hunc
362 1286 490 1320 autem
518 1281 559 1320 in
588 1281 672 1322 Cat.
703 1283 803 1323 Min.
836 1284 902 1324 16.
945 1278 1168 1337 Σερρανός
1197 1281 1491 1332 corrigendum3

91 1354 148 1389 est
185 1349 286 1388 enim
323 1360 372 1388 ex
398 1348 549 1397 Atiliis‚
589 1349 697 1388 cuius
728 1348 849 1390 filiam
880 1350 978 1391 Cato
1015 1360 1178 1389 uxorem
1215 1348 1341 1388 duxit:
1382 1360 1491 1388 men-

88 1415 183 1456 dose
212 1414 483 1455 circumfertur
508 1410 728 1466 Σωρανός.

203 1484 247 1519 Τ.
279 1483 457 1519 Betucius
487 1481 648 1530 Barrus]
688 1480 789 1520 idem
818 1481 964 1528 fertur,
1006 1481 1073 1532 qui
1105 1480 1279 1530 virgines
1309 1480 1491 1522 Vestales

87 1548 240 1590 vitiavit
261 1560 297 1587 a.
314 1549 418 1588 640:
443 1560 479 1588 v.
505 1547 591 1587 Liv.
608 1547 711 1599 Epit.
728 1547 869 1587 LXIII.
911 1547 1044 1588 Schol.
1061 1547 1156 1587 Hor.
1174 1547 1300 1587 Serm.
1315 1547 1346 1587 Ι.
1363 1549 1401 1596 6,
1420 1548 1489 1589 30.

87 1616 295 1656 Famosum
310 1619 472 1668 propter
487 1613 683 1654 adulteria
696 1613 817 1654 fuisse
836 1626 1008 1662 necesse,
1034 1614 1067 1653 si
1084 1614 1238 1666 quidem
1255 1614 1304 1653 ab
1320 1614 1486 1655 Horatio

89 1683 205 1723 etiam
232 1688 321 1735 post
351 1687 409 1722 tot
440 1693 561 1721 annos
591 1693 664 1733 pro
697 1681 875 1733 exemplo
905 1681 1080 1721 libidinis
1109 1681 1204 1733 poni
1233 1681 1370 1733 potuit.

202 1755 333 1788 contra
358 1748 590 1799 Caepionem]
614 1748 735 1787 Drusi
757 1749 902 1788 tribuni
926 1748 1161 1788 familiarem
1187 1753 1224 1787 et
1248 1760 1340 1788 mox
1359 1747 1489 1787 inimi-

89 1829 197 1864 cum,
223 1829 248 1856 a
275 1828 439 1868 quorum
460 1815 701 1855 dissensione
722 1815 869 1855 bellum
890 1815 1068 1855 Italicum
1090 1815 1300 1866 repetitur:
1323 1827 1360 1855 v.
1383 1814 1489 1856 Ptin.

86 1885 134 1925 H.
165 1883 212 1923 N.
242 1882 428 1923 XXXIII.
457 1884 500 1929 1,
525 1884 564 1922 6.
611 1882 758 1934 Caepio
783 1882 974 1923 Scaurum
1002 1881 1094 1932 lege
1120 1881 1244 1922 Varia
1274 1880 1488 1929 accusavit,

89 1951 196 1990 cuius
228 1950 417 1990 orationis
447 1948 641 2000 reliquiae
670 1953 758 1988 sunt
788 1947 893 2001 apud
923 1948 1142 1988 Chai-isium
1171 1959 1210 2000 p.
1242 1949 1336 1987 174.
1369 1948 1489 1996 198.;

87 2017 193 2057 bello
230 2016 368 2056 Italico
406 2015 562 2066 legatus
591 2015 636 2056 P.
665 2016 769 2068 Lupi
806 2015 976 2055 consulis
1017 2014 1158 2055 cecidit
1191 2027 1228 2055 a.
1259 2014 1359 2062 665,
1396 2013 1486 2054 Liv.

88 2085 178 2137 epit.
208 2083 388 2124 LXXIII.
427 2083 523 2124 Eius
552 2083 783 2123 mentionem
808 2083 929 2122 habet
958 2081 1096 2122 Cicero
1126 2081 1248 2120 Bruto
1281 2082 1357 2129 62,
1387 2080 1484 2119 223.

88 2155 136 2189 L.
166 2151 298 2188 Aelius
328 2151 445 2195 Stilo,
478 2150 544 2201 qui
565 2150 831 2189 Praeconinus
864 2148 987 2188 dictus
1019 2152 1093 2196 est,
1124 2146 1229 2199 quod
1258 2151 1372 2199 pater
1401 2147 1486 2186 eius

86 2218 340 2271 praeconium
364 2217 522 2256 fecisset
547 2215 674 2266 (Suet.
700 2216 757 2255 ill.
783 2228 842 2267 gr.
871 2215 952 2266 2.);
977 2215 1091 2254 homo
1116 2213 1272 2262 doctus,
1293 2213 1485 2255 Varronis

90 2285 278 2335 magister
315 2288 352 2323 et
382 2283 603 2331 Ciceronis,
645 2284 712 2335 qui
752 2283 799 2323 de
833 2283 959 2323 literis
1000 2282 1083 2320 eius
1120 2281 1300 2320 eximiam
1327 2279 1485 2320 laudem

87 2352 205 2392 habet
235 2363 266 2390 c.
296 2350 372 2399 56,
398 2351 493 2391 205.
532 2350 654 2391 Acad.
683 2350 713 2390 I.
738 2353 787 2397 2,
811 2351 850 2390 8.
899 2348 994 2390 cum
1021 2347 1239 2388 hominibus
1262 2347 1485 2388 diversissi-

88 2430 175 2459 mae
205 2419 344 2458 aetatis
373 2418 490 2466 vixit,
521 2417 675 2458 Lucilio
705 2422 823 2470 poe'ta
846 2415 1012 2457 Metello
1035 2414 1239 2454 Numidico
1272 2414 1318 2455 L.
1344 2413 1484 2455 Caelio

87 2486 274 2526 historico
298 2485 485 2537 Pompeio
512 2485 726 2532 Cicerone3
755 2489 799 2524 ut
826 2483 877 2523 ad
903 2487 1113 2522 extremam
1135 2486 1369 2522 senectutem
1391 2492 1486 2533 per-

87 2554 241 2595 venisse
280 2552 471 2593 videatur.
531 2552 700 2604 Scripsit
728 2551 775 2591 de
804 2550 1061 2602 grammatica
1088 2550 1253 2597 Latina,
1296 2548 1364 2600 qui
1391 2546 1487 2586 libri

90 2620 286 2671 eidemfde
318 2620 456 2671 lingua
478 2619 622 2660 Latina
645 2618 839 2667 dicuntur,
873 2629 1036 2671 quorum
1062 2620 1100 2655 et
1127 2616 1269 2655 mentio
1299 2614 1485 2666 frequens

90 2694 128 2729 et
147 2689 342 2741 reliquiae
366 2686 556 2740 quaedam
581 2690 733 2726 exstant
757 2686 861 2739 apud
886 2684 986 2726 Gell.
1001 2683 1031 2722 1.
1050 2684 1115 2723 18.
1152 2683 1216 2724 VI.
1236 2681 1300 2722 15.
1337 2681 1388 2721 X.
1405 2681 1488 2728 21.,

89 2756 251 2807 Quintil.
282 2756 311 2797 Ι.
342 2757 388 2804 6,
420 2756 507 2804 37.,
540 2754 756 2796 Varronem
781 2754 881 2794 locis
910 2750 1108 2806 plurimis,
1132 2749 1289 2790 Festum
1317 2760 1356 2801 p.
1390 2747 1485 2788 167.

1110 2825 1166 2867 25
1184 2828 1205 2850 ‘⁸‘
