1835 3126
401 254 482 297 AD
517 253 631 297 CIG.
662 253 924 298 BRUTUM
957 256 1075 298 CAP.
1110 257 1173 299 16.
1367 258 1479 303 351

97 367 295 409 CCXXX:
326 379 418 407 vere
446 368 568 419 igitur
597 368 755 417 Cicero;
785 382 819 410 v.
850 369 1118 412 Westermann
1148 371 1244 410 Hist.
1273 370 1388 422 Eloq.
1415 371 1479 411 Gr.

95 447 132 487 p.
162 435 256 474 281.
289 446 373 486 sqq.

202 506 296 538 certe
323 501 482 538 Athenis
514 502 637 551 natus]
680 502 752 550 „id
793 503 925 552 arguit
963 503 1118 542 criticos
1159 502 1207 541 de
1238 502 1328 542 sede
1358 503 1481 542 natali

90 567 233 617 Lysiae
259 567 505 615 dissensisse3
530 580 600 607 nec
622 574 779 622 praeter
803 570 1029 610 Ciceronem
1051 574 1087 608 et
1109 568 1337 620 Dionysium
1359 569 1480 609 Iudic.

92 632 139 671 de
169 634 259 684 Lys.
295 636 328 673 1.
371 639 526 674 exstare
566 635 718 675 videtur
749 637 814 688 qni
843 636 986 675 diserte
1023 636 1123 674 hunc
1151 636 1312 676 Athenis
1347 641 1479 675 natum

90 699 356 750 prodiderit.“
415 703 648 749 Bernhardy.

201 767 352 813 functus
389 771 489 806 omni
525 772 659 807 civium
690 769 850 818 mamre]
888 769 1147 809 Schneiderus
1178 772 1215 806 ὣ
1244 768 1478 808 Niebuhrius

88 832 165 872 vol.
182 832 230 872 11.
254 846 292 885 p.
311 835 378 874 60.
406 834 452 873 de
481 830 702 890 ἰσοτελείᾳ
724 849 756 875 s.
781 839 980 885 πηιηὶοὶρῐο
1003 837 1316 887 interpretantur,
1339 836 1478 886 Meye-

88 911 154 938 rus
195 897 244 938 de
280 901 457 952 partibus
482 902 627 952 Lysiae
662 902 701 940 in
740 902 979 940 restituenda
1019 914 1067 941 ex
1107 903 1269 952 triginta
1307 903 1479 942 virorum

89 964 350 1006 dominatione
379 979 423 1007 re
452 968 631 1019 puhlica;
662 979 738 1006 non
768 966 921 1005 definio.

199 1036 307 1082 quast
332 1036 483 1070 Licinia
509 1039 543 1070 ct
556 1036 688 1070 Mucia
712 1032 798 1080 Iege]
832 1033 999 1071 Crassus
1022 1037 1058 1071 et
1075 1031 1270 1072 Scaevola
1297 1031 1476 1071 consules

87 1110 123 1137 a.
149 1099 232 1138 659
259 1098 350 1147 lege
380 1110 452 1136 sua
484 1099 673 1138 cavebant
706 1109 754 1137 ne
785 1098 870 1149 quis
901 1110 942 1137 se
977 1109 1048 1149 pro
1080 1099 1163 1139 cive
1192 1103 1367 1148 gereret,
1411 1098 1477 1149 qui

85 1164 178 1203 civis
213 1175 290 1202 non
321 1169 439 1210 esset3
471 1176 548 1215 qua
577 1164 667 1215 lege
697 1176 859 1215 magnus
889 1165 1082 1204 sociorum
1111 1177 1289 1204 numerus
1318 1165 1358 1202 in
1385 1176 1477 1203 suas

86 1229 259 1269 civitates
297 1231 481 1269 remissus
520 1236 588 1270 est.
647 1231 836 1271 Similiter
874 1231 1055 1270 Timaeus
1092 1232 1249 1282 Lysiam
1288 1231 1401 1282 quasi
1435 1231 1477 1270 in

84 1297 251 1347 patriam
294 1309 401 1335 suam
431 1298 666 1344 revocabat,
703 1297 729 1335 i.
760 1308 792 1336 e.
825 1297 1113 1347 Syracusanum
1144 1309 1229 1336 esse
1265 1297 1476 1346 iudicabat,

86 1375 169 1402 cum
210 1364 292 1402 eius
332 1369 445 1415 pater
474 1363 670 1415 Cephalus
700 1368 860 1402 auctore
892 1364 1044 1404 Pericle
1073 1364 1244 1404 Athenas
1274 1364 1476 1415 immigra-

83 1429 202 1469 visset
230 1430 361 1481 ibique
390 1430 570 1481 inquilini
598 1431 683 1469 iure
711 1431 870 1470 viveret.

194 1496 262 1534 64.
320 1496 428 1534 habet
464 1518 520 1524 —
559 1496 757 1546 studiosos]
803 1498 862 1536 his
900 1497 1099 1549 praeludit
1135 1496 1388 1549 disputationi
1425 1495 1474 1537 de

82 1562 188 1602 falsa
201 1563 417 1603 Atticorum
438 1563 664 1611 imitatione,
691 1576 806 1616 qnam
822 1564 978 1603 uberius
1000 1570 1226 1616 persecutus
1250 1569 1307 1603 est
1330 1575 1363 1603 c.
1383 1565 1474 1612 825

83 1628 241 1669 eandem
278 1630 418 1669 leniter
446 1631 573 1681 tangit
604 1631 644 1669 in
675 1631 782 1671 Orat.
809 1632 848 1671 9.
908 1631 1005 1670 Hinc
1035 1632 1187 1670 minime
1215 1629 1387 1670 absurda
1417 1635 1475 1670 est

80 1696 325 1747 Bernhardyi
354 1698 545 1737 sententia
574 1698 717 1737 factum
746 1697 787 1737 id
811 1709 901 1748 'esse
932 1710 956 1737 a
987 1698 1176 1738 Cicerone
1208 1702 1370 1749 propter
1398 1697 1473 1735 ini-

81 1764 305 1814 quissimam
334 1763 443 1802 illam
471 1764 578 1803 litem
608 1764 655 1803 de
684 1765 905 1816 principatu
935 1765 1203 1816 eloquentiae,
1245 1775 1360 1814 quam
1390 1775 1473 1802 cum

82 1829 205 1870 Calvo
231 1831 391 1882 eiusque
413 1831 574 1870 aemulis
598 1832 785 1870 tenuioris
809 1831 988 1870 atticismi
1005 1831 1262 1870 sectatoribus
1278 1830 1471 1868 habuerit.

194 1897 336 1947 lacerti]
370 1909 452 1937 cum
481 1899 640 1949 proprie
670 1896 888 1948 significent
916 1897 1108 1936 musculos
1131 1897 1380 1935 brachiorum
1402 1907 1471 1936 ex-

79 1975 237 2015 pressos
276 1965 432 2004 roboris
472 1964 643 2014 signum,
688 1964 854 2002 maxime
894 1964 1152 2003 exercitorum
1189 1963 1386 2012 dicuntur,
1430 1968 1473 2002 ut

79 2029 257 2068 militum:
297 2033 370 2068 tori
400 2035 528 2070 autem
557 2031 582 2070 i.
615 2043 648 2071 e.
679 2031 840 2070 musculi
868 2035 1126 2070 tomentorum
1154 2030 1277 2068 instar
1308 2029 1355 2087 de
1385 2034 1471 2068 cute

79 2096 286 2136 eminentes
322 2097 573 2146 athletarum,
613 2099 680 2149 qui
715 2097 845 2137 dedita
884 2108 1006 2148 opera
1046 2108 1124 2135 non
1163 2108 1304 2147 corpus
1337 2101 1469 2144 totum,

79 2163 145 2202 sed
182 2164 258 2203 vim
287 2164 534 2203 brachiorum
575 2170 613 2203 et
643 2176 796 2203 crurum
826 2163 1107 2202 exercitabant:
1147 2163 1195 2202 cf.
1229 2163 1387 2203 Gesner.
1419 2162 1469 2201 ad

78 2230 238 2279 Quintil.
254 2229 354 2270 VIII.
379 2242 552 2281 prooem.
572 2232 635 2269 19.
667 2230 818 2269 Ruhnk.
841 2229 891 2268 ad
909 2228 1073 2268 Rutil.1.
1097 2241 1135 2280 p.
1152 2230 1190 2268 6.
1222 2228 1467 2270 Wernsdorf.

77 2297 117 2334 in
142 2295 242 2345 eleg.
274 2296 313 2334 in
339 2296 518 2336 Maecen.
548 2302 651 2348 poe't.
682 2297 768 2336 Lat.
798 2296 886 2334 min.
918 2293 996 2335 vol.
1017 2295 1083 2334 III.
1113 2307 1150 2346 p.
1177 2297 1269 2335 167.
1314 2296 1466 2335 Ernest.

76 2363 117 2402 in
155 2362 255 2402 Plin.
286 2362 386 2414 Epp.
418 2363 462 2404 V.
499 2363 545 2411 S,
581 2365 619 2403 9.
678 2365 859 2400 Lacertos
898 2362 1059 2401 militum
1099 2364 1192 2399 toris
1232 2361 1467 2400 athletarum

78 2429 260 2481 opposuit
284 2429 444 2478 Quintil.
470 2430 520 2469 X.
548 2432 584 2477 1,
607 2431 673 2469 33.
718 2429 946 2480 Quanquam
970 2429 1085 2468 etiam
1110 2428 1186 2467 tori
1209 2440 1282 2480 pro
1306 2428 1466 2468 lacertis

77 2495 256 2535 dicuntur
291 2496 414 2535 eidem
445 2497 544 2538 VIII.
572 2498 617 2545 3,
650 2498 713 2536 10.
775 2496 938 2535 Tralate
975 2497 1106 2534 lacerti
1142 2495 1219 2535 vim
1259 2506 1305 2534 ac
1345 2495 1467 2534 robur

77 2562 229 2603 dicendi
268 2563 382 2604 virile
425 2563 654 2615 significant.
713 2563 804 2611 Hic,
845 2574 928 2602 cum
966 2563 1170 2603 vehemens
1209 2566 1247 2600 et
1275 2560 1464 2601 movendo

77 2629 246 2670 auditori
279 2631 445 2669 intentus
482 2635 616 2670 orator
644 2630 784 2681 Lysias
814 2642 890 2669 non
932 2630 999 2678 sit,
1043 2627 1288 2668 referendum
1327 2632 1387 2666 est
1414 2626 1465 2666 ad

76 2697 264 2737 sermonis
307 2698 585 2750 proprietatem
622 2703 659 2738 et
696 2697 967 2737 maturitatem.
1036 2696 1184 2736 Rursus
1223 2707 1311 2731 caro
1350 2694 1464 2745 quasi

75 2764 194 2803 nimia
225 2764 420 2816 pinguedo
456 2765 614 2806 lacertis
646 2764 844 2805 contraria
873 2768 952 2812 est;
991 2774 1113 2816 quare
1141 2760 1380 2814 Quintiliano
1409 2760 1459 2801 X.
