1835 3126
362 174 558 218 BREVIS
591 172 985 228 ELOQUENTIAE
1017 175 1151 220 ROM.
1183 175 1326 220 HIST.
1469 180 1544 224 42

155 289 272 338 dixit,
302 289 365 329 cui
395 289 581 329 creditum
608 301 686 330 non
715 300 802 329 esse
823 295 985 342 propter
1009 290 1149 331 Scauri
1171 292 1382 345 potentiam
1405 291 1544 332 Cicero

151 357 274 396 refert
290 354 383 407 (⁸³);
416 356 589 396 Marium
615 356 820 396 adversum
847 355 1087 409 halJ1iit(S⁴);
1127 359 1426 411 repetundarum
1454 372 1545 399 reus

154 435 204 462 ex
236 423 389 471 Gallia,
426 428 468 462 ut
497 423 670 472 videtur,
711 424 837 464 factus
876 430 933 465 est
968 437 992 464 a
1020 427 1077 466 M.
1106 426 1248 474 Bruto,
1288 427 1395 466 cuius
1428 439 1544 466 accu-

153 491 315 530 sationis
354 490 592 531 factitandae
625 503 770 531 morem
801 497 837 531 et
865 497 1066 544 quaestum
1092 493 1221 532 multis
1250 493 1348 533 locis
1379 494 1545 544 agitavit

153 556 292 597 Cicero
310 555 400 608 (⁸⁵);
431 570 455 596 a
486 558 556 598 Cn.
578 559 748 598 Domitio
779 559 996 611 postulatus
1029 565 1106 607 est,
1139 559 1243 612 quod
1269 561 1391 612 ipsius
1423 572 1545 613 opera

152 624 272 663 multa
303 637 418 664 sacra
450 624 588 677 populi
616 626 782 666 Romani
811 626 1020 666 obliterata
1050 632 1115 666 aut
1140 638 1278 667 eversa
1309 633 1434 667 essent
1452 625 1544 677 (⁵⁰);

154 691 318 730 alterum
350 692 649 743 repetundarum
678 693 859 732 iudicium
889 693 1006 732 subiit
1034 699 1195 745 propter
1222 695 1366 733 famam
1397 696 1542 734 Asiati-

153 769 224 797 cae
265 758 479 809 legationis
517 760 640 798 minus
678 760 899 806 honestam,
943 760 1051 798 cuius
1089 771 1175 798 cum
1208 760 1323 797 etiam
1354 760 1398 800 C.
1428 761 1544 801 Cotta

150 830 239 864 tunc
268 826 504 863 tribunatum
533 830 666 876 petens
701 836 861 864 consors
890 824 1017 863 factus
1048 830 1167 872 esset,
1204 825 1237 863 is
1266 824 1419 875 quidem
1446 828 1544 867 urbe

150 890 289 930 cedere
326 896 483 930 coactus
527 896 602 938 est,
642 890 815 931 Scaurus
851 895 978 929 autem
1017 891 1140 931 evasit
1180 885 1544 947 ἅντικατηγορίαν

151 956 343 1009 Caepioni
372 957 497 996 actori
525 956 757 997 intendendo
775 954 868 1007 (⁸⁷);
903 956 1068 1009 denique
1096 957 1188 1008 lege
1212 957 1334 998 Varia
1360 959 1543 1000 iudicium

148 1023 282 1072 subiit,
311 1036 389 1076 qua
421 1024 684 1075 quaerebatur
712 1025 753 1064 in
777 1035 865 1074 eos,
893 1036 1062 1077 quorum
1085 1036 1208 1077 opera
1237 1025 1335 1065 socii
1359 1025 1410 1065 ad
1434 1039 1543 1067 arma

148 1090 226 1130 acti
252 1096 380 1130 essent
396 1088 478 1142 (8⁸).

259 1157 347 1197 Non
375 1158 607 1198 ineruditum
631 1158 753 1199 fuisse
777 1158 986 1207 Scaurum,
1019 1157 1091 1198 etsi
1112 1170 1189 1198 non
1213 1157 1414 1199 Ciceronis
1436 1173 1544 1201 more

149 1238 279 1267 omnes
312 1227 552 1269 Graecorum
591 1230 695 1265 artes
728 1225 1035 1278 complectentis,
1076 1230 1113 1265 et
1146 1226 1230 1266 veri
1259 1227 1384 1266 simile
1414 1232 1472 1267 est
1507 1233 1545 1267 et

149 1305 199 1333 ex
234 1294 390 1346 scriptis
429 1294 531 1334 effici
564 1292 728 1334 videtur.
788 1292 956 1344 Scripsit
994 1292 1093 1331 enim
1122 1292 1419 1344 Xenophontem
1456 1295 1543 1334 imi-

147 1365 250 1399 tatus
292 1366 371 1401 tres
407 1361 454 1401 de
491 1361 573 1402 vita
609 1372 680 1399 sua
717 1358 768 1398 ad
804 1359 850 1398 L.
887 1358 1078 1399 Fufidium
1120 1359 1264 1407 libro&
1305 1372 1423 1411 quoS‚
1459 1373 1542 1401 cum

149 1427 243 1477 Cyri
272 1427 479 1479 disciplina
515 1427 635 1477 longe
664 1425 843 1466 utiliores
874 1426 969 1473 sint,
1013 1438 1038 1464 a
1065 1426 1323 1477 popularibus
1352 1428 1431 1466 suis
1464 1440 1542 1468 non

147 1492 230 1543 legi
258 1494 344 1533 iure
374 1495 549 1545 queritur
577 1494 714 1533 Cicero
737 1490 821 1541 (⁸⁹).
879 1491 1035 1532 Laudes
1071 1494 1153 1531 eius
1183 1493 1400 1541 oratorias,
1443 1507 1541 1546 quo-

148 1560 251 1598 niam
274 1566 432 1612 praeter
461 1561 689 1601 Ciceronem
708 1557 775 1610 (9⁰)
792 1565 927 1599 testem
943 1571 1019 1598 non
1035 1558 1198 1606 hahent,
1225 1561 1362 1610 paucis
1379 1562 1542 1602 tractari

147 1632 321 1678 possunt.
381 1628 609 1668 Ciceronem
646 1628 745 1667 enim
781 1626 1001 1677 legentibus
1040 1626 1277 1677 perspicitur
1307 1627 1380 1667 viri
1419 1629 1460 1667 in
1497 1641 1541 1670 re

240 1746 300 1789 83)
322 1747 395 1782 Cic,
413 1757 445 1791 p.
459 1746 610 1780 Fonteio
625 1758 654 1781 c.
667 1746 698 1781 7.
800 1745 859 1789 84)
879 1745 953 1781 Cic.
968 1744 1014 1779 de
1028 1756 1131 1790 prov.
1144 1756 1233 1779 coss.
1245 1746 1279 1780 8.
1371 1745 1432 1790 85)
1454 1746 1541 1782 Eius

149 1803 322 1836 orationis
342 1803 519 1847 particula
544 1802 718 1847 quaedam
745 1803 841 1848 apud
859 1802 1059 1837 Charisium
1083 1802 1214 1847 legitur
1239 1813 1273 1846 p.
1300 1801 1375 1837 103.
1402 1809 1438 1837 et
1465 1804 1539 1840 187.

148 1857 192 1892 cf.
215 1857 287 1893 Cic.
315 1869 349 1903 p.
368 1858 508 1893 Scauro
534 1871 570 1904 p.
591 1859 667 1894 130.
694 1870 727 1904 p.
748 1858 901 1893 Fonteio
925 1858 977 1893 13.
1093 1857 1152 1901 86)
1172 1858 1349 1893 Asconius
1376 1859 1410 1893 in
1430 1871 1483 1894 or.
1504 1872 1538 1905 p.

148 1913 287 1948 Scauro
304 1926 340 1960 p.
364 1915 440 1951 130.
476 1915 549 1951 Cic.
566 1927 600 1961 p.
619 1915 744 1951 Deiot.
767 1915 819 1951 ll.
854 1915 936 1950 val.
957 1914 1061 1952 Max.
1081 1914 1143 1949 VI.
1162 1914 1192 1957 5,
1211 1914 1241 1948 5.
1268 1914 1364 1951 VIII.
1383 1916 1416 1959 5,
1435 1916 1467 1950 2.
1508 1917 1540 1952 Is

146 1970 192 2005 de
209 1970 360 2005 Domitii
379 1973 512 2007 actoris
531 1972 690 2007 candore
710 1978 746 2007 et
761 1972 895 2007 iustitia
910 1972 1043 2007 retulit.
1071 1972 1162 2006 Acta
1180 1982 1290 2005 causa
1306 1971 1345 2006 C.
1360 1971 1537 2010 MarioII.

145 2026 185 2062 C.
207 2027 336 2062 Flavio
362 2028 523 2063 Fimbria
548 2041 638 2064 coss.
664 2041 695 2065 a.
720 2041 754 2064 u.
772 2029 851 2064 650.
970 2029 1030 2072 87)
1065 2027 1271 2063 Serviliana
1295 2028 1389 2062 actio
1416 2029 1541 2065 incidit

145 2084 182 2118 in
209 2085 433 2120 consulatum
457 2085 501 2120 L.
526 2085 689 2132 Philippi
725 2091 762 2120 et
792 2085 877 2120 Sex.
904 2085 1073 2121 Caesaris
1105 2096 1135 2119 a.
1160 2084 1246 2119 663:
1278 2097 1313 2119 v.
1340 2085 1470 2121 Ascon.
1502 2087 1538 2121 in

147 2140 272 2175 Scaur.
298 2153 333 2186 p.
354 2141 429 2177 131.
479 2142 538 2176 Ex
559 2142 703 2176 actione
727 2142 890 2176 secunda
914 2142 950 2175 in
977 2141 1023 2178 Q.
1044 2141 1266 2185 Caepionem
1290 2141 1404 2175 verba
1430 2153 1538 2185 quae-

145 2196 226 2230 dam
250 2198 413 2232 servavit
434 2198 572 2233 Charis.
599 2210 633 2242 p.
653 2198 728 2232 120.
766 2197 809 2231 cs.
832 2197 905 2232 Cic.
930 2207 965 2240 p.
988 2197 1126 2230 Scauro
1152 2196 1175 2230 l.
1196 2207 1224 2229 c.
1345 2196 1405 2240 88)
1430 2198 1537 2233 Actio

145 2251 227 2298 lege
254 2252 368 2287 Varia
393 2264 466 2288 non
492 2260 577 2288 ante
605 2253 847 2288 Servilianam
876 2252 1047 2297 ponenda
1071 2256 1145 2294 est,
1179 2257 1217 2286 ut
1244 2249 1330 2285 facit
1356 2254 1537 2290 Asconius

144 2308 168 2342 l.
190 2320 241 2351 c.‚
266 2309 331 2343 sed
356 2316 458 2356 gesta
484 2322 542 2345 res
568 2311 648 2356 ipso
674 2310 771 2344 bello
797 2309 920 2343 Italico
947 2307 1125 2354 flagrante
1148 2319 1181 2343 a.
1206 2307 1291 2350 664,
1317 2307 1359 2343 L.
1378 2310 1536 2347 Caesare

144 2364 190 2400 P.
216 2365 352 2400 Rutilio
378 2365 485 2412 Lupo
516 2367 734 2402 consulibus.
782 2365 1011 2410 Responsum
1039 2364 1279 2410 Iphicrateum
1306 2365 1356 2409 (v.
1382 2366 1534 2402 Aristot.

144 2420 251 2456 Rhet.
274 2421 316 2457 II.
339 2434 372 2467 p.
393 2423 490 2458 1398.
516 2424 572 2458 ed.
587 2423 743 2467 Bekk.)‚
770 2433 841 2467 quo
860 2422 1015 2457 Scaurus
1040 2421 1304 2456 accusationem
1330 2422 1455 2467 elusit,
1480 2435 1536 2459 reo

145 2478 304 2512 tulerunt
333 2480 512 2515 Asconius
543 2480 590 2514 ad
614 2480 740 2515 Scaur.
768 2492 803 2525 p.
829 2479 884 2513 22.
911 2477 976 2514 Or.
1017 2478 1168 2516 Quintil.
1194 2477 1240 2514 V.
1268 2477 1329 2522 12,
1358 2479 1409 2515 10.
1451 2480 1533 2517 Val.

143 2533 246 2569 Max.
267 2534 327 2570 III.
347 2536 380 2578 7,
399 2535 433 2571 8.
470 2536 597 2571 Victor
622 2548 650 2572 c.
671 2537 725 2573 72.
776 2538 944 2572 Ceterum
963 2534 1138 2581 Meyerus
1161 2546 1197 2580 p.
1219 2534 1298 2570 255.
1322 2547 1396 2570 non
1416 2537 1535 2572 nullas

143 2591 272 2626 Scauri
307 2594 491 2628 orationes
516 2600 713 2637 memorat,
747 2594 793 2628 de
826 2593 953 2640 quibus
985 2603 1058 2627 non
1085 2591 1322 2627 constatsnisi
1351 2604 1398 2627 ex
1425 2593 1533 2628 rebus

142 2649 220 2683 eius
243 2649 370 2695 gestis:
395 2650 521 2685 harum
547 2651 653 2696 igitur
676 2651 821 2687 nomina
843 2660 1031 2697 apponere
1054 2648 1226 2685 dubitavi.
1343 2649 1401 2693 89)
1427 2648 1530 2685 Brut.

141 2703 206 2747 29,
231 2705 306 2740 112.
429 2706 489 2751 90)
518 2707 593 2745 Cic.
619 2708 641 2743 1.
667 2720 697 2745 c.
