<?xml version="1.0" encoding="UTF-8"?>
<!DOCTYPE html PUBLIC "-//W3C//DTD XHTML 1.0 Transitional//EN"
    "http://www.w3.org/TR/xhtml1/DTD/xhtml1-transitional.dtd">
<html xmlns="http://www.w3.org/1999/xhtml" xml:lang="en" lang="en">
 <head>
  <title>
</title>
<meta http-equiv="Content-Type" content="text/html;charset=utf-8" />
  <meta name='ocr-system' content='tesseract 3.04.00' />
  <meta name='ocr-capabilities' content='ocr_page ocr_carea ocr_par ocr_line ocrx_word'/>
</head>
<body>
  <div class='ocr_page' id='page_1' title='image "./brutussivedeclar00ciceuoft/brutussivedeclar00ciceuoft_0308.png"; bbox 0 0 1835 3126; ppageno 0'>
   <div class='ocr_carea' id='block_1_1' title="bbox 315 147 1185 198">
    <p class='ocr_par' dir='ltr' id='par_1_1' title="bbox 315 147 1185 198">
     <span class='ocr_line' id='line_1_1' title="bbox 315 147 1185 198; baseline -0.007 0"><span class='ocrx_word' id='word_1_1' title='bbox 315 152 448 198; x_wconf 72' lang='lat'>288</span> <span class='ocrx_word' id='word_1_2' title='bbox 841 147 1185 193; x_wconf 86' lang='lat' dir='ltr'>CICERONIS</span> 
     </span>
    </p>
   </div>
   <div class='ocr_carea' id='block_1_2' title="bbox 313 255 1708 1634">
    <p class='ocr_par' dir='ltr' id='par_1_2' title="bbox 313 255 1708 1158">
     <span class='ocr_line' id='line_1_2' title="bbox 317 255 1705 304; baseline -0.001 0"><span class='ocrx_word' id='word_1_3' title='bbox 317 266 510 304; x_wconf 86' lang='lat' dir='ltr'>structum</span> <span class='ocrx_word' id='word_1_4' title='bbox 538 255 709 300; x_wconf 84' lang='lat' dir='ltr'>verbum</span> <span class='ocrx_word' id='word_1_5' title='bbox 741 258 921 301; x_wconf 87' lang='lat' dir='ltr'>videres.</span> <span class='ocrx_word' id='word_1_6' title='bbox 977 273 1054 302; x_wconf 89' lang='grc'>1100</span> <span class='ocrx_word' id='word_1_7' title='bbox 1082 273 1181 303; x_wconf 81' lang='lat' dir='ltr'>vero</span> <span class='ocrx_word' id='word_1_8' title='bbox 1207 260 1335 302; x_wconf 90' lang='lat' dir='ltr'>ullum</span> <span class='ocrx_word' id='word_1_9' title='bbox 1367 265 1434 303; x_wconf 84' lang='lat' dir='ltr'>aut</span> <span class='ocrx_word' id='word_1_10' title='bbox 1465 260 1607 302; x_wconf 89' lang='lat' dir='ltr'>durum</span> <span class='ocrx_word' id='word_1_11' title='bbox 1636 267 1705 303; x_wconf 84' lang='lat' dir='ltr'>aut</span> 
     </span>
     <span class='ocr_line' id='line_1_3' title="bbox 317 333 1705 394; baseline 0.001 -15"><span class='ocrx_word' id='word_1_12' title='bbox 317 337 503 379; x_wconf 88' lang='lat' dir='ltr'>insolens</span> <span class='ocrx_word' id='word_1_13' title='bbox 540 341 608 376; x_wconf 88' lang='lat' dir='ltr'>aut</span> <span class='ocrx_word' id='word_1_14' title='bbox 647 333 800 376; x_wconf 83' lang='lat' dir='ltr'>humile</span> <span class='ocrx_word' id='word_1_15' title='bbox 833 341 901 376; x_wconf 88' lang='lat' dir='ltr'>aut</span> <span class='ocrx_word' id='word_1_16' title='bbox 938 335 1106 389; x_wconf 83' lang='lat' dir='ltr'>longius</span> <span class='ocrx_word' id='word_1_17' title='bbox 1135 337 1315 388; x_wconf 86' lang='lat' dir='ltr'>ductum,</span> <span class='ocrx_word' id='word_1_18' title='bbox 1353 351 1402 380; x_wconf 85' lang='lat' dir='ltr'>ac</span> <span class='ocrx_word' id='word_1_19' title='bbox 1429 352 1511 380; x_wconf 88' lang='lat' dir='ltr'>non</span> <span class='ocrx_word' id='word_1_20' title='bbox 1539 340 1705 394; x_wconf 84' lang='lat' dir='ltr'>propria</span> 
     </span>
     <span class='ocr_line' id='line_1_4' title="bbox 313 412 1705 468; baseline 0.001 -11"><span class='ocrx_word' id='word_1_21' title='bbox 313 414 444 458; x_wconf 84' lang='lat' dir='ltr'>verba</span> <span class='ocrx_word' id='word_1_22' title='bbox 477 426 636 462; x_wconf 87' lang='lat' dir='ltr'>rerum,</span> <span class='ocrx_word' id='word_1_23' title='bbox 677 412 752 454; x_wconf 90' lang='lat' dir='ltr'>sed</span> <span class='ocrx_word' id='word_1_24' title='bbox 792 412 989 468; x_wconf 81' lang='lat' dir='ltr'>pleraque</span> <span class='ocrx_word' id='word_1_25' title='bbox 1031 413 1253 464; x_wconf 82' lang='lat' dir='ltr'>translata,</span> <span class='ocrx_word' id='word_1_26' title='bbox 1292 417 1352 457; x_wconf 89' lang='lat' dir='ltr'>sic</span> <span class='ocrx_word' id='word_1_27' title='bbox 1383 423 1542 466; x_wconf 81' lang='lat' dir='ltr'>tamen,</span> <span class='ocrx_word' id='word_1_28' title='bbox 1582 423 1623 457; x_wconf 86' lang='lat' dir='ltr'>ut</span> <span class='ocrx_word' id='word_1_29' title='bbox 1653 429 1705 458; x_wconf 84' lang='lat' dir='ltr'>ea</span> 
     </span>
     <span class='ocr_line' id='line_1_5' title="bbox 314 489 1704 545; baseline -0.001 -9"><span class='ocrx_word' id='word_1_30' title='bbox 314 507 397 536; x_wconf 88' lang='lat' dir='ltr'>non</span> <span class='ocrx_word' id='word_1_31' title='bbox 426 493 599 534; x_wconf 92' lang='lat' dir='ltr'>irruisse</span> <span class='ocrx_word' id='word_1_32' title='bbox 630 492 673 531; x_wconf 89' lang='lat' dir='ltr'>in</span> <span class='ocrx_word' id='word_1_33' title='bbox 701 489 880 532; x_wconf 81' lang='lat' dir='ltr'>alienum</span> <span class='ocrx_word' id='word_1_34' title='bbox 914 490 1072 541; x_wconf 87' lang='lat' dir='ltr'>locum,</span> <span class='ocrx_word' id='word_1_35' title='bbox 1114 491 1188 533; x_wconf 89' lang='lat' dir='ltr'>sed</span> <span class='ocrx_word' id='word_1_36' title='bbox 1217 492 1478 545; x_wconf 81' lang='lat' dir='ltr'>immigrasse</span> <span class='ocrx_word' id='word_1_37' title='bbox 1508 495 1551 535; x_wconf 93' lang='lat' dir='ltr'>in</span> <span class='ocrx_word' id='word_1_38' title='bbox 1586 507 1704 536; x_wconf 91' lang='lat' dir='ltr'>suum</span> 
     </span>
     <span class='ocr_line' id='line_1_6' title="bbox 316 567 1706 618; baseline 0.001 -6"><span class='ocrx_word' id='word_1_39' title='bbox 316 571 491 612; x_wconf 81' lang='lat' dir='ltr'>diceres.</span> <span class='ocrx_word' id='word_1_40' title='bbox 535 581 613 610; x_wconf 87' lang='grc'>1100</span> <span class='ocrx_word' id='word_1_41' title='bbox 642 581 741 610; x_wconf 86' lang='lat' dir='ltr'>vero</span> <span class='ocrx_word' id='word_1_42' title='bbox 768 567 873 610; x_wconf 89' lang='lat' dir='ltr'>haec</span> <span class='ocrx_word' id='word_1_43' title='bbox 897 568 1034 610; x_wconf 83' lang='lat' dir='ltr'>soluta</span> <span class='ocrx_word' id='word_1_44' title='bbox 1058 581 1135 611; x_wconf 86' lang='lat' dir='ltr'>nec</span> <span class='ocrx_word' id='word_1_45' title='bbox 1159 567 1405 618; x_wconf 84' lang='lat' dir='ltr'>diffluentia,</span> <span class='ocrx_word' id='word_1_46' title='bbox 1438 569 1512 611; x_wconf 89' lang='lat' dir='ltr'>sed</span> <span class='ocrx_word' id='word_1_47' title='bbox 1537 573 1706 613; x_wconf 81' lang='lat' dir='ltr'>astricta</span> 
     </span>
     <span class='ocr_line' id='line_1_7' title="bbox 314 646 1704 702; baseline -0.001 -11"><span class='ocrx_word' id='word_1_48' title='bbox 314 648 519 697; x_wconf 83' lang='lat' dir='ltr'>numeris,</span> <span class='ocrx_word' id='word_1_49' title='bbox 551 659 634 688; x_wconf 90' lang='lat' dir='ltr'>non</span> <span class='ocrx_word' id='word_1_50' title='bbox 667 653 806 702; x_wconf 88' lang='lat' dir='ltr'>aperte</span> <span class='ocrx_word' id='word_1_51' title='bbox 834 659 912 688; x_wconf 89' lang='grc'>1100</span> <span class='ocrx_word' id='word_1_52' title='bbox 943 646 1088 689; x_wconf 86' lang='lat' dir='ltr'>eodem</span> <span class='ocrx_word' id='word_1_53' title='bbox 1119 646 1240 689; x_wconf 89' lang='lat' dir='ltr'>modo</span> <span class='ocrx_word' id='word_1_54' title='bbox 1272 660 1452 702; x_wconf 87' lang='lat' dir='ltr'>semper,</span> <span class='ocrx_word' id='word_1_55' title='bbox 1487 647 1562 688; x_wconf 87' lang='lat' dir='ltr'>sed</span> <span class='ocrx_word' id='word_1_56' title='bbox 1589 649 1704 689; x_wconf 88' lang='lat' dir='ltr'>varie</span> 
     </span>
     <span class='ocr_line' id='line_1_8' title="bbox 317 723 1708 780; baseline -0.002 -11"><span class='ocrx_word' id='word_1_57' title='bbox 317 725 708 780; x_wconf 83' lang='lat' dir='ltr'>dissimulanterque</span> <span class='ocrx_word' id='word_1_58' title='bbox 747 724 987 767; x_wconf 52' lang='lat' dir='ltr'>conclusis(</span> <span class='ocrx_word' id='word_1_59' title='bbox 1028 725 1125 767; x_wconf 82' lang='lat'><strong>275.</strong></span> <span class='ocrx_word' id='word_1_60' title='bbox 1167 723 1296 766; x_wconf 86' lang='lat' dir='ltr'>Erant</span> <span class='ocrx_word' id='word_1_61' title='bbox 1327 731 1460 767; x_wconf 81' lang='lat' dir='ltr'>autem</span> <span class='ocrx_word' id='word_1_62' title='bbox 1491 731 1530 766; x_wconf 89' lang='lat' dir='ltr'>et</span> <span class='ocrx_word' id='word_1_63' title='bbox 1556 724 1708 767; x_wconf 89' lang='lat' dir='ltr'>verbo-</span> 
     </span>
     <span class='ocr_line' id='line_1_9' title="bbox 315 801 1706 858; baseline -0.003 -9"><span class='ocrx_word' id='word_1_64' title='bbox 315 819 405 849; x_wconf 86' lang='lat' dir='ltr'>rum</span> <span class='ocrx_word' id='word_1_65' title='bbox 449 810 489 846; x_wconf 89' lang='lat' dir='ltr'>et</span> <span class='ocrx_word' id='word_1_66' title='bbox 533 803 828 845; x_wconf 84' lang='lat' dir='ltr'>sententiarum</span> <span class='ocrx_word' id='word_1_67' title='bbox 870 803 947 845; x_wconf 82' lang='lat' dir='ltr'>illa</span> <span class='ocrx_word' id='word_1_68' title='bbox 988 803 1165 853; x_wconf 80' lang='lat' dir='ltr'>lumina,</span> <span class='ocrx_word' id='word_1_69' title='bbox 1211 815 1316 858; x_wconf 84' lang='lat' dir='ltr'>quae</span> <span class='ocrx_word' id='word_1_70' title='bbox 1358 809 1510 844; x_wconf 85' lang='lat' dir='ltr'>vocant</span> <span class='ocrx_word' id='word_1_71' title='bbox 1554 801 1706 845; x_wconf 89' lang='lat' dir='ltr'>Graeci</span> 
     </span>
     <span class='ocr_line' id='line_1_10' title="bbox 315 880 1706 939; baseline -0.003 -12"><span class='ocrx_word' id='word_1_72' title='bbox 315 880 536 939; x_wconf 83' lang='grc' dir='ltr'><em>σχήματα,</em></span> <span class='ocrx_word' id='word_1_73' title='bbox 567 880 716 936; x_wconf 86' lang='lat' dir='ltr'>quibus</span> <span class='ocrx_word' id='word_1_74' title='bbox 746 888 941 937; x_wconf 86' lang='lat' dir='ltr'>tanquam</span> <span class='ocrx_word' id='word_1_75' title='bbox 973 880 1204 936; x_wconf 85' lang='lat' dir='ltr'>insignibus</span> <span class='ocrx_word' id='word_1_76' title='bbox 1233 882 1277 922; x_wconf 90' lang='lat' dir='ltr'>in</span> <span class='ocrx_word' id='word_1_77' title='bbox 1304 887 1449 923; x_wconf 82' lang='lat' dir='ltr'>ornatu</span> <span class='ocrx_word' id='word_1_78' title='bbox 1478 880 1706 935; x_wconf 81' lang='lat' dir='ltr'>distingue-</span> 
     </span>
     <span class='ocr_line' id='line_1_11' title="bbox 315 958 1703 1010; baseline -0.003 -6"><span class='ocrx_word' id='word_1_79' title='bbox 315 961 436 1004; x_wconf 81' lang='lat' dir='ltr'>batur</span> <span class='ocrx_word' id='word_1_80' title='bbox 479 960 610 1002; x_wconf 87' lang='lat' dir='ltr'>omnis</span> <span class='ocrx_word' id='word_1_81' title='bbox 658 960 804 1001; x_wconf 85' lang='lat' dir='ltr'>oratio.</span> <span class='ocrx_word' id='word_1_82' title='bbox 871 958 967 1010; x_wconf 85' lang='lat' dir='ltr'>QVA</span> <span class='ocrx_word' id='word_1_83' title='bbox 1012 972 1066 1000; x_wconf 85' lang='lat' dir='ltr'>DE</span> <span class='ocrx_word' id='word_1_84' title='bbox 1110 972 1164 1001; x_wconf 84' lang='lat' dir='ltr'>RE</span> <span class='ocrx_word' id='word_1_85' title='bbox 1207 972 1370 1001; x_wconf 79' lang='lat' dir='ltr'><strong>AGITUR</strong></span> <span class='ocrx_word' id='word_1_86' title='bbox 1411 964 1545 1000; x_wconf 83' lang='lat' dir='ltr'>autem</span> <span class='ocrx_word' id='word_1_87' title='bbox 1587 958 1703 1009; x_wconf 91' lang='lat' dir='ltr'>illud,</span> 
     </span>
     <span class='ocr_line' id='line_1_12' title="bbox 315 1035 1703 1095; baseline -0.001 -15"><span class='ocrx_word' id='word_1_88' title='bbox 315 1038 425 1095; x_wconf 86' lang='lat' dir='ltr'>quod</span> <span class='ocrx_word' id='word_1_89' title='bbox 454 1037 591 1079; x_wconf 89' lang='lat' dir='ltr'>multis</span> <span class='ocrx_word' id='word_1_90' title='bbox 620 1036 727 1079; x_wconf 86' lang='lat' dir='ltr'>Iocis</span> <span class='ocrx_word' id='word_1_91' title='bbox 758 1038 801 1079; x_wconf 91' lang='lat' dir='ltr'>in</span> <span class='ocrx_word' id='word_1_92' title='bbox 835 1036 1220 1080; x_wconf 86' lang='lat' dir='ltr'>iurisconsultorum</span> <span class='ocrx_word' id='word_1_93' title='bbox 1254 1036 1475 1079; x_wconf 87' lang='lat' dir='ltr'>includitur</span> <span class='ocrx_word' id='word_1_94' title='bbox 1503 1035 1703 1087; x_wconf 84' lang='lat' dir='ltr'>formulis,</span> 
     </span>
     <span class='ocr_line' id='line_1_13' title="bbox 314 1114 802 1158; baseline -0.004 0"><span class='ocrx_word' id='word_1_95' title='bbox 314 1117 357 1158; x_wconf 89' lang='lat' dir='ltr'>id</span> <span class='ocrx_word' id='word_1_96' title='bbox 386 1115 457 1157; x_wconf 89' lang='lat' dir='ltr'>ubi</span> <span class='ocrx_word' id='word_1_97' title='bbox 485 1121 595 1156; x_wconf 85' lang='lat' dir='ltr'>esset</span> <span class='ocrx_word' id='word_1_98' title='bbox 622 1114 802 1156; x_wconf 83' lang='lat' dir='ltr'>videbat.</span> 
     </span>
    </p>

    <p class='ocr_par' dir='ltr' id='par_1_3' title="bbox 313 1189 1703 1634">
     <span class='ocr_line' id='line_1_14' title="bbox 427 1189 1702 1246; baseline 0.001 -13"><span class='ocrx_word' id='word_1_99' title='bbox 427 1189 606 1233; x_wconf 71' lang='lat' dir='ltr'>LXXX.</span> <span class='ocrx_word' id='word_1_100' title='bbox 651 1191 747 1232; x_wconf 87' lang='grc'><strong>276.</strong></span> <span class='ocrx_word' id='word_1_101' title='bbox 793 1190 1035 1233; x_wconf 83' lang='lat' dir='ltr'>Accedebat</span> <span class='ocrx_word' id='word_1_102' title='bbox 1083 1192 1184 1233; x_wconf 88' lang='lat' dir='ltr'>ordo</span> <span class='ocrx_word' id='word_1_103' title='bbox 1228 1204 1365 1232; x_wconf 88' lang='lat' dir='ltr'>rerum</span> <span class='ocrx_word' id='word_1_104' title='bbox 1410 1191 1556 1246; x_wconf 88' lang='lat' dir='ltr'>plenus</span> <span class='ocrx_word' id='word_1_105' title='bbox 1603 1193 1702 1234; x_wconf 82' lang='lat' dir='ltr'>artis</span> 
     </span>
     <span class='ocr_line' id='line_1_15' title="bbox 314 1267 1702 1325; baseline -0.004 -11"><span class='ocrx_word' id='word_1_106' title='bbox 314 1272 422 1314; x_wconf 83' lang='lat' dir='ltr'>actio</span> <span class='ocrx_word' id='word_1_107' title='bbox 446 1267 637 1311; x_wconf 83' lang='lat' dir='ltr'>liberalis</span> <span class='ocrx_word' id='word_1_108' title='bbox 664 1274 870 1323; x_wconf 83' lang='lat' dir='ltr'>totumque</span> <span class='ocrx_word' id='word_1_109' title='bbox 895 1269 1058 1311; x_wconf 89' lang='lat' dir='ltr'>dicendi</span> <span class='ocrx_word' id='word_1_110' title='bbox 1086 1268 1293 1325; x_wconf 86' lang='lat' dir='ltr'>placidum</span> <span class='ocrx_word' id='word_1_111' title='bbox 1324 1274 1362 1310; x_wconf 88' lang='lat' dir='ltr'>et</span> <span class='ocrx_word' id='word_1_112' title='bbox 1387 1281 1532 1309; x_wconf 85' lang='lat' dir='ltr'>sanum</span> <span class='ocrx_word' id='word_1_113' title='bbox 1557 1282 1702 1322; x_wconf 85' lang='lat' dir='ltr'>genus.</span> 
     </span>
     <span class='ocr_line' id='line_1_16' title="bbox 314 1345 1703 1402; baseline 0 -12"><span class='ocrx_word' id='word_1_114' title='bbox 314 1348 436 1399; x_wconf 87' lang='lat' dir='ltr'>Quod</span> <span class='ocrx_word' id='word_1_115' title='bbox 476 1348 514 1388; x_wconf 92' lang='lat' dir='ltr'>si</span> <span class='ocrx_word' id='word_1_116' title='bbox 555 1351 617 1387; x_wconf 86' lang='lat' dir='ltr'>est</span> <span class='ocrx_word' id='word_1_117' title='bbox 654 1352 859 1401; x_wconf 89' lang='lat' dir='ltr'>optumum</span> <span class='ocrx_word' id='word_1_118' title='bbox 903 1347 1085 1389; x_wconf 85' lang='lat' dir='ltr'>suaviter</span> <span class='ocrx_word' id='word_1_119' title='bbox 1125 1347 1282 1396; x_wconf 88' lang='lat' dir='ltr'>dicere,</span> <span class='ocrx_word' id='word_1_120' title='bbox 1327 1345 1430 1388; x_wconf 85' lang='grc'>1111111</span> <span class='ocrx_word' id='word_1_121' title='bbox 1469 1353 1552 1396; x_wconf 87' lang='lat' dir='ltr'>est,</span> <span class='ocrx_word' id='word_1_122' title='bbox 1594 1347 1703 1402; x_wconf 88' lang='lat' dir='ltr'>quod</span> 
     </span>
     <span class='ocr_line' id='line_1_17' title="bbox 314 1423 1703 1480; baseline -0.001 -11"><span class='ocrx_word' id='word_1_123' title='bbox 314 1426 463 1469; x_wconf 89' lang='lat' dir='ltr'>melius</span> <span class='ocrx_word' id='word_1_124' title='bbox 498 1424 577 1466; x_wconf 88' lang='lat' dir='ltr'>hoc</span> <span class='ocrx_word' id='word_1_125' title='bbox 607 1424 886 1479; x_wconf 86' lang='lat' dir='ltr'>quaerendum</span> <span class='ocrx_word' id='word_1_126' title='bbox 924 1431 1055 1479; x_wconf 86' lang='lat' dir='ltr'>putes.</span> <span class='ocrx_word' id='word_1_127' title='bbox 1116 1423 1204 1466; x_wconf 89' lang='lat' dir='ltr'>Sed</span> <span class='ocrx_word' id='word_1_128' title='bbox 1243 1438 1333 1467; x_wconf 91' lang='lat' dir='ltr'>cum</span> <span class='ocrx_word' id='word_1_129' title='bbox 1371 1437 1398 1466; x_wconf 87' lang='lat' dir='ltr'>a</span> <span class='ocrx_word' id='word_1_130' title='bbox 1428 1423 1550 1466; x_wconf 90' lang='lat' dir='ltr'>nobis</span> <span class='ocrx_word' id='word_1_131' title='bbox 1579 1425 1703 1480; x_wconf 85' lang='lat' dir='ltr'>paulo</span> 
     </span>
     <span class='ocr_line' id='line_1_18' title="bbox 313 1502 1702 1558; baseline -0.001 -11"><span class='ocrx_word' id='word_1_132' title='bbox 313 1510 407 1547; x_wconf 84' lang='lat' dir='ltr'>ante</span> <span class='ocrx_word' id='word_1_133' title='bbox 452 1503 603 1546; x_wconf 87' lang='lat' dir='ltr'>dictum</span> <span class='ocrx_word' id='word_1_134' title='bbox 646 1503 699 1543; x_wconf 89' lang='lat' dir='ltr'>sit</span> <span class='ocrx_word' id='word_1_135' title='bbox 743 1504 824 1544; x_wconf 80' lang='lat' dir='ltr'>tria</span> <span class='ocrx_word' id='word_1_136' title='bbox 871 1503 1005 1545; x_wconf 89' lang='lat' dir='ltr'>videri</span> <span class='ocrx_word' id='word_1_137' title='bbox 1047 1516 1165 1553; x_wconf 88' lang='lat' dir='ltr'>esse,</span> <span class='ocrx_word' id='word_1_138' title='bbox 1213 1516 1318 1558; x_wconf 82' lang='lat' dir='ltr'>quae</span> <span class='ocrx_word' id='word_1_139' title='bbox 1357 1509 1498 1544; x_wconf 86' lang='lat' dir='ltr'>orator</span> <span class='ocrx_word' id='word_1_140' title='bbox 1538 1502 1702 1545; x_wconf 85' lang='lat' dir='ltr'>efficere</span> 
     </span>
     <span class='ocr_line' id='line_1_19' title="bbox 313 1580 1702 1634; baseline -0.001 -9"><span class='ocrx_word' id='word_1_141' title='bbox 313 1583 503 1634; x_wconf 79' lang='lat' dir='ltr'>deberet,</span> <span class='ocrx_word' id='word_1_142' title='bbox 529 1587 572 1623; x_wconf 87' lang='lat' dir='ltr'>ut</span> <span class='ocrx_word' id='word_1_143' title='bbox 595 1582 778 1632; x_wconf 83' lang='lat' dir='ltr'>doceret,</span> <span class='ocrx_word' id='word_1_144' title='bbox 809 1587 851 1622; x_wconf 88' lang='lat' dir='ltr'>ut</span> <span class='ocrx_word' id='word_1_145' title='bbox 874 1581 1123 1632; x_wconf 85' lang='lat' dir='ltr'>delectaret,</span> <span class='ocrx_word' id='word_1_146' title='bbox 1152 1587 1194 1623; x_wconf 93' lang='lat' dir='ltr'>ut</span> <span class='ocrx_word' id='word_1_147' title='bbox 1216 1587 1416 1623; x_wconf 87' lang='lat' dir='ltr'>moveret:</span> <span class='ocrx_word' id='word_1_148' title='bbox 1443 1580 1521 1623; x_wconf 89' lang='lat' dir='ltr'>duo</span> <span class='ocrx_word' id='word_1_149' title='bbox 1547 1594 1702 1623; x_wconf 86' lang='lat' dir='ltr'>sunnne</span> 
     </span>
    </p>
   </div>
   <div class='ocr_carea' id='block_1_3' title="bbox 304 1747 1702 2469">
    <p class='ocr_par' dir='ltr' id='par_1_4' title="bbox 304 1747 1702 2469">
     <span class='ocr_line' id='line_1_20' title="bbox 313 1747 1702 1795; baseline -0.001 -11"><span class='ocrx_word' id='word_1_150' title='bbox 313 1748 463 1784; x_wconf 82' lang='lat' dir='ltr'>nullum</span> <span class='ocrx_word' id='word_1_151' title='bbox 487 1749 552 1794; x_wconf 83' lang='lat' dir='ltr'>Lg.</span> <span class='ocrx_word' id='word_1_152' title='bbox 579 1754 725 1792; x_wconf 79' lang='lat' dir='ltr'>praeter</span> <span class='ocrx_word' id='word_1_153' title='bbox 748 1748 822 1791; x_wconf 60' lang='lat'>90„</span> <span class='ocrx_word' id='word_1_154' title='bbox 852 1750 937 1783; x_wconf 88' lang='lat' dir='ltr'>item</span> <span class='ocrx_word' id='word_1_155' title='bbox 963 1749 1030 1784; x_wconf 86' lang='lat' dir='ltr'>Gn.</span> <span class='ocrx_word' id='word_1_156' title='bbox 1054 1750 1081 1784; x_wconf 86' lang='lat'>1.</span> <span class='ocrx_word' id='word_1_157' title='bbox 1108 1769 1154 1774; x_wconf 93' lang='lat'><strong>—</strong></span> <span class='ocrx_word' id='word_1_158' title='bbox 1186 1748 1354 1795; x_wconf 68' lang='lat' dir='ltr'>lonqius]</span> <span class='ocrx_word' id='word_1_159' title='bbox 1382 1750 1423 1783; x_wconf 83' lang='lat' dir='ltr'>in</span> <span class='ocrx_word' id='word_1_160' title='bbox 1443 1747 1543 1794; x_wconf 73' lang='grc'>10719.</span> <span class='ocrx_word' id='word_1_161' title='bbox 1571 1748 1626 1783; x_wconf 85' lang='lat' dir='ltr'>ed.</span> <span class='ocrx_word' id='word_1_162' title='bbox 1648 1758 1702 1792; x_wconf 89' lang='lat' dir='ltr'>pr.</span> 
     </span>
     <span class='ocr_line' id='line_1_21' title="bbox 311 1803 1701 1850; baseline -0.001 -10"><span class='ocrx_word' id='word_1_163' title='bbox 311 1805 377 1850; x_wconf 82' lang='lat' dir='ltr'>Lg.</span> <span class='ocrx_word' id='word_1_164' title='bbox 403 1811 550 1849; x_wconf 82' lang='lat' dir='ltr'>praeter</span> <span class='ocrx_word' id='word_1_165' title='bbox 568 1804 622 1837; x_wconf 97' lang='grc'>20.</span> <span class='ocrx_word' id='word_1_166' title='bbox 643 1805 696 1838; x_wconf 82' lang='grc'>35.</span> <span class='ocrx_word' id='word_1_167' title='bbox 716 1805 770 1838; x_wconf 84' lang='grc'>39.</span> <span class='ocrx_word' id='word_1_168' title='bbox 791 1805 866 1847; x_wconf 83' lang='grc'>56.,</span> <span class='ocrx_word' id='word_1_169' title='bbox 894 1807 978 1839; x_wconf 80' lang='lat' dir='ltr'>item</span> <span class='ocrx_word' id='word_1_170' title='bbox 1003 1805 1096 1840; x_wconf 88' lang='lat' dir='ltr'>Ven.</span> <span class='ocrx_word' id='word_1_171' title='bbox 1119 1807 1146 1840; x_wconf 92' lang='grc'>1.</span> <span class='ocrx_word' id='word_1_172' title='bbox 1165 1806 1197 1841; x_wconf 88' lang='grc'>2,</span> <span class='ocrx_word' id='word_1_173' title='bbox 1226 1805 1294 1840; x_wconf 88' lang='lat' dir='ltr'>Gu.</span> <span class='ocrx_word' id='word_1_174' title='bbox 1317 1807 1346 1840; x_wconf 89' lang='lat' dir='ltr'>l.</span> <span class='ocrx_word' id='word_1_175' title='bbox 1367 1805 1399 1839; x_wconf 91' lang='grc'>2.</span> <span class='ocrx_word' id='word_1_176' title='bbox 1429 1803 1504 1839; x_wconf 71' lang='lat' dir='ltr'>Otr.</span> <span class='ocrx_word' id='word_1_177' title='bbox 1534 1805 1584 1839; x_wconf 83' lang='lat' dir='ltr'>ita</span> <span class='ocrx_word' id='word_1_178' title='bbox 1608 1816 1701 1839; x_wconf 83' lang='lat' dir='ltr'>corr.</span> 
     </span>
     <span class='ocr_line' id='line_1_22' title="bbox 310 1860 1699 1907; baseline 0.001 -11"><span class='ocrx_word' id='word_1_179' title='bbox 310 1861 377 1907; x_wconf 83' lang='lat' dir='ltr'>Lg.</span> <span class='ocrx_word' id='word_1_180' title='bbox 397 1861 452 1895; x_wconf 86' lang='lat'>39.</span> <span class='ocrx_word' id='word_1_181' title='bbox 467 1880 514 1887; x_wconf 47' lang='grc' dir='ltr'>ν-</span> <span class='ocrx_word' id='word_1_182' title='bbox 549 1860 718 1903; x_wconf 76' lang='lat' dir='ltr'>tralata]</span> <span class='ocrx_word' id='word_1_183' title='bbox 744 1860 944 1894; x_wconf 78' lang='lat' dir='ltr'>translata</span> <span class='ocrx_word' id='word_1_184' title='bbox 970 1861 1026 1894; x_wconf 87' lang='lat' dir='ltr'>ed.</span> <span class='ocrx_word' id='word_1_185' title='bbox 1042 1872 1095 1905; x_wconf 88' lang='lat' dir='ltr'>pr.</span> <span class='ocrx_word' id='word_1_186' title='bbox 1123 1860 1189 1905; x_wconf 83' lang='lat' dir='ltr'>Lg.</span> <span class='ocrx_word' id='word_1_187' title='bbox 1206 1861 1228 1894; x_wconf 85' lang='grc'>8</span> <span class='ocrx_word' id='word_1_188' title='bbox 1242 1873 1333 1896; x_wconf 90' lang='lat' dir='ltr'>corr.</span> <span class='ocrx_word' id='word_1_189' title='bbox 1353 1861 1407 1895; x_wconf 82' lang='lat'>39.</span> <span class='ocrx_word' id='word_1_190' title='bbox 1427 1861 1482 1895; x_wconf 88' lang='grc'>53.</span> <span class='ocrx_word' id='word_1_191' title='bbox 1501 1861 1556 1895; x_wconf 86' lang='grc'>56.</span> <span class='ocrx_word' id='word_1_192' title='bbox 1573 1861 1627 1896; x_wconf 82' lang='grc'>68.</span> <span class='ocrx_word' id='word_1_193' title='bbox 1644 1861 1699 1897; x_wconf 80' lang='lat'>70.</span> 
     </span>
     <span class='ocr_line' id='line_1_23' title="bbox 309 1916 1701 1962; baseline -0.001 -10"><span class='ocrx_word' id='word_1_194' title='bbox 309 1917 412 1952; x_wconf 78' lang='lat' dir='ltr'>Haec</span> <span class='ocrx_word' id='word_1_195' title='bbox 436 1916 697 1961; x_wconf 80' lang='lat' dir='ltr'>Bernhardyus</span> <span class='ocrx_word' id='word_1_196' title='bbox 730 1917 781 1951; x_wconf 87' lang='lat' dir='ltr'>sic</span> <span class='ocrx_word' id='word_1_197' title='bbox 809 1917 916 1951; x_wconf 87' lang='lat' dir='ltr'>scribi</span> <span class='ocrx_word' id='word_1_198' title='bbox 941 1916 1073 1950; x_wconf 86' lang='lat' dir='ltr'>voluit:</span> <span class='ocrx_word' id='word_1_199' title='bbox 1106 1917 1175 1950; x_wconf 72' lang='lat' dir='ltr'>secl</span> <span class='ocrx_word' id='word_1_200' title='bbox 1194 1917 1382 1962; x_wconf 75' lang='lat' dir='ltr'>pleraque</span> <span class='ocrx_word' id='word_1_201' title='bbox 1407 1917 1606 1950; x_wconf 77' lang='lat' dir='ltr'>translata</span> <span class='ocrx_word' id='word_1_202' title='bbox 1630 1919 1701 1958; x_wconf 85' lang='lat' dir='ltr'>sie,</span> 
     </span>
     <span class='ocr_line' id='line_1_24' title="bbox 310 1971 1701 2017; baseline 0 -9"><span class='ocrx_word' id='word_1_203' title='bbox 310 1978 354 2008; x_wconf 87' lang='lat' dir='ltr'>ut</span> <span class='ocrx_word' id='word_1_204' title='bbox 379 1978 510 2007; x_wconf 81' lang='lat' dir='ltr'>tamen</span> <span class='ocrx_word' id='word_1_205' title='bbox 533 1984 580 2005; x_wconf 86' lang='lat' dir='ltr'>ea</span> <span class='ocrx_word' id='word_1_206' title='bbox 605 1983 684 2006; x_wconf 80' lang='lat' dir='ltr'>non</span> <span class='ocrx_word' id='word_1_207' title='bbox 710 1975 874 2007; x_wconf 83' lang='lat' dir='ltr'>irruisse</span> <span class='ocrx_word' id='word_1_208' title='bbox 898 1975 960 2006; x_wconf 82' lang='lat' dir='ltr'>&amp;c.</span> <span class='ocrx_word' id='word_1_209' title='bbox 1008 1973 1047 2006; x_wconf 91' lang='lat' dir='ltr'>Si</span> <span class='ocrx_word' id='word_1_210' title='bbox 1073 1973 1228 2006; x_wconf 81' lang='lat' dir='ltr'>tenueris</span> <span class='ocrx_word' id='word_1_211' title='bbox 1255 1984 1303 2008; x_wconf 77' lang='lat' dir='ltr'>ac</span> <span class='ocrx_word' id='word_1_212' title='bbox 1326 1971 1531 2017; x_wconf 80' lang='lat' dir='ltr'>significare</span> <span class='ocrx_word' id='word_1_213' title='bbox 1557 1978 1593 2007; x_wconf 78' lang='lat' dir='ltr'>et</span> <span class='ocrx_word' id='word_1_214' title='bbox 1617 1975 1701 2017; x_wconf 81' lang='lat' dir='ltr'>qni-</span> 
     </span>
     <span class='ocr_line' id='line_1_25' title="bbox 311 2029 1701 2074; baseline 0 -11"><span class='ocrx_word' id='word_1_215' title='bbox 311 2029 402 2064; x_wconf 73' lang='lat' dir='ltr'>clem</span> <span class='ocrx_word' id='word_1_216' title='bbox 426 2040 453 2062; x_wconf 89' lang='lat' dir='ltr'>s.</span> <span class='ocrx_word' id='word_1_217' title='bbox 481 2033 517 2062; x_wconf 82' lang='lat' dir='ltr'>et</span> <span class='ocrx_word' id='word_1_218' title='bbox 542 2030 722 2074; x_wconf 74' lang='lat' dir='ltr'>insuper,</span> <span class='ocrx_word' id='word_1_219' title='bbox 755 2029 863 2062; x_wconf 83' lang='lat' dir='ltr'>etiam</span> <span class='ocrx_word' id='word_1_220' title='bbox 892 2029 971 2062; x_wconf 86' lang='lat' dir='ltr'>sine</span> <span class='ocrx_word' id='word_1_221' title='bbox 1004 2040 1049 2061; x_wconf 82' lang='lat' dir='ltr'>ea</span> <span class='ocrx_word' id='word_1_222' title='bbox 1071 2029 1266 2062; x_wconf 84' lang='lat' dir='ltr'>mutatione</span> <span class='ocrx_word' id='word_1_223' title='bbox 1293 2029 1491 2072; x_wconf 79' lang='lat' dir='ltr'>scripturae</span> <span class='ocrx_word' id='word_1_224' title='bbox 1521 2030 1701 2063; x_wconf 77' lang='lat' dir='ltr'>sententia</span> 
     </span>
     <span class='ocr_line' id='line_1_26' title="bbox 308 2083 1701 2127; baseline 0 -8"><span class='ocrx_word' id='word_1_225' title='bbox 308 2085 400 2119; x_wconf 84' lang='lat' dir='ltr'>haec</span> <span class='ocrx_word' id='word_1_226' title='bbox 433 2084 520 2126; x_wconf 76' lang='lat' dir='ltr'>erit,</span> <span class='ocrx_word' id='word_1_227' title='bbox 557 2095 663 2127; x_wconf 84' lang='lat' dir='ltr'>quam</span> <span class='ocrx_word' id='word_1_228' title='bbox 698 2084 759 2118; x_wconf 88' lang='lat' dir='ltr'>ille</span> <span class='ocrx_word' id='word_1_229' title='bbox 791 2084 888 2117; x_wconf 80' lang='lat' dir='ltr'>vult:</span> <span class='ocrx_word' id='word_1_230' title='bbox 925 2083 1133 2118; x_wconf 79' lang='lat' dir='ltr'>verborum</span> <span class='ocrx_word' id='word_1_231' title='bbox 1166 2089 1296 2118; x_wconf 68' lang='lat' dir='ltr'>alitem</span> <span class='ocrx_word' id='word_1_232' title='bbox 1329 2083 1609 2118; x_wconf 73' lang='lat' dir='ltr'>translationes</span> <span class='ocrx_word' id='word_1_233' title='bbox 1643 2089 1701 2120; x_wconf 83' lang='lat' dir='ltr'>sic</span> 
     </span>
     <span class='ocr_line' id='line_1_27' title="bbox 310 2139 1700 2187; baseline 0.001 -12"><span class='ocrx_word' id='word_1_234' title='bbox 310 2139 578 2187; x_wconf 77' lang='lat' dir='ltr'>temperabat,</span> <span class='ocrx_word' id='word_1_235' title='bbox 610 2143 654 2173; x_wconf 79' lang='lat' dir='ltr'>ut</span> <span class='ocrx_word' id='word_1_236' title='bbox 688 2151 742 2174; x_wconf 78' lang='lat' dir='ltr'>ex</span> <span class='ocrx_word' id='word_1_237' title='bbox 774 2142 1007 2174; x_wconf 79' lang='lat' dir='ltr'>necessitate</span> <span class='ocrx_word' id='word_1_238' title='bbox 1037 2140 1235 2174; x_wconf 73' lang='lat' dir='ltr'>videretur</span> <span class='ocrx_word' id='word_1_239' title='bbox 1267 2142 1323 2174; x_wconf 81' lang='lat' dir='ltr'>eis</span> <span class='ocrx_word' id='word_1_240' title='bbox 1353 2151 1460 2175; x_wconf 79' lang='lat' dir='ltr'>usus,</span> <span class='ocrx_word' id='word_1_241' title='bbox 1487 2160 1532 2165; x_wconf 83' lang='lat'><em>-</em></span> <span class='ocrx_word' id='word_1_242' title='bbox 1570 2143 1700 2177; x_wconf 83' lang='lat' dir='ltr'>immi-</span> 
     </span>
     <span class='ocr_line' id='line_1_28' title="bbox 307 2195 1700 2244; baseline -0.001 -13"><span class='ocrx_word' id='word_1_243' title='bbox 307 2198 459 2244; x_wconf 80' lang='lat' dir='ltr'>9rasse]</span> <span class='ocrx_word' id='word_1_244' title='bbox 484 2199 680 2242; x_wconf 69' lang='lat' dir='ltr'>ntiqrasse</span> <span class='ocrx_word' id='word_1_245' title='bbox 704 2195 771 2241; x_wconf 84' lang='lat' dir='ltr'>Lg.</span> <span class='ocrx_word' id='word_1_246' title='bbox 795 2196 849 2230; x_wconf 89' lang='grc'>20.</span> <span class='ocrx_word' id='word_1_247' title='bbox 874 2214 920 2223; x_wconf 49' lang='grc' dir='ltr'>ν-</span> <span class='ocrx_word' id='word_1_248' title='bbox 956 2196 1201 2242; x_wconf 81' lang='lat' dir='ltr'>diffluentia]</span> <span class='ocrx_word' id='word_1_249' title='bbox 1227 2196 1440 2242; x_wconf 80' lang='lat' dir='ltr'>defluentia</span> <span class='ocrx_word' id='word_1_250' title='bbox 1464 2196 1520 2231; x_wconf 88' lang='lat' dir='ltr'>ed.</span> <span class='ocrx_word' id='word_1_251' title='bbox 1547 2207 1600 2241; x_wconf 90' lang='lat' dir='ltr'>pr.</span> <span class='ocrx_word' id='word_1_252' title='bbox 1639 2197 1700 2241; x_wconf 84' lang='lat' dir='ltr'>af-</span> 
     </span>
     <span class='ocr_line' id='line_1_29' title="bbox 304 2251 1701 2300; baseline 0 -12"><span class='ocrx_word' id='word_1_253' title='bbox 304 2255 472 2300; x_wconf 78' lang='lat' dir='ltr'>fluentia</span> <span class='ocrx_word' id='word_1_254' title='bbox 494 2252 560 2298; x_wconf 82' lang='lat' dir='ltr'>Lg.</span> <span class='ocrx_word' id='word_1_255' title='bbox 581 2252 636 2288; x_wconf 89' lang='grc'>20.</span> <span class='ocrx_word' id='word_1_256' title='bbox 658 2273 703 2278; x_wconf 95' lang='lat'>-——</span> <span class='ocrx_word' id='word_1_257' title='bbox 736 2253 918 2296; x_wconf 78' lang='lat' dir='ltr'>astricta]</span> <span class='ocrx_word' id='word_1_258' title='bbox 944 2253 993 2287; x_wconf 88' lang='lat' dir='ltr'>sic</span> <span class='ocrx_word' id='word_1_259' title='bbox 1016 2253 1094 2286; x_wconf 86' lang='lat' dir='ltr'>sine</span> <span class='ocrx_word' id='word_1_260' title='bbox 1116 2252 1142 2286; x_wconf 79' lang='lat' dir='ltr'>d</span> <span class='ocrx_word' id='word_1_261' title='bbox 1167 2253 1232 2288; x_wconf 83' lang='lat' dir='ltr'>Gn.</span> <span class='ocrx_word' id='word_1_262' title='bbox 1253 2254 1280 2288; x_wconf 92' lang='lat' dir='ltr'>l.</span> <span class='ocrx_word' id='word_1_263' title='bbox 1309 2253 1400 2287; x_wconf 87' lang='lat' dir='ltr'>Ven.</span> <span class='ocrx_word' id='word_1_264' title='bbox 1416 2254 1446 2288; x_wconf 92' lang='lat' dir='ltr'>l.</span> <span class='ocrx_word' id='word_1_265' title='bbox 1471 2251 1537 2297; x_wconf 82' lang='lat' dir='ltr'>Lg.</span> <span class='ocrx_word' id='word_1_266' title='bbox 1555 2259 1701 2296; x_wconf 82' lang='lat' dir='ltr'>praeter</span> 
     </span>
     <span class='ocr_line' id='line_1_30' title="bbox 305 2308 1700 2356; baseline -0.001 -12"><span class='ocrx_word' id='word_1_267' title='bbox 305 2310 361 2344; x_wconf 89' lang='grc'>20,</span> <span class='ocrx_word' id='word_1_268' title='bbox 382 2330 428 2334; x_wconf 85' lang='grc'>-</span> <span class='ocrx_word' id='word_1_269' title='bbox 461 2310 608 2355; x_wconf 81' lang='lat' dir='ltr'>aperte]</span> <span class='ocrx_word' id='word_1_270' title='bbox 634 2314 725 2356; x_wconf 77' lang='lat' dir='ltr'>apte</span> <span class='ocrx_word' id='word_1_271' title='bbox 750 2310 817 2344; x_wconf 92' lang='lat' dir='ltr'>Gu.</span> <span class='ocrx_word' id='word_1_272' title='bbox 841 2311 869 2345; x_wconf 90' lang='lat' dir='ltr'>l.</span> <span class='ocrx_word' id='word_1_273' title='bbox 889 2327 931 2336; x_wconf 67' lang='grc'>»-</span> <span class='ocrx_word' id='word_1_274' title='bbox 967 2309 1353 2354; x_wconf 69' lang='lat' dir='ltr'>dis-simulcmterque]</span> <span class='ocrx_word' id='word_1_275' title='bbox 1379 2308 1700 2353; x_wconf 80' lang='lat' dir='ltr'>dissimulateque</span> 
     </span>
     <span class='ocr_line' id='line_1_31' title="bbox 307 2365 1696 2411; baseline 0 -12"><span class='ocrx_word' id='word_1_276' title='bbox 307 2365 374 2411; x_wconf 87' lang='lat' dir='ltr'>Lg.</span> <span class='ocrx_word' id='word_1_277' title='bbox 388 2365 443 2399; x_wconf 90' lang='grc'>20.</span> <span class='ocrx_word' id='word_1_278' title='bbox 459 2366 513 2400; x_wconf 84' lang='grc'>53.</span> <span class='ocrx_word' id='word_1_279' title='bbox 556 2366 878 2411; x_wconf 76' lang='lat' dir='ltr'>dissimiliterque</span> <span class='ocrx_word' id='word_1_280' title='bbox 903 2377 971 2411; x_wconf 82' lang='lat' dir='ltr'>mg.</span> <span class='ocrx_word' id='word_1_281' title='bbox 991 2365 1115 2400; x_wconf 74' lang='lat' dir='ltr'>Lanib.</span> <span class='ocrx_word' id='word_1_282' title='bbox 1133 2367 1230 2401; x_wconf 77' lang='lat'>1584.</span> <span class='ocrx_word' id='word_1_283' title='bbox 1270 2366 1345 2399; x_wconf 84' lang='lat' dir='ltr'>Sed</span> <span class='ocrx_word' id='word_1_284' title='bbox 1365 2370 1401 2399; x_wconf 87' lang='lat' dir='ltr'>ut</span> <span class='ocrx_word' id='word_1_285' title='bbox 1423 2365 1560 2400; x_wconf 81' lang='lat' dir='ltr'>eodem</span> <span class='ocrx_word' id='word_1_286' title='bbox 1579 2365 1696 2400; x_wconf 82' lang='lat' dir='ltr'>modo</span> 
     </span>
     <span class='ocr_line' id='line_1_32' title="bbox 308 2422 1468 2469; baseline -0.001 -13"><span class='ocrx_word' id='word_1_287' title='bbox 308 2428 345 2456; x_wconf 86' lang='lat' dir='ltr'>et</span> <span class='ocrx_word' id='word_1_288' title='bbox 367 2424 495 2463; x_wconf 83' lang='lat' dir='ltr'>varie,</span> <span class='ocrx_word' id='word_1_289' title='bbox 524 2423 576 2456; x_wconf 87' lang='lat' dir='ltr'>sic</span> <span class='ocrx_word' id='word_1_290' title='bbox 601 2427 736 2469; x_wconf 75' lang='lat' dir='ltr'>aperte</span> <span class='ocrx_word' id='word_1_291' title='bbox 761 2428 798 2457; x_wconf 85' lang='lat' dir='ltr'>et</span> <span class='ocrx_word' id='word_1_292' title='bbox 822 2422 1120 2459; x_wconf 80' lang='lat' dir='ltr'>dissimulanter</span> <span class='ocrx_word' id='word_1_293' title='bbox 1144 2423 1211 2457; x_wconf 84' lang='lat' dir='ltr'>sibi</span> <span class='ocrx_word' id='word_1_294' title='bbox 1235 2422 1468 2468; x_wconf 85' lang='lat' dir='ltr'>respondent.</span> 
     </span>
    </p>
   </div>
   <div class='ocr_carea' id='block_1_4' title="bbox 306 2510 1697 2728">
    <p class='ocr_par' dir='ltr' id='par_1_5' title="bbox 306 2510 1697 2728">
     <span class='ocr_line' id='line_1_33' title="bbox 397 2510 1697 2559; baseline -0.002 -14"><span class='ocrx_word' id='word_1_295' title='bbox 397 2511 476 2547; x_wconf 82' lang='lat'><strong>275.</strong></span> <span class='ocrx_word' id='word_1_296' title='bbox 525 2517 666 2547; x_wconf 78' lang='lat' dir='ltr'>vocant</span> <span class='ocrx_word' id='word_1_297' title='bbox 697 2511 855 2557; x_wconf 71' lang='lat' dir='ltr'>Graeci]</span> <span class='ocrx_word' id='word_1_298' title='bbox 895 2514 966 2547; x_wconf 88' lang='lat' dir='ltr'>inv.</span> <span class='ocrx_word' id='word_1_299' title='bbox 1006 2513 1061 2547; x_wconf 85' lang='lat' dir='ltr'>ed.</span> <span class='ocrx_word' id='word_1_300' title='bbox 1090 2525 1143 2557; x_wconf 89' lang='lat' dir='ltr'>pr.</span> <span class='ocrx_word' id='word_1_301' title='bbox 1169 2532 1214 2538; x_wconf 82' lang='lat'>——</span> <span class='ocrx_word' id='word_1_302' title='bbox 1250 2510 1430 2559; x_wconf 73' lang='grc' dir='ltr'>σχήματα]</span> <span class='ocrx_word' id='word_1_303' title='bbox 1466 2510 1547 2544; x_wconf 89' lang='lat' dir='ltr'>libri</span> <span class='ocrx_word' id='word_1_304' title='bbox 1584 2510 1697 2544; x_wconf 84' lang='lat' dir='ltr'>literis</span> 
     </span>
     <span class='ocr_line' id='line_1_34' title="bbox 306 2567 1695 2616; baseline -0.003 -14"><span class='ocrx_word' id='word_1_305' title='bbox 306 2568 437 2602; x_wconf 77' lang='lat' dir='ltr'>latinis.</span> <span class='ocrx_word' id='word_1_306' title='bbox 462 2588 506 2593; x_wconf 82' lang='lat'>——</span> <span class='ocrx_word' id='word_1_307' title='bbox 541 2579 618 2613; x_wconf 78' lang='lat' dir='ltr'>qua</span> <span class='ocrx_word' id='word_1_308' title='bbox 644 2569 691 2602; x_wconf 80' lang='lat' dir='ltr'>(le</span> <span class='ocrx_word' id='word_1_309' title='bbox 715 2581 757 2602; x_wconf 86' lang='lat' dir='ltr'>re</span> <span class='ocrx_word' id='word_1_310' title='bbox 783 2573 915 2616; x_wconf 65' lang='lat' dir='ltr'>assitur</span> <span class='ocrx_word' id='word_1_311' title='bbox 940 2574 1073 2605; x_wconf 65' lang='lat' dir='ltr'>numm</span> <span class='ocrx_word' id='word_1_312' title='bbox 1097 2570 1209 2613; x_wconf 77' lang='lat' dir='ltr'>illud]</span> <span class='ocrx_word' id='word_1_313' title='bbox 1235 2574 1365 2603; x_wconf 80' lang='lat' dir='ltr'>autem</span> <span class='ocrx_word' id='word_1_314' title='bbox 1390 2570 1521 2614; x_wconf 72' lang='lat' dir='ltr'>ayitur</span> <span class='ocrx_word' id='word_1_315' title='bbox 1547 2567 1695 2600; x_wconf 87' lang='lat' dir='ltr'>inverso</span> 
     </span>
     <span class='ocr_line' id='line_1_35' title="bbox 307 2622 1695 2661; baseline -0.004 -1"><span class='ocrx_word' id='word_1_316' title='bbox 307 2624 435 2660; x_wconf 87' lang='lat' dir='ltr'>ordine</span> <span class='ocrx_word' id='word_1_317' title='bbox 460 2624 527 2659; x_wconf 83' lang='lat' dir='ltr'>Gn.</span> <span class='ocrx_word' id='word_1_318' title='bbox 549 2626 578 2660; x_wconf 96' lang='lat' dir='ltr'>l.</span> <span class='ocrx_word' id='word_1_319' title='bbox 625 2625 701 2659; x_wconf 83' lang='lat' dir='ltr'>Sed</span> <span class='ocrx_word' id='word_1_320' title='bbox 726 2626 840 2660; x_wconf 79' lang='lat' dir='ltr'>verba</span> <span class='ocrx_word' id='word_1_321' title='bbox 864 2626 1039 2661; x_wconf 79' lang='lat' dir='ltr'>formulae</span> <span class='ocrx_word' id='word_1_322' title='bbox 1063 2626 1155 2660; x_wconf 79' lang='lat' dir='ltr'>illius</span> <span class='ocrx_word' id='word_1_323' title='bbox 1181 2626 1292 2660; x_wconf 88' lang='lat' dir='ltr'>dividi</span> <span class='ocrx_word' id='word_1_324' title='bbox 1317 2637 1390 2660; x_wconf 89' lang='lat' dir='ltr'>non</span> <span class='ocrx_word' id='word_1_325' title='bbox 1417 2623 1559 2658; x_wconf 87' lang='lat' dir='ltr'>debent.</span> <span class='ocrx_word' id='word_1_326' title='bbox 1604 2622 1695 2655; x_wconf 87' lang='lat' dir='ltr'>Post</span> 
     </span>
     <span class='ocr_line' id='line_1_36' title="bbox 307 2677 1694 2728; baseline -0.002 -13"><span class='ocrx_word' id='word_1_327' title='bbox 307 2680 405 2716; x_wconf 79' lang='lat' dir='ltr'>illud</span> <span class='ocrx_word' id='word_1_328' title='bbox 430 2682 474 2726; x_wconf 87' lang='lat' dir='ltr'>(i.</span> <span class='ocrx_word' id='word_1_329' title='bbox 502 2693 532 2719; x_wconf 88' lang='lat' dir='ltr'>e.</span> <span class='ocrx_word' id='word_1_330' title='bbox 561 2681 669 2727; x_wconf 80' lang='lat' dir='ltr'><em>quod</em></span> <span class='ocrx_word' id='word_1_331' title='bbox 691 2685 816 2719; x_wconf 82' lang='lat' dir='ltr'>nostis</span> <span class='ocrx_word' id='word_1_332' title='bbox 839 2694 866 2719; x_wconf 89' lang='lat' dir='ltr'>s.</span> <span class='ocrx_word' id='word_1_333' title='bbox 893 2687 1032 2720; x_wconf 83' lang='lat' dir='ltr'>notum</span> <span class='ocrx_word' id='word_1_334' title='bbox 1056 2682 1172 2727; x_wconf 79' lang='lat' dir='ltr'>illud)</span> <span class='ocrx_word' id='word_1_335' title='bbox 1199 2681 1482 2728; x_wconf 80' lang='lat' dir='ltr'>distinguendum</span> <span class='ocrx_word' id='word_1_336' title='bbox 1506 2689 1585 2713; x_wconf 87' lang='lat' dir='ltr'>esse</span> <span class='ocrx_word' id='word_1_337' title='bbox 1609 2677 1694 2712; x_wconf 82' lang='lat' dir='ltr'>olim</span> 
     </span>
    </p>
   </div>
   <div class='ocr_carea' id='block_1_5' title="bbox 1823 2816 1831 2937">
    <p class='ocr_par' dir='ltr' id='par_1_6' title="bbox 1823 2816 1831 2937">
     <span class='ocr_line' id='line_1_37' title="bbox 1823 2816 1831 2937; textangle 90"><span class='ocrx_word' id='word_1_338' title='bbox 1823 2870 1831 2937; x_wconf 41' lang='grc' dir='ltr'>’.ινιτ</span> <span class='ocrx_word' id='word_1_339' title='bbox 1823 2816 1825 2823; x_wconf 24' lang='grc' dir='ltr'>μ</span> 
     </span>
    </p>
   </div>
  </div>
 </body>
</html>
