<?xml version="1.0" encoding="UTF-8"?>
<!DOCTYPE html PUBLIC "-//W3C//DTD XHTML 1.0 Transitional//EN"
    "http://www.w3.org/TR/xhtml1/DTD/xhtml1-transitional.dtd">
<html xmlns="http://www.w3.org/1999/xhtml" xml:lang="en" lang="en">
 <head>
  <title>
</title>
<meta http-equiv="Content-Type" content="text/html;charset=utf-8" />
  <meta name='ocr-system' content='tesseract 3.04.00' />
  <meta name='ocr-capabilities' content='ocr_page ocr_carea ocr_par ocr_line ocrx_word'/>
</head>
<body>
  <div class='ocr_page' id='page_1' title='image "./brutussivedeclar00ciceuoft/brutussivedeclar00ciceuoft_0433.png"; bbox 0 0 1835 3126; ppageno 0'>
   <div class='ocr_carea' id='block_1_1' title="bbox 0 0 23 3126">
    <p class='ocr_par' dir='ltr' id='par_1_1' title="bbox 0 0 23 3126">
     <span class='ocr_line' id='line_1_1' title="bbox 0 0 23 3126; baseline 0 0"><span class='ocrx_word' id='word_1_1' title='bbox 0 0 23 3126; x_wconf 95' lang='lat' dir='ltr'> </span> 
     </span>
    </p>
   </div>
   <div class='ocr_carea' id='block_1_2' title="bbox 362 236 1535 283">
    <p class='ocr_par' dir='ltr' id='par_1_2' title="bbox 362 236 1535 283">
     <span class='ocr_line' id='line_1_2' title="bbox 362 236 1535 283; baseline 0.001 -1"><span class='ocrx_word' id='word_1_2' title='bbox 362 239 446 282; x_wconf 89' lang='lat' dir='ltr'>AD</span> <span class='ocrx_word' id='word_1_3' title='bbox 478 236 593 281; x_wconf 86' lang='lat' dir='ltr'>ClC.</span> <span class='ocrx_word' id='word_1_4' title='bbox 624 237 896 282; x_wconf 87' lang='lat' dir='ltr'>BRUTUM</span> <span class='ocrx_word' id='word_1_5' title='bbox 929 238 1049 282; x_wconf 86' lang='lat' dir='ltr'>GAP.</span> <span class='ocrx_word' id='word_1_6' title='bbox 1072 239 1140 282; x_wconf 90' lang='grc'>71.</span> <span class='ocrx_word' id='word_1_7' title='bbox 1165 239 1231 282; x_wconf 87' lang='grc'><strong>72.</strong></span> <span class='ocrx_word' id='word_1_8' title='bbox 1256 238 1321 282; x_wconf 90' lang='grc'>73.</span> <span class='ocrx_word' id='word_1_9' title='bbox 1421 239 1535 283; x_wconf 76' lang='lat'>413</span> 
     </span>
    </p>
   </div>
   <div class='ocr_carea' id='block_1_3' title="bbox 148 351 1537 460">
    <p class='ocr_par' dir='ltr' id='par_1_3' title="bbox 148 351 1537 460">
     <span class='ocr_line' id='line_1_3' title="bbox 149 351 1537 405; baseline -0.003 -11"><span class='ocrx_word' id='word_1_10' title='bbox 149 354 197 394; x_wconf 84' lang='lat' dir='ltr'>de</span> <span class='ocrx_word' id='word_1_11' title='bbox 219 351 378 394; x_wconf 80' lang='lat' dir='ltr'>Officiis.</span> <span class='ocrx_word' id='word_1_12' title='bbox 424 352 590 393; x_wconf 88' lang='lat' dir='ltr'>Summis</span> <span class='ocrx_word' id='word_1_13' title='bbox 621 365 645 392; x_wconf 87' lang='lat' dir='ltr'>a</span> <span class='ocrx_word' id='word_1_14' title='bbox 667 351 855 394; x_wconf 83' lang='lat' dir='ltr'>Cicerone</span> <span class='ocrx_word' id='word_1_15' title='bbox 875 352 1056 393; x_wconf 81' lang='lat' dir='ltr'><strong>laudibus</strong></span> <span class='ocrx_word' id='word_1_16' title='bbox 1088 358 1248 393; x_wconf 91' lang='lat' dir='ltr'>ornatur</span> <span class='ocrx_word' id='word_1_17' title='bbox 1274 352 1313 391; x_wconf 92' lang='lat' dir='ltr'>in</span> <span class='ocrx_word' id='word_1_18' title='bbox 1335 351 1537 405; x_wconf 86' lang='lat' dir='ltr'>prooemio</span> 
     </span>
     <span class='ocr_line' id='line_1_4' title="bbox 148 419 727 460; baseline -0.002 -1"><span class='ocrx_word' id='word_1_19' title='bbox 148 420 299 460; x_wconf 84' lang='lat' dir='ltr'>Timaei</span> <span class='ocrx_word' id='word_1_20' title='bbox 328 424 366 459; x_wconf 89' lang='lat' dir='ltr'>et</span> <span class='ocrx_word' id='word_1_21' title='bbox 395 419 441 459; x_wconf 89' lang='lat' dir='ltr'>de</span> <span class='ocrx_word' id='word_1_22' title='bbox 469 419 597 460; x_wconf 86' lang='lat' dir='ltr'>Divin.</span> <span class='ocrx_word' id='word_1_23' title='bbox 628 420 656 460; x_wconf 93' lang='grc' dir='ltr'>Ι.</span> <span class='ocrx_word' id='word_1_24' title='bbox 689 421 727 458; x_wconf 86' lang='grc'><strong>3.</strong></span> 
     </span>
    </p>
   </div>
   <div class='ocr_carea' id='block_1_4' title="bbox 256 485 1536 603">
    <p class='ocr_par' dir='ltr' id='par_1_4' title="bbox 256 485 1536 603">
     <span class='ocr_line' id='line_1_5' title="bbox 257 485 1029 540; baseline -0.001 -15"><span class='ocrx_word' id='word_1_25' title='bbox 257 486 352 526; x_wconf 83' lang='grc'><strong>251.</strong></span> <span class='ocrx_word' id='word_1_26' title='bbox 414 487 585 536; x_wconf 78' lang='lat' dir='ltr'>Caesare]</span> <span class='ocrx_word' id='word_1_27' title='bbox 617 499 652 527; x_wconf 84' lang='lat' dir='ltr'>v.</span> <span class='ocrx_word' id='word_1_28' title='bbox 682 485 865 538; x_wconf 83' lang='lat' dir='ltr'>prolegg.</span> <span class='ocrx_word' id='word_1_29' title='bbox 899 485 934 540; x_wconf 76' lang='lat'>§-</span> <span class='ocrx_word' id='word_1_30' title='bbox 962 486 1029 524; x_wconf 88' lang='grc'>47.</span> 
     </span>
     <span class='ocr_line' id='line_1_6' title="bbox 256 550 1536 603; baseline -0.002 -11"><span class='ocrx_word' id='word_1_31' title='bbox 256 551 417 593; x_wconf 91' lang='lat' dir='ltr'>LXXII.</span> <span class='ocrx_word' id='word_1_32' title='bbox 476 559 579 590; x_wconf 77' lang='lat' dir='ltr'>tuam</span> <span class='ocrx_word' id='word_1_33' title='bbox 595 575 644 580; x_wconf 90' lang='lat'>—-</span> <span class='ocrx_word' id='word_1_34' title='bbox 663 552 852 601; x_wconf 71' lang='lat' dir='ltr'>iudicium]</span> <span class='ocrx_word' id='word_1_35' title='bbox 884 556 972 603; x_wconf 88' lang='lat' dir='ltr'>post</span> <span class='ocrx_word' id='word_1_36' title='bbox 994 550 1177 591; x_wconf 80' lang='lat' dir='ltr'>Caesaris</span> <span class='ocrx_word' id='word_1_37' title='bbox 1205 556 1364 591; x_wconf 83' lang='lat' dir='ltr'>mortem</span> <span class='ocrx_word' id='word_1_38' title='bbox 1390 563 1536 590; x_wconf 79' lang='lat' dir='ltr'>summa</span> 
     </span>
    </p>
   </div>
   <div class='ocr_carea' id='block_1_5' title="bbox 104 618 1536 2075">
    <p class='ocr_par' dir='ltr' id='par_1_5' title="bbox 139 618 1536 1259">
     <span class='ocr_line' id='line_1_7' title="bbox 145 618 1536 668; baseline -0.001 -10"><span class='ocrx_word' id='word_1_39' title='bbox 145 620 275 659; x_wconf 89' lang='lat' dir='ltr'>onmia</span> <span class='ocrx_word' id='word_1_40' title='bbox 299 620 339 659; x_wconf 93' lang='lat' dir='ltr'>in</span> <span class='ocrx_word' id='word_1_41' title='bbox 363 631 408 660; x_wconf 90' lang='lat' dir='ltr'>eo</span> <span class='ocrx_word' id='word_1_42' title='bbox 433 619 555 658; x_wconf 84' lang='lat' dir='ltr'>fuisse</span> <span class='ocrx_word' id='word_1_43' title='bbox 579 619 758 668; x_wconf 85' lang='lat' dir='ltr'>agnoscit</span> <span class='ocrx_word' id='word_1_44' title='bbox 782 618 919 657; x_wconf 86' lang='lat' dir='ltr'>Cicero</span> <span class='ocrx_word' id='word_1_45' title='bbox 943 618 1044 658; x_wconf 90' lang='lat' dir='ltr'><strong>Phil.</strong></span> <span class='ocrx_word' id='word_1_46' title='bbox 1062 619 1109 658; x_wconf 95' lang='lat' dir='ltr'>II.</span> <span class='ocrx_word' id='word_1_47' title='bbox 1134 619 1208 667; x_wconf 80' lang='lat'>45,</span> <span class='ocrx_word' id='word_1_48' title='bbox 1231 621 1322 659; x_wconf 89' lang='grc'><strong>116.</strong></span> <span class='ocrx_word' id='word_1_49' title='bbox 1360 619 1536 659; x_wconf 82' lang='lat' dir='ltr'>Maxime</span> 
     </span>
     <span class='ocr_line' id='line_1_8' title="bbox 146 684 1536 737; baseline -0.001 -12"><span class='ocrx_word' id='word_1_50' title='bbox 146 692 273 726; x_wconf 86' lang='lat' dir='ltr'>antem</span> <span class='ocrx_word' id='word_1_51' title='bbox 312 687 409 725; x_wconf 91' lang='lat' dir='ltr'>haec</span> <span class='ocrx_word' id='word_1_52' title='bbox 448 685 544 724; x_wconf 85' lang='lat' dir='ltr'>facit</span> <span class='ocrx_word' id='word_1_53' title='bbox 584 684 754 724; x_wconf 88' lang='lat' dir='ltr'>eiusdem</span> <span class='ocrx_word' id='word_1_54' title='bbox 790 685 1048 724; x_wconf 89' lang='lat' dir='ltr'>testimonium</span> <span class='ocrx_word' id='word_1_55' title='bbox 1086 698 1135 725; x_wconf 86' lang='lat' dir='ltr'>ex</span> <span class='ocrx_word' id='word_1_56' title='bbox 1165 685 1333 736; x_wconf 89' lang='lat' dir='ltr'>epistola</span> <span class='ocrx_word' id='word_1_57' title='bbox 1368 685 1536 737; x_wconf 87' lang='lat' dir='ltr'>quadam</span> 
     </span>
     <span class='ocr_line' id='line_1_9' title="bbox 145 750 1535 804; baseline -0.003 -13"><span class='ocrx_word' id='word_1_58' title='bbox 145 752 195 792; x_wconf 89' lang='lat' dir='ltr'>ad</span> <span class='ocrx_word' id='word_1_59' title='bbox 222 752 446 793; x_wconf 89' lang='lat' dir='ltr'>Cornelium</span> <span class='ocrx_word' id='word_1_60' title='bbox 474 751 662 804; x_wconf 86' lang='lat' dir='ltr'>Nepotem</span> <span class='ocrx_word' id='word_1_61' title='bbox 691 752 885 804; x_wconf 86' lang='lat' dir='ltr'>prolatum</span> <span class='ocrx_word' id='word_1_62' title='bbox 916 765 940 791; x_wconf 93' lang='lat' dir='ltr'>a</span> <span class='ocrx_word' id='word_1_63' title='bbox 964 752 1151 792; x_wconf 86' lang='lat' dir='ltr'>Suetonio</span> <span class='ocrx_word' id='word_1_64' title='bbox 1179 752 1293 793; x_wconf 84' lang='lat' dir='ltr'>Caes.</span> <span class='ocrx_word' id='word_1_65' title='bbox 1317 752 1390 792; x_wconf 76' lang='lat'>55:</span> <span class='ocrx_word' id='word_1_66' title='bbox 1422 750 1535 801; x_wconf 64' lang='lat' dir='ltr'>quid?</span> 
     </span>
     <span class='ocr_line' id='line_1_10' title="bbox 144 808 1535 869; baseline -0.002 -12"><span class='ocrx_word' id='word_1_67' title='bbox 144 825 331 857; x_wconf 76' lang='lat' dir='ltr'>oratorem</span> <span class='ocrx_word' id='word_1_68' title='bbox 360 832 467 869; x_wconf 81' lang='lat' dir='ltr'>quem</span> <span class='ocrx_word' id='word_1_69' title='bbox 495 819 580 857; x_wconf 74' lang='lat' dir='ltr'>huto</span> <span class='ocrx_word' id='word_1_70' title='bbox 611 825 811 869; x_wconf 64' lang='lat' dir='ltr'>(antepones</span> <span class='ocrx_word' id='word_1_71' title='bbox 839 832 984 865; x_wconf 82' lang='lat' dir='ltr'>eorum,</span> <span class='ocrx_word' id='word_1_72' title='bbox 1016 823 1078 869; x_wconf 73' lang='lat' dir='ltr'>qui</span> <span class='ocrx_word' id='word_1_73' title='bbox 1103 820 1195 857; x_wconf 78' lang='lat' dir='ltr'>nihil</span> <span class='ocrx_word' id='word_1_74' title='bbox 1225 819 1329 856; x_wconf 75' lang='lat' dir='ltr'>altmt</span> <span class='ocrx_word' id='word_1_75' title='bbox 1359 808 1535 867; x_wconf 61' lang='lat' dir='ltr'>efferant?</span> 
     </span>
     <span class='ocr_line' id='line_1_11' title="bbox 143 884 1536 936; baseline -0.002 -13"><span class='ocrx_word' id='word_1_76' title='bbox 143 889 227 936; x_wconf 73' lang='grc' dir='ltr'>(μιὶε</span> <span class='ocrx_word' id='word_1_77' title='bbox 246 889 437 923; x_wconf 65' lang='lat' dir='ltr'>sententiis</span> <span class='ocrx_word' id='word_1_78' title='bbox 459 891 525 923; x_wconf 64' lang='lat' dir='ltr'>cult</span> <span class='ocrx_word' id='word_1_79' title='bbox 549 889 695 924; x_wconf 73' lang='lat' dir='ltr'>acutior</span> <span class='ocrx_word' id='word_1_80' title='bbox 724 892 789 923; x_wconf 78' lang='lat' dir='ltr'>aut</span> <span class='ocrx_word' id='word_1_81' title='bbox 813 884 1001 924; x_wconf 73' lang='lat' dir='ltr'>crebrior?</span> <span class='ocrx_word' id='word_1_82' title='bbox 1030 889 1113 935; x_wconf 77' lang='grc' dir='ltr'><em>(μιὶε</em></span> <span class='ocrx_word' id='word_1_83' title='bbox 1134 886 1254 924; x_wconf 72' lang='lat' dir='ltr'>verbis</span> <span class='ocrx_word' id='word_1_84' title='bbox 1278 890 1343 922; x_wconf 79' lang='lat' dir='ltr'>aut</span> <span class='ocrx_word' id='word_1_85' title='bbox 1367 887 1536 922; x_wconf 75' lang='lat' dir='ltr'>ornatior</span> 
     </span>
     <span class='ocr_line' id='line_1_12' title="bbox 143 950 1534 1003; baseline -0.001 -14"><span class='ocrx_word' id='word_1_86' title='bbox 143 958 208 991; x_wconf 78' lang='grc' dir='ltr'><strong><em>αιιι</em></strong></span> <span class='ocrx_word' id='word_1_87' title='bbox 240 950 472 1001; x_wconf 67' lang='lat' dir='ltr'>elegantior?</span> <span class='ocrx_word' id='word_1_88' title='bbox 528 952 578 992; x_wconf 88' lang='lat' dir='ltr'>Et</span> <span class='ocrx_word' id='word_1_89' title='bbox 607 953 681 992; x_wconf 87' lang='lat' dir='ltr'>hoc</span> <span class='ocrx_word' id='word_1_90' title='bbox 711 957 748 992; x_wconf 91' lang='lat' dir='ltr'>et</span> <span class='ocrx_word' id='word_1_91' title='bbox 778 952 877 1000; x_wconf 86' lang='lat' dir='ltr'>alia,</span> <span class='ocrx_word' id='word_1_92' title='bbox 923 963 1023 1003; x_wconf 85' lang='lat' dir='ltr'>quae</span> <span class='ocrx_word' id='word_1_93' title='bbox 1061 963 1160 989; x_wconf 91' lang='lat' dir='ltr'>nunc</span> <span class='ocrx_word' id='word_1_94' title='bbox 1189 952 1435 1001; x_wconf 79' lang='lat' dir='ltr'>ignoramus,</span> <span class='ocrx_word' id='word_1_95' title='bbox 1475 950 1534 988; x_wconf 89' lang='lat' dir='ltr'>iu-</span> 
     </span>
     <span class='ocr_line' id='line_1_13' title="bbox 142 1016 1534 1068; baseline -0.004 -10"><span class='ocrx_word' id='word_1_96' title='bbox 142 1019 246 1058; x_wconf 86' lang='lat' dir='ltr'>dicia</span> <span class='ocrx_word' id='word_1_97' title='bbox 262 1018 462 1059; x_wconf 80' lang='lat' dir='ltr'>Ciceronis</span> <span class='ocrx_word' id='word_1_98' title='bbox 484 1019 572 1059; x_wconf 84' lang='lat' dir='ltr'>vivo</span> <span class='ocrx_word' id='word_1_99' title='bbox 590 1018 773 1066; x_wconf 83' lang='lat' dir='ltr'>Caesare,</span> <span class='ocrx_word' id='word_1_100' title='bbox 798 1029 881 1056; x_wconf 90' lang='lat' dir='ltr'>cum</span> <span class='ocrx_word' id='word_1_101' title='bbox 901 1029 977 1068; x_wconf 90' lang='lat' dir='ltr'>quo</span> <span class='ocrx_word' id='word_1_102' title='bbox 1004 1017 1073 1056; x_wconf 91' lang='lat' dir='ltr'>ille</span> <span class='ocrx_word' id='word_1_103' title='bbox 1095 1016 1268 1055; x_wconf 83' lang='lat' dir='ltr'>redierat</span> <span class='ocrx_word' id='word_1_104' title='bbox 1289 1017 1328 1054; x_wconf 89' lang='lat' dir='ltr'>in</span> <span class='ocrx_word' id='word_1_105' title='bbox 1352 1016 1534 1066; x_wconf 82' lang='lat' dir='ltr'>gratiam,</span> 
     </span>
     <span class='ocr_line' id='line_1_14' title="bbox 141 1081 1534 1138; baseline -0.004 -12"><span class='ocrx_word' id='word_1_106' title='bbox 141 1086 300 1138; x_wconf 89' lang='lat' dir='ltr'>prolata</span> <span class='ocrx_word' id='word_1_107' title='bbox 329 1084 379 1123; x_wconf 87' lang='lat' dir='ltr'>ad</span> <span class='ocrx_word' id='word_1_108' title='bbox 409 1085 576 1124; x_wconf 89' lang='lat' dir='ltr'>omnium</span> <span class='ocrx_word' id='word_1_109' title='bbox 605 1085 782 1123; x_wconf 88' lang='lat' dir='ltr'>notitiam</span> <span class='ocrx_word' id='word_1_110' title='bbox 810 1083 1036 1136; x_wconf 85' lang='lat' dir='ltr'>pervenisse</span> <span class='ocrx_word' id='word_1_111' title='bbox 1063 1084 1147 1123; x_wconf 84' lang='lat' dir='ltr'>veri</span> <span class='ocrx_word' id='word_1_112' title='bbox 1178 1082 1302 1122; x_wconf 90' lang='lat' dir='ltr'>simile</span> <span class='ocrx_word' id='word_1_113' title='bbox 1326 1087 1395 1121; x_wconf 92' lang='lat' dir='ltr'>est.</span> <span class='ocrx_word' id='word_1_114' title='bbox 1447 1081 1534 1121; x_wconf 91' lang='lat' dir='ltr'>Non</span> 
     </span>
     <span class='ocr_line' id='line_1_15' title="bbox 142 1150 1536 1203; baseline -0.003 -12"><span class='ocrx_word' id='word_1_115' title='bbox 142 1153 242 1191; x_wconf 87' lang='lat' dir='ltr'>enim</span> <span class='ocrx_word' id='word_1_116' title='bbox 265 1152 298 1190; x_wconf 91' lang='lat' dir='ltr'>is</span> <span class='ocrx_word' id='word_1_117' title='bbox 321 1155 424 1200; x_wconf 91' lang='lat' dir='ltr'>erat,</span> <span class='ocrx_word' id='word_1_118' title='bbox 456 1151 523 1203; x_wconf 87' lang='lat' dir='ltr'>qui</span> <span class='ocrx_word' id='word_1_119' title='bbox 545 1156 712 1201; x_wconf 85' lang='lat' dir='ltr'>taceret,</span> <span class='ocrx_word' id='word_1_120' title='bbox 743 1151 777 1190; x_wconf 90' lang='lat' dir='ltr'>si</span> <span class='ocrx_word' id='word_1_121' title='bbox 802 1161 914 1203; x_wconf 88' lang='lat' dir='ltr'>quem</span> <span class='ocrx_word' id='word_1_122' title='bbox 946 1155 982 1191; x_wconf 89' lang='lat' dir='ltr'>et</span> <span class='ocrx_word' id='word_1_123' title='bbox 1002 1162 1095 1191; x_wconf 82' lang='lat' dir='ltr'>vere</span> <span class='ocrx_word' id='word_1_124' title='bbox 1118 1155 1154 1189; x_wconf 90' lang='lat' dir='ltr'>et</span> <span class='ocrx_word' id='word_1_125' title='bbox 1179 1150 1381 1201; x_wconf 83' lang='lat' dir='ltr'>eleganter</span> <span class='ocrx_word' id='word_1_126' title='bbox 1402 1153 1536 1201; x_wconf 88' lang='lat' dir='ltr'>posset</span> 
     </span>
     <span class='ocr_line' id='line_1_16' title="bbox 139 1218 320 1259; baseline -0.006 0"><span class='ocrx_word' id='word_1_127' title='bbox 139 1218 320 1259; x_wconf 87' lang='lat' dir='ltr'>laudare.</span> 
     </span>
    </p>

    <p class='ocr_par' dir='ltr' id='par_1_6' title="bbox 253 1285 1087 1335">
     <span class='ocr_line' id='line_1_17' title="bbox 253 1285 1087 1335; baseline -0.002 -9"><span class='ocrx_word' id='word_1_128' title='bbox 253 1285 347 1326; x_wconf 78' lang='lat'>252.</span> <span class='ocrx_word' id='word_1_129' title='bbox 407 1285 686 1335; x_wconf 69' lang='lat' dir='ltr'>existumatore]</span> <span class='ocrx_word' id='word_1_130' title='bbox 717 1298 753 1326; x_wconf 85' lang='lat' dir='ltr'>v.</span> <span class='ocrx_word' id='word_1_131' title='bbox 785 1285 825 1324; x_wconf 89' lang='lat' dir='ltr'>in</span> <span class='ocrx_word' id='word_1_132' title='bbox 855 1295 887 1324; x_wconf 87' lang='lat' dir='ltr'>c.</span> <span class='ocrx_word' id='word_1_133' title='bbox 917 1286 989 1333; x_wconf 75' lang='lat'>24,</span> <span class='ocrx_word' id='word_1_134' title='bbox 1020 1286 1087 1325; x_wconf 86' lang='lat'>92.</span> 
     </span>
    </p>

    <p class='ocr_par' dir='ltr' id='par_1_7' title="bbox 104 1348 1534 2075">
     <span class='ocr_line' id='line_1_18' title="bbox 250 1348 1534 1402; baseline -0.003 -10"><span class='ocrx_word' id='word_1_135' title='bbox 250 1351 430 1392; x_wconf 90' lang='lat' dir='ltr'><strong>LXXIII.</strong></span> <span class='ocrx_word' id='word_1_136' title='bbox 490 1352 583 1392; x_wconf 76' lang='lat'>254.</span> <span class='ocrx_word' id='word_1_137' title='bbox 641 1366 712 1402; x_wconf 82' lang='lat' dir='ltr'>quo</span> <span class='ocrx_word' id='word_1_138' title='bbox 754 1365 829 1390; x_wconf 64' lang='lat' dir='ltr'>emo</span> <span class='ocrx_word' id='word_1_139' title='bbox 873 1351 1122 1401; x_wconf 74' lang='lat' dir='ltr'>vincebamur]</span> <span class='ocrx_word' id='word_1_140' title='bbox 1176 1350 1336 1390; x_wconf 83' lang='lat' dir='ltr'>eandem</span> <span class='ocrx_word' id='word_1_141' title='bbox 1380 1348 1534 1389; x_wconf 84' lang='lat' dir='ltr'>laudem</span> 
     </span>
     <span class='ocr_line' id='line_1_19' title="bbox 140 1417 1534 1465; baseline -0.004 -5"><span class='ocrx_word' id='word_1_142' title='bbox 140 1419 254 1461; x_wconf 89' lang='lat' dir='ltr'>Molo</span> <span class='ocrx_word' id='word_1_143' title='bbox 281 1419 463 1459; x_wconf 86' lang='lat' dir='ltr'>Ciceroni</span> <span class='ocrx_word' id='word_1_144' title='bbox 493 1418 618 1457; x_wconf 87' lang='lat' dir='ltr'>fertur</span> <span class='ocrx_word' id='word_1_145' title='bbox 646 1419 830 1458; x_wconf 85' lang='lat' dir='ltr'>tribuisse</span> <span class='ocrx_word' id='word_1_146' title='bbox 858 1423 956 1458; x_wconf 89' lang='lat' dir='ltr'>teste</span> <span class='ocrx_word' id='word_1_147' title='bbox 984 1418 1196 1458; x_wconf 87' lang='lat' dir='ltr'>Plutarcho</span> <span class='ocrx_word' id='word_1_148' title='bbox 1227 1429 1259 1457; x_wconf 93' lang='lat' dir='ltr'>c.</span> <span class='ocrx_word' id='word_1_149' title='bbox 1283 1419 1344 1465; x_wconf 86' lang='lat'>4.;</span> <span class='ocrx_word' id='word_1_150' title='bbox 1374 1417 1407 1456; x_wconf 92' lang='lat' dir='ltr'>is</span> <span class='ocrx_word' id='word_1_151' title='bbox 1434 1417 1534 1456; x_wconf 90' lang='lat' dir='ltr'>enim</span> 
     </span>
     <span class='ocr_line' id='line_1_20' title="bbox 141 1483 1534 1538; baseline -0.004 -11"><span class='ocrx_word' id='word_1_152' title='bbox 141 1486 332 1528; x_wconf 87' lang='lat' dir='ltr'>Cicerone</span> <span class='ocrx_word' id='word_1_153' title='bbox 365 1484 469 1538; x_wconf 87' lang='lat' dir='ltr'>apud</span> <span class='ocrx_word' id='word_1_154' title='bbox 498 1497 539 1524; x_wconf 90' lang='lat' dir='ltr'>se</span> <span class='ocrx_word' id='word_1_155' title='bbox 569 1485 811 1525; x_wconf 87' lang='lat' dir='ltr'>declamante</span> <span class='ocrx_word' id='word_1_156' title='bbox 840 1485 904 1524; x_wconf 92' lang='lat' dir='ltr'>diu</span> <span class='ocrx_word' id='word_1_157' title='bbox 934 1485 1052 1524; x_wconf 89' lang='lat' dir='ltr'>silens</span> <span class='ocrx_word' id='word_1_158' title='bbox 1084 1490 1121 1524; x_wconf 90' lang='lat' dir='ltr'>et</span> <span class='ocrx_word' id='word_1_159' title='bbox 1154 1485 1195 1524; x_wconf 92' lang='lat' dir='ltr'>in</span> <span class='ocrx_word' id='word_1_160' title='bbox 1226 1483 1434 1535; x_wconf 88' lang='lat' dir='ltr'>cogitando</span> <span class='ocrx_word' id='word_1_161' title='bbox 1466 1483 1534 1522; x_wconf 89' lang='lat' dir='ltr'>de-</span> 
     </span>
     <span class='ocr_line' id='line_1_21' title="bbox 139 1551 1532 1603; baseline -0.003 -10"><span class='ocrx_word' id='word_1_162' title='bbox 139 1553 239 1594; x_wconf 85' lang='lat' dir='ltr'>fixus</span> <span class='ocrx_word' id='word_1_163' title='bbox 268 1552 387 1600; x_wconf 90' lang='lat' dir='ltr'>sedit,</span> <span class='ocrx_word' id='word_1_164' title='bbox 428 1551 567 1591; x_wconf 89' lang='lat' dir='ltr'>deinde</span> <span class='ocrx_word' id='word_1_165' title='bbox 599 1552 789 1592; x_wconf 88' lang='lat' dir='ltr'>Cicerone</span> <span class='ocrx_word' id='word_1_166' title='bbox 827 1551 868 1591; x_wconf 94' lang='lat' dir='ltr'>id</span> <span class='ocrx_word' id='word_1_167' title='bbox 904 1552 1097 1591; x_wconf 90' lang='lat' dir='ltr'>silentium</span> <span class='ocrx_word' id='word_1_168' title='bbox 1126 1563 1237 1591; x_wconf 88' lang='lat' dir='ltr'>secus</span> <span class='ocrx_word' id='word_1_169' title='bbox 1277 1552 1532 1603; x_wconf 88' lang='lat' dir='ltr'>interpretato</span> 
     </span>
     <span class='ocr_line' id='line_1_22' title="bbox 141 1617 1532 1665; baseline -0.002 -6"><span class='ocrx_word' id='word_1_170' title='bbox 141 1619 342 1661; x_wconf 88' lang='lat' dir='ltr'>confessus</span> <span class='ocrx_word' id='word_1_171' title='bbox 388 1630 474 1658; x_wconf 90' lang='lat' dir='ltr'>esse</span> <span class='ocrx_word' id='word_1_172' title='bbox 516 1619 642 1659; x_wconf 85' lang='lat' dir='ltr'>fertur</span> <span class='ocrx_word' id='word_1_173' title='bbox 682 1631 769 1659; x_wconf 90' lang='lat' dir='ltr'>sese</span> <span class='ocrx_word' id='word_1_174' title='bbox 806 1620 986 1659; x_wconf 89' lang='lat' dir='ltr'>miserari</span> <span class='ocrx_word' id='word_1_175' title='bbox 1026 1624 1170 1658; x_wconf 89' lang='lat' dir='ltr'>sortem</span> <span class='ocrx_word' id='word_1_176' title='bbox 1211 1618 1420 1665; x_wconf 87' lang='lat' dir='ltr'>Graeciae,</span> <span class='ocrx_word' id='word_1_177' title='bbox 1471 1617 1532 1656; x_wconf 90' lang='lat' dir='ltr'>cui</span> 
     </span>
     <span class='ocr_line' id='line_1_23' title="bbox 140 1685 1531 1738; baseline -0.003 -12"><span class='ocrx_word' id='word_1_178' title='bbox 140 1688 236 1736; x_wconf 89' lang='lat' dir='ltr'>iam,</span> <span class='ocrx_word' id='word_1_179' title='bbox 278 1697 379 1738; x_wconf 87' lang='lat' dir='ltr'>quae</span> <span class='ocrx_word' id='word_1_180' title='bbox 417 1686 506 1726; x_wconf 87' lang='lat' dir='ltr'>sola</span> <span class='ocrx_word' id='word_1_181' title='bbox 544 1686 684 1726; x_wconf 86' lang='lat' dir='ltr'>relicta</span> <span class='ocrx_word' id='word_1_182' title='bbox 723 1691 846 1735; x_wconf 90' lang='lat' dir='ltr'>esset,</span> <span class='ocrx_word' id='word_1_183' title='bbox 890 1686 977 1725; x_wconf 88' lang='lat' dir='ltr'>laus</span> <span class='ocrx_word' id='word_1_184' title='bbox 1019 1686 1265 1738; x_wconf 86' lang='lat' dir='ltr'>eloquentiae</span> <span class='ocrx_word' id='word_1_185' title='bbox 1302 1685 1531 1736; x_wconf 89' lang='lat' dir='ltr'>eriperetur.</span> 
     </span>
     <span class='ocr_line' id='line_1_24' title="bbox 140 1751 1532 1805; baseline -0.004 -10"><span class='ocrx_word' id='word_1_186' title='bbox 140 1755 243 1796; x_wconf 88' lang='lat' dir='ltr'>Suas</span> <span class='ocrx_word' id='word_1_187' title='bbox 269 1753 316 1793; x_wconf 92' lang='lat' dir='ltr'>de</span> <span class='ocrx_word' id='word_1_188' title='bbox 340 1752 500 1793; x_wconf 87' lang='lat' dir='ltr'>ditanda</span> <span class='ocrx_word' id='word_1_189' title='bbox 529 1758 565 1792; x_wconf 92' lang='lat' dir='ltr'>et</span> <span class='ocrx_word' id='word_1_190' title='bbox 586 1752 800 1792; x_wconf 86' lang='lat' dir='ltr'>erudienda</span> <span class='ocrx_word' id='word_1_191' title='bbox 822 1753 961 1804; x_wconf 86' lang='lat' dir='ltr'>lingua</span> <span class='ocrx_word' id='word_1_192' title='bbox 982 1752 1119 1792; x_wconf 85' lang='lat' dir='ltr'>laudes</span> <span class='ocrx_word' id='word_1_193' title='bbox 1143 1752 1261 1805; x_wconf 88' lang='lat' dir='ltr'>paulo</span> <span class='ocrx_word' id='word_1_194' title='bbox 1290 1751 1532 1791; x_wconf 87' lang='lat' dir='ltr'>ambitiosius</span> 
     </span>
     <span class='ocr_line' id='line_1_25' title="bbox 140 1817 1533 1868; baseline -0.004 -7"><span class='ocrx_word' id='word_1_195' title='bbox 140 1821 294 1861; x_wconf 86' lang='lat' dir='ltr'>extollit</span> <span class='ocrx_word' id='word_1_196' title='bbox 322 1820 406 1860; x_wconf 89' lang='lat' dir='ltr'>Fin.</span> <span class='ocrx_word' id='word_1_197' title='bbox 437 1820 503 1861; x_wconf 90' lang='lat' dir='ltr'>III.</span> <span class='ocrx_word' id='word_1_198' title='bbox 535 1822 578 1868; x_wconf 86' lang='lat'>2,</span> <span class='ocrx_word' id='word_1_199' title='bbox 609 1819 648 1860; x_wconf 83' lang='lat'>5.</span> <span class='ocrx_word' id='word_1_200' title='bbox 692 1820 776 1860; x_wconf 92' lang='lat' dir='ltr'>ND.</span> <span class='ocrx_word' id='word_1_201' title='bbox 801 1820 831 1860; x_wconf 94' lang='lat' dir='ltr'>I.</span> <span class='ocrx_word' id='word_1_202' title='bbox 855 1821 904 1867; x_wconf 88' lang='lat'>4,</span> <span class='ocrx_word' id='word_1_203' title='bbox 928 1821 967 1859; x_wconf 79' lang='lat'>8.</span> <span class='ocrx_word' id='word_1_204' title='bbox 1028 1819 1177 1859; x_wconf 87' lang='lat' dir='ltr'>Graece</span> <span class='ocrx_word' id='word_1_205' title='bbox 1207 1823 1335 1858; x_wconf 89' lang='lat' dir='ltr'>autem</span> <span class='ocrx_word' id='word_1_206' title='bbox 1362 1817 1533 1857; x_wconf 88' lang='lat' dir='ltr'>locutum</span> 
     </span>
     <span class='ocr_line' id='line_1_26' title="bbox 140 1883 1531 1938; baseline -0.005 -10"><span class='ocrx_word' id='word_1_207' title='bbox 140 1888 259 1928; x_wconf 83' lang='lat' dir='ltr'>facile</span> <span class='ocrx_word' id='word_1_208' title='bbox 297 1891 334 1926; x_wconf 91' lang='lat' dir='ltr'>et</span> <span class='ocrx_word' id='word_1_209' title='bbox 364 1898 448 1926; x_wconf 88' lang='lat' dir='ltr'>cum</span> <span class='ocrx_word' id='word_1_210' title='bbox 478 1898 595 1927; x_wconf 86' lang='lat' dir='ltr'>cursu</span> <span class='ocrx_word' id='word_1_211' title='bbox 625 1886 793 1938; x_wconf 86' lang='lat' dir='ltr'>quodam</span> <span class='ocrx_word' id='word_1_212' title='bbox 822 1890 859 1924; x_wconf 87' lang='lat' dir='ltr'>et</span> <span class='ocrx_word' id='word_1_213' title='bbox 887 1884 1041 1924; x_wconf 87' lang='lat' dir='ltr'>flumine</span> <span class='ocrx_word' id='word_1_214' title='bbox 1072 1885 1279 1925; x_wconf 86' lang='lat' dir='ltr'>verborum</span> <span class='ocrx_word' id='word_1_215' title='bbox 1307 1895 1385 1923; x_wconf 85' lang='lat' dir='ltr'>non</span> <span class='ocrx_word' id='word_1_216' title='bbox 1419 1883 1531 1922; x_wconf 88' lang='lat' dir='ltr'>dubi-</span> 
     </span>
     <span class='ocr_line' id='line_1_27' title="bbox 139 1951 1531 2003; baseline -0.004 -8"><span class='ocrx_word' id='word_1_217' title='bbox 139 1961 281 2003; x_wconf 87' lang='lat' dir='ltr'>tamus,</span> <span class='ocrx_word' id='word_1_218' title='bbox 312 1952 381 1993; x_wconf 89' lang='lat' dir='ltr'>sed</span> <span class='ocrx_word' id='word_1_219' title='bbox 407 1965 431 1992; x_wconf 87' lang='lat' dir='ltr'>a</span> <span class='ocrx_word' id='word_1_220' title='bbox 458 1965 554 1993; x_wconf 84' lang='lat' dir='ltr'>vera</span> <span class='ocrx_word' id='word_1_221' title='bbox 581 1953 780 2003; x_wconf 83' lang='lat' dir='ltr'>elegantia</span> <span class='ocrx_word' id='word_1_222' title='bbox 804 1956 950 1991; x_wconf 86' lang='lat' dir='ltr'>tantum</span> <span class='ocrx_word' id='word_1_223' title='bbox 973 1951 1118 1999; x_wconf 87' lang='lat' dir='ltr'>abfuit,</span> <span class='ocrx_word' id='word_1_224' title='bbox 1148 1956 1190 1991; x_wconf 91' lang='lat' dir='ltr'>ut</span> <span class='ocrx_word' id='word_1_225' title='bbox 1214 1963 1263 1991; x_wconf 88' lang='lat' dir='ltr'>ne</span> <span class='ocrx_word' id='word_1_226' title='bbox 1289 1951 1531 1990; x_wconf 90' lang='lat' dir='ltr'>soloecismis</span> 
     </span>
     <span class='ocr_line' id='line_1_28' title="bbox 104 2017 1532 2075; baseline -0.004 -14"><span class='ocrx_word' id='word_1_227' title='bbox 104 2059 106 2061; x_wconf 76' lang='grc'>,</span> <span class='ocrx_word' id='word_1_228' title='bbox 140 2022 294 2075; x_wconf 89' lang='lat' dir='ltr'>quidem</span> <span class='ocrx_word' id='word_1_229' title='bbox 318 2025 355 2060; x_wconf 90' lang='lat' dir='ltr'>et</span> <span class='ocrx_word' id='word_1_230' title='bbox 376 2020 547 2062; x_wconf 86' lang='lat' dir='ltr'>barbare</span> <span class='ocrx_word' id='word_1_231' title='bbox 564 2019 676 2060; x_wconf 88' lang='lat' dir='ltr'>dictis</span> <span class='ocrx_word' id='word_1_232' title='bbox 703 2019 933 2058; x_wconf 88' lang='lat' dir='ltr'>abstineret:</span> <span class='ocrx_word' id='word_1_233' title='bbox 962 2018 1167 2058; x_wconf 89' lang='lat' dir='ltr'>ostendunt</span> <span class='ocrx_word' id='word_1_234' title='bbox 1182 2019 1331 2058; x_wconf 88' lang='lat' dir='ltr'>inserta</span> <span class='ocrx_word' id='word_1_235' title='bbox 1355 2017 1532 2069; x_wconf 89' lang='lat' dir='ltr'>epistolis</span> 
     </span>
    </p>
   </div>
   <div class='ocr_carea' id='block_1_6' title="bbox 139 2088 1531 2204">
    <p class='ocr_par' dir='ltr' id='par_1_8' title="bbox 139 2088 1531 2204">
     <span class='ocr_line' id='line_1_29' title="bbox 139 2088 398 2129; baseline -0.012 0"><span class='ocrx_word' id='word_1_236' title='bbox 139 2089 190 2129; x_wconf 87' lang='lat' dir='ltr'>ad</span> <span class='ocrx_word' id='word_1_237' title='bbox 216 2088 398 2129; x_wconf 89' lang='lat' dir='ltr'>Atticum.</span> 
     </span>
     <span class='ocr_line' id='line_1_30' title="bbox 251 2151 1531 2204; baseline -0.004 -8"><span class='ocrx_word' id='word_1_238' title='bbox 251 2155 345 2196; x_wconf 79' lang='lat'>255.</span> <span class='ocrx_word' id='word_1_239' title='bbox 403 2152 682 2203; x_wconf 67' lang='lat' dir='ltr'>supplicationi]</span> <span class='ocrx_word' id='word_1_240' title='bbox 710 2151 890 2192; x_wconf 85' lang='lat' dir='ltr'>decretae</span> <span class='ocrx_word' id='word_1_241' title='bbox 904 2155 1067 2204; x_wconf 84' lang='lat' dir='ltr'>propter</span> <span class='ocrx_word' id='word_1_242' title='bbox 1080 2157 1276 2204; x_wconf 84' lang='lat' dir='ltr'>repertam</span> <span class='ocrx_word' id='word_1_243' title='bbox 1293 2151 1531 2191; x_wconf 90' lang='lat' dir='ltr'>coniuratio-</span> 
     </span>
    </p>
   </div>
   <div class='ocr_carea' id='block_1_7' title="bbox 138 2221 1532 2742">
    <p class='ocr_par' dir='ltr' id='par_1_9' title="bbox 138 2221 462 2264">
     <span class='ocr_line' id='line_1_31' title="bbox 138 2221 462 2264; baseline -0.019 0"><span class='ocrx_word' id='word_1_244' title='bbox 138 2235 224 2264; x_wconf 89' lang='lat' dir='ltr'>nem</span> <span class='ocrx_word' id='word_1_245' title='bbox 255 2221 462 2263; x_wconf 84' lang='lat' dir='ltr'>Catilinae.</span> 
     </span>
    </p>

    <p class='ocr_par' dir='ltr' id='par_1_10' title="bbox 138 2284 1532 2742">
     <span class='ocr_line' id='line_1_32' title="bbox 250 2284 1532 2338; baseline -0.002 -12"><span class='ocrx_word' id='word_1_246' title='bbox 250 2286 448 2338; x_wconf 68' lang='lat' dir='ltr'>Liyurum]</span> <span class='ocrx_word' id='word_1_247' title='bbox 487 2285 660 2325; x_wconf 89' lang='lat' dir='ltr'>homines</span> <span class='ocrx_word' id='word_1_248' title='bbox 702 2289 839 2338; x_wconf 88' lang='lat' dir='ltr'>suapte</span> <span class='ocrx_word' id='word_1_249' title='bbox 874 2289 1016 2324; x_wconf 86' lang='lat' dir='ltr'>natura</span> <span class='ocrx_word' id='word_1_250' title='bbox 1050 2284 1262 2324; x_wconf 90' lang='lat' dir='ltr'>bellicosos</span> <span class='ocrx_word' id='word_1_251' title='bbox 1292 2290 1329 2324; x_wconf 89' lang='lat' dir='ltr'>et</span> <span class='ocrx_word' id='word_1_252' title='bbox 1356 2285 1532 2325; x_wconf 91' lang='lat' dir='ltr'>locorum</span> 
     </span>
     <span class='ocr_line' id='line_1_33' title="bbox 139 2352 1532 2404; baseline -0.004 -7"><span class='ocrx_word' id='word_1_253' title='bbox 139 2358 216 2397; x_wconf 90' lang='lat' dir='ltr'>situ</span> <span class='ocrx_word' id='word_1_254' title='bbox 242 2355 517 2395; x_wconf 89' lang='lat' dir='ltr'>munitissimos</span> <span class='ocrx_word' id='word_1_255' title='bbox 546 2353 688 2393; x_wconf 86' lang='lat' dir='ltr'>Florus</span> <span class='ocrx_word' id='word_1_256' title='bbox 730 2363 801 2392; x_wconf 89' lang='lat' dir='ltr'>suo</span> <span class='ocrx_word' id='word_1_257' title='bbox 832 2364 939 2392; x_wconf 90' lang='lat' dir='ltr'>more</span> <span class='ocrx_word' id='word_1_258' title='bbox 969 2352 1147 2392; x_wconf 84' lang='lat' dir='ltr'>acumina</span> <span class='ocrx_word' id='word_1_259' title='bbox 1182 2352 1337 2404; x_wconf 89' lang='lat' dir='ltr'>ineptiis</span> <span class='ocrx_word' id='word_1_260' title='bbox 1367 2353 1532 2392; x_wconf 90' lang='lat' dir='ltr'>miscens</span> 
     </span>
     <span class='ocr_line' id='line_1_34' title="bbox 140 2419 1531 2470; baseline -0.004 -6"><span class='ocrx_word' id='word_1_261' title='bbox 140 2425 195 2464; x_wconf 85' lang='lat' dir='ltr'>ait</span> <span class='ocrx_word' id='word_1_262' title='bbox 232 2426 412 2461; x_wconf 64' lang='lat' dir='ltr'>maiorem</span> <span class='ocrx_word' id='word_1_263' title='bbox 450 2421 613 2459; x_wconf 81' lang='lat' dir='ltr'>laborem</span> <span class='ocrx_word' id='word_1_264' title='bbox 638 2420 755 2467; x_wconf 66' lang='lat' dir='ltr'>fecisse</span> <span class='ocrx_word' id='word_1_265' title='bbox 790 2422 954 2457; x_wconf 64' lang='lat' dir='ltr'>invenire</span> <span class='ocrx_word' id='word_1_266' title='bbox 980 2432 1093 2470; x_wconf 79' lang='lat' dir='ltr'>quam</span> <span class='ocrx_word' id='word_1_267' title='bbox 1122 2422 1286 2465; x_wconf 69' lang='lat' dir='ltr'>vincere,</span> <span class='ocrx_word' id='word_1_268' title='bbox 1328 2419 1375 2459; x_wconf 94' lang='lat' dir='ltr'>II.</span> <span class='ocrx_word' id='word_1_269' title='bbox 1408 2421 1457 2469; x_wconf 88' lang='lat'>3,</span> <span class='ocrx_word' id='word_1_270' title='bbox 1490 2421 1531 2459; x_wconf 87' lang='lat'>4.</span> 
     </span>
     <span class='ocr_line' id='line_1_35' title="bbox 139 2484 1529 2536; baseline -0.004 -5"><span class='ocrx_word' id='word_1_271' title='bbox 139 2492 174 2532; x_wconf 88' lang='lat' dir='ltr'>A</span> <span class='ocrx_word' id='word_1_272' title='bbox 201 2489 308 2530; x_wconf 89' lang='lat' dir='ltr'>bello</span> <span class='ocrx_word' id='word_1_273' title='bbox 331 2487 590 2528; x_wconf 82' lang='lat' dir='ltr'>Hannibalico</span> <span class='ocrx_word' id='word_1_274' title='bbox 620 2486 726 2526; x_wconf 86' lang='lat' dir='ltr'>finito</span> <span class='ocrx_word' id='word_1_275' title='bbox 756 2485 804 2525; x_wconf 88' lang='lat' dir='ltr'>ad</span> <span class='ocrx_word' id='word_1_276' title='bbox 836 2484 1112 2536; x_wconf 81' lang='lat' dir='ltr'>Carthaginem</span> <span class='ocrx_word' id='word_1_277' title='bbox 1142 2486 1308 2525; x_wconf 89' lang='lat' dir='ltr'>deletam</span> <span class='ocrx_word' id='word_1_278' title='bbox 1336 2487 1402 2527; x_wconf 78' lang='lat' dir='ltr'>vix</span> <span class='ocrx_word' id='word_1_279' title='bbox 1431 2498 1529 2526; x_wconf 89' lang='lat' dir='ltr'>unus</span> 
     </span>
     <span class='ocr_line' id='line_1_36' title="bbox 140 2553 1530 2604; baseline -0.005 -5"><span class='ocrx_word' id='word_1_280' title='bbox 140 2570 261 2599; x_wconf 88' lang='lat' dir='ltr'>annus</span> <span class='ocrx_word' id='word_1_281' title='bbox 292 2557 441 2597; x_wconf 78' lang='lat' dir='ltr'>alterve</span> <span class='ocrx_word' id='word_1_282' title='bbox 469 2555 571 2594; x_wconf 90' lang='lat' dir='ltr'>liber</span> <span class='ocrx_word' id='word_1_283' title='bbox 600 2566 623 2593; x_wconf 84' lang='lat' dir='ltr'>a</span> <span class='ocrx_word' id='word_1_284' title='bbox 646 2554 762 2594; x_wconf 92' lang='lat' dir='ltr'>bellis</span> <span class='ocrx_word' id='word_1_285' title='bbox 787 2553 1003 2604; x_wconf 83' lang='lat' dir='ltr'>Ligustinis</span> <span class='ocrx_word' id='word_1_286' title='bbox 1032 2553 1124 2601; x_wconf 87' lang='lat' dir='ltr'>fuit;</span> <span class='ocrx_word' id='word_1_287' title='bbox 1152 2553 1399 2593; x_wconf 89' lang='lat' dir='ltr'>rebellabant</span> <span class='ocrx_word' id='word_1_288' title='bbox 1419 2554 1530 2602; x_wconf 88' lang='lat' dir='ltr'>enim,</span> 
     </span>
     <span class='ocr_line' id='line_1_37' title="bbox 138 2608 1530 2678; baseline -0.004 -13"><span class='ocrx_word' id='word_1_289' title='bbox 138 2631 181 2665; x_wconf 90' lang='lat' dir='ltr'>ut</span> <span class='ocrx_word' id='word_1_290' title='bbox 208 2629 370 2678; x_wconf 89' lang='lat' dir='ltr'>propter</span> <span class='ocrx_word' id='word_1_291' title='bbox 399 2621 710 2662; x_wconf 86' lang='lat' dir='ltr'>necessariorum</span> <span class='ocrx_word' id='word_1_292' title='bbox 734 2621 906 2673; x_wconf 88' lang='lat' dir='ltr'>inopiam</span> <span class='ocrx_word' id='word_1_293' title='bbox 940 2620 1094 2661; x_wconf 86' lang='lat' dir='ltr'>Galliae</span> <span class='ocrx_word' id='word_1_294' title='bbox 1124 2625 1160 2660; x_wconf 91' lang='lat' dir='ltr'>et</span> <span class='ocrx_word' id='word_1_295' title='bbox 1185 2608 1368 2660; x_wconf 87' lang='lat' dir='ltr'>Etruriae</span> <span class='ocrx_word' id='word_1_296' title='bbox 1398 2624 1530 2671; x_wconf 86' lang='lat' dir='ltr'>partes</span> 
     </span>
     <span class='ocr_line' id='line_1_38' title="bbox 140 2686 1529 2742; baseline -0.004 -10"><span class='ocrx_word' id='word_1_297' title='bbox 140 2692 363 2731; x_wconf 87' lang='lat' dir='ltr'>adiacentes</span> <span class='ocrx_word' id='word_1_298' title='bbox 398 2688 744 2742; x_wconf 87' lang='lat' dir='ltr'>depopularentur:</span> <span class='ocrx_word' id='word_1_299' title='bbox 786 2701 822 2729; x_wconf 81' lang='lat' dir='ltr'>v.</span> <span class='ocrx_word' id='word_1_300' title='bbox 854 2687 939 2730; x_wconf 80' lang='lat' dir='ltr'>Liv.</span> <span class='ocrx_word' id='word_1_301' title='bbox 970 2687 1131 2729; x_wconf 91' lang='lat' dir='ltr'>XXXV.</span> <span class='ocrx_word' id='word_1_302' title='bbox 1162 2687 1231 2728; x_wconf 84' lang='lat'>40.</span> <span class='ocrx_word' id='word_1_303' title='bbox 1274 2686 1460 2728; x_wconf 92' lang='lat' dir='ltr'>XXXIX.</span> <span class='ocrx_word' id='word_1_304' title='bbox 1492 2689 1529 2727; x_wconf 93' lang='lat'>1.</span> 
     </span>
    </p>
   </div>
   <div class='ocr_carea' id='block_1_8' title="bbox 138 2755 804 2801">
    <p class='ocr_par' dir='ltr' id='par_1_11' title="bbox 138 2755 804 2801">
     <span class='ocr_line' id='line_1_39' title="bbox 138 2755 804 2801; baseline -0.006 0"><span class='ocrx_word' id='word_1_305' title='bbox 138 2759 223 2801; x_wconf 91' lang='lat' dir='ltr'>XL.</span> <span class='ocrx_word' id='word_1_306' title='bbox 255 2758 321 2800; x_wconf 80' lang='lat'>25.</span> <span class='ocrx_word' id='word_1_307' title='bbox 365 2757 469 2799; x_wconf 88' lang='lat' dir='ltr'>XLI.</span> <span class='ocrx_word' id='word_1_308' title='bbox 502 2757 566 2797; x_wconf 86' lang='grc'><strong>16.</strong></span> <span class='ocrx_word' id='word_1_309' title='bbox 609 2755 732 2798; x_wconf 90' lang='lat' dir='ltr'>XLII.</span> <span class='ocrx_word' id='word_1_310' title='bbox 763 2756 804 2797; x_wconf 84' lang='grc'><strong>8.</strong></span> 
     </span>
    </p>
   </div>
  </div>
 </body>
</html>
