1835 3126
324 160 521 204 BREVIS
554 158 949 212 ELOQUENTIAE
981 160 1116 203 ΗΘΜ.
1148 160 1290 203 HIST.
1429 163 1507 206 81

114 277 238 316 sactus
276 288 312 314 a.
343 277 443 324 672,
485 275 528 315 C.
559 275 692 315 Mario
731 274 773 314 C.
805 274 850 314 F.
882 279 919 314 et
948 272 1016 313 Cn.
1049 274 1230 314 Carbone
1268 275 1504 315 consulibus.

112 343 361 383 Aedilitatem
397 343 518 393 igitur
549 347 585 381 et
613 347 855 394 praeturam,
895 354 1058 393 quorum
1088 342 1179 380 anni
1207 343 1504 394 praeterlerant‚

114 421 188 449 non
225 411 377 461 petivit,
415 414 456 448 ut
493 421 604 460 quem
642 408 692 448 ad
721 409 873 448 modum
902 409 1105 461 Philippus
1147 414 1183 448 et
1215 409 1334 449 Curio
1375 409 1505 448 dicere

112 482 245 528 posset
284 488 325 516 se
364 477 447 515 sine
485 476 566 516 ullo
606 488 762 516 munere
800 477 929 516 onmia
967 477 1041 516 civi
1078 476 1252 516 Romano
1290 476 1506 516 honorifica.

112 542 306 594 adeptum.
365 543 444 584 Sed
483 549 549 583 aut
587 543 725 584 Sullae
761 556 838 583 non
879 546 972 584 satis
1012 550 1193 597 acceptus
1230 543 1303 583 fuit
1338 548 1404 582 aut
1435 556 1504 582 an-

113 611 263 659 gustias
294 611 491 663 petitionis
522 610 671 662 defugit
702 617 757 660 et,
790 624 874 652 cum
899 613 969 652 alii
997 625 1134 664 parum
1165 612 1273 663 digni
1304 611 1505 650 dictator1s

112 676 302 727 suffragio
325 677 374 717 ad
390 691 574 717 summum
590 679 775 718 honorem
799 680 1098 726 extollerentur,
1125 679 1216 727 alii,
1240 684 1280 718 ut
1297 678 1341 728 Q.
1361 678 1505 725 Osella,

113 744 317 783 audaciam
345 745 500 796 petendi
529 751 652 784 morte
682 745 851 792 luerent,
884 758 908 784 a
930 746 1133 785 consulatu
1163 745 1386 791 ambiendo,
1418 745 1507 783 dum

113 811 227 851 Sulla
263 817 460 863 superstes
499 816 602 858 erat,
641 811 837 850 abstinuit.
897 811 956 850 Ita
989 823 1089 850 anno
1123 810 1271 849 demum
1301 812 1384 849 679
1423 821 1507 848 cum

112 878 156 916 L.
195 877 356 916 Octavio
394 877 530 917 consul
568 877 694 916 sactus
736 882 805 917 est.
863 877 933 916 His
973 878 1198 917 consulibus
1240 877 1296 916 rei
1334 876 1505 915 frumen-

112 945 237 983 tariae
267 955 361 983 cura
392 949 503 983 extra
533 944 706 983 ordinem
736 944 968 984 demandata
999 951 1056 985 est
1076 943 1154 996 (2).

224 1011 303 1050 Sed
340 1012 505 1061 insignis
542 1011 679 1052 Cottae
717 1012 941 1052 consulatus
979 1013 1145 1052 maxime
1184 1024 1229 1052 eo
1268 1011 1359 1059 suit,
1400 1007 1507 1063 quod

110 1079 184 1118 hoc
209 1084 368 1118 auctore
392 1079 610 1118 tribunatus
632 1079 786 1118 macula
807 1080 1045 1130 ignominiae
1059 1073 1264 1120 ‘liberatus
1290 1083 1359 1127 est,
1391 1089 1508 1130 quam

110 1146 348 1197 imposuerat
368 1146 482 1187 Sulla
505 1146 671 1186 dictator
692 1147 877 1196 vetando,
902 1159 950 1187 ne
975 1148 1040 1200 qui
1063 1148 1299 1187 tribunatum
1322 1146 1510 1197 gessisset

112 1213 231 1252 alium
266 1213 403 1253 deinde
432 1215 619 1254 honorem
653 1219 810 1265 gereret
830 1212 911 1266 (³).
972 1215 1051 1255 Sed
1082 1215 1219 1267 quales
1249 1214 1393 1253 fuerint
1425 1213 1506 1252 Au-

110 1280 234 1319 reliae
263 1280 373 1330 leges
404 1281 519 1330 illae,
559 1281 606 1321 de
637 1282 775 1334 quibus
807 1282 1047 1334 abrogandis
1084 1282 1170 1334 ipse
1208 1282 1247 1320 in
1278 1286 1415 1320 senatu
1444 1291 1506 1318 re-

110 1347 246 1386 tulisse
277 1348 460 1388 Ciceroni
497 1349 637 1389 dicitur
662 1346 726 1401 (4)
765 1361 835 1389 nec
874 1350 987 1389 nohis
1027 1354 1199 1397 constat,
1237 1359 1308 1387 nec
1339 1347 1508 1397 diligen-

112 1414 279 1452 tissimus
319 1416 488 1454 oratoris
524 1416 716 1468 interpres
754 1418 945 1456 Asconius
984 1416 1087 1467 apud
1124 1414 1385 1455 Fenestellam
1416 1413 1508 1453 Sal—

111 1481 268 1520 lustium
306 1481 506 1522 Liviumve
549 1483 708 1534 reperit.
773 1484 867 1522 Post
911 1483 1154 1522 consulatum
1201 1481 1369 1521 Galliam
1413 1492 1507 1532 pro-

111 1549 277 1588 vinciam
308 1549 492 1596 ol)tinuit;
529 1549 569 1587 in
600 1561 677 1600 qua
707 1561 791 1588 cum
821 1549 994 1589 studiose
1023 1549 1256 1600 triumphum
1287 1552 1506 1600 quaereret,

113 1616 220 1655 cuius
265 1616 369 1654 iusta
406 1627 526 1655 causa
568 1628 644 1655 non
690 1622 790 1665 erat,
834 1617 910 1655 iam
956 1616 1112 1655 decreto
1156 1616 1307 1654 honore
1344 1620 1508 1666 propter

113 1688 273 1722 mortem
304 1684 544 1735 repentinam
573 1683 653 1722 frui
681 1695 758 1722 non
786 1684 913 1735 potuit
937 1680 1014 1733 (5).

226 1749 462 1798 Causarum,
507 1761 603 1800 quas
648 1749 766 1797 dixit,
811 1761 963 1802 paucae
1009 1760 1157 1801 eaeque
1200 1749 1354 1788 nomine
1397 1753 1508 1787 tenus

113 1823 228 1857 notae
258 1822 355 1855 sunt.
414 1815 653 1856 Adolescens
690 1815 861 1856 defendit
893 1820 936 1854 P.
969 1817 1155 1854 Rutilium
1186 1815 1416 1857 avunculum
1440 1812 1508 1867 (ὅ)

114 1889 172 1932 et,
218 1884 392 1935 quamvis
434 1896 561 1936 pauca
599 1889 635 1923 et
676 1883 759 1922 sine
799 1889 964 1932 ornatu,
1009 1889 1138 1923 tamen
1178 1883 1353 1923 oratorie
1398 1882 1507 1922 dixit.

109 1950 259 1990 Deinde
289 1956 419 1989 contra
442 1953 642 1989 Arretinae
663 1951 830 1989 mulieris
857 1951 1063 1989 libertatem
1094 1950 1191 1989 dixit
1217 1950 1407 1991 Cicerone
1439 1949 1508 1989 de-

110 2018 308 2057 fendente:
340 2017 530 2057 dictatore
561 2019 644 2057 sine
674 2017 791 2057 dnbio
823 2018 956 2066 Sulla,
989 2030 1101 2070 quem
1124 2018 1379 2057 Etruscorum
1409 2028 1507 2068 gen-

110 2091 186 2125 tem
221 2085 324 2124 omni
353 2097 497 2136 genere
526 2085 738 2125 violentiae
772 2086 1005 2124 exstinxisse
1043 2085 1203 2124 scimus:
1241 2084 1309 2123 sed
1339 2096 1429 2122 num
1459 2095 1508 2122 ea

112 2153 213 2192 actio
239 2153 279 2191 in
293 2154 366 2203 Ap.
385 2151 589 2191 Claudium
615 2157 651 2190 et
666 2153 709 2191 P.
728 2152 936 2191 Servilium
955 2151 1134 2190 consules
1157 2150 1303 2189 incidat
1322 2149 1375 2199 (a.
1392 2150 1506 2200 675),

113 2231 214 2271 quae
236 2219 369 2269 Pighii
399 2219 591 2257 sententia
618 2222 692 2264 est,
725 2229 772 2256 ex
795 2217 995 2258 Ciceronis
1020 2217 1198 2256 oratione
1227 2228 1299 2268 pro
1324 2215 1506 2265 Caecina,

64 2305 78 2313 -
113 2298 227 2338 quam
263 2290 448 2332 testatur,
486 2296 564 2323 non
594 2283 760 2323 efficitur
781 2282 859 2335 (⁷).
920 2283 1018 2323 Tum
1054 2286 1219 2321 Titiniae
1252 2284 1369 2322 uxori
1398 2282 1509 2322 affuit

111 2365 189 2393 una
213 2364 297 2392 cum
315 2352 504 2393 Cicerone
526 2352 566 2390 in
587 2351 730 2392 iudicio
754 2352 907 2403 privato
931 2350 994 2391 vel
1013 2350 1193 2398 maximo,
1220 2361 1303 2389 cum
1323 2349 1366 2391 G.
1385 2350 1505 2391 Curio

111 2432 183 2472 pro
223 2420 390 2471 petitore
431 2419 517 2461 Ser.
556 2418 706 2460 Naevio
749 2418 895 2459 diceret
921 2414 1003 2469 (⁸).
1062 2417 1179 2458 Prior
1218 2422 1346 2457 autem
1386 2429 1506 2458 causa

205 2585 241 2627 2)
268 2584 340 2620 Cic.
363 2583 468 2618 Verr.
489 2584 617 2619 Aecus.
642 2583 704 2620 ΙΙΙ.
726 2585 765 2627 7,
794 2584 845 2619 18.
961 2583 1000 2627 3)
1025 2584 1159 2618 Ascon.
1185 2583 1231 2617 ad
1249 2582 1505 2619 Cornelianum

112 2654 145 2687 p.
173 2641 229 2676 66.
257 2639 370 2677 Orell.
490 2642 525 2684 4)
561 2642 583 2677 l.
618 2653 647 2676 c.
766 2643 802 2685 5)
839 2640 912 2676 Cic.
943 2640 1019 2675 Pis.
1046 2639 1101 2676 26.
1220 2639 1259 2683 6)
1293 2640 1365 2675 Cic.
1399 2637 1503 2673 Brut.

112 2698 176 2740 30,
204 2698 280 2732 115.
400 2697 435 2740 7)
464 2698 536 2734 Cic.
565 2697 671 2732 Caec.
699 2697 753 2732 33.
871 2697 907 2740 8)
933 2696 1005 2732 Cic.
1032 2695 1137 2735 Brut,
1163 2696 1228 2738 60,
1254 2695 1331 2729 217.

1200 2765 1228 2806 6
