1835 3126
401 232 482 276 AD
515 231 627 275 Cle.
660 231 926 275 BRUTUM
959 233 1076 277 (JAP.
1105 236 1144 276 2.
1176 235 1215 276 3.
1382 234 1506 281 33³

225 349 262 388 7.
321 350 572 398 patrocinium
601 348 718 398 pacis]
746 359 881 400 pacem
907 348 1005 387 enim
1030 359 1182 400 semper
1212 347 1281 389 ille
1305 355 1505 398 suaserat3

111 428 144 456 v.
174 414 274 467 ΕΡΡ.
303 414 353 454 ad
380 415 467 457 Div.
498 415 561 457 VI.
595 417 633 455 6.
684 415 765 457 VII.
797 417 834 455 3.
881 415 982 457 XVI.
1014 418 1076 455 12.
1136 415 1195 467 De
1227 429 1351 454 errore
1382 417 1505 455 honti-

109 494 197 519 uum
221 482 318 521 haec
341 484 466 535 perite
490 483 672 536 ascripsit
694 482 943 534 Bernhardy:
969 511 995 528 ‚,
1010 495 1170 520 errorem
1194 481 1285 521 dicit
1309 483 1505 523 lenissime

109 548 276 588 consilia
292 550 431 591 civium
456 551 572 590 fatali
597 549 765 603 quadam
789 550 828 590 vi
853 553 1058 600 corrupta,
1090 560 1166 600 quo
1189 548 1358 588 refertur
1382 551 1504 591 Grae-

108 626 240 655 corum
268 615 555 669 θεοβλάβεια.
614 617 852 658 Sententiam
884 616 993 655 illam
1024 616 1264 667 antiquitatis
1295 617 1506 670 explicavit

108 682 261 722 Ruhnk.
299 684 338 723 in
374 685 476 727 Vell.
514 685 564 725 ΙΙ.
604 686 672 726 57.
732 688 908 722 Errorem
947 695 1061 731 vero,
1096 682 1199 734 quod
1236 695 1306 723 nos
1343 684 1503 725 dicimus

114 750 390 801 Verbiemluny,
431 752 610 792 similiter
647 751 839 802 Virgilius
879 751 917 789 in
954 750 1180 790 clarissimis
1217 752 1414 792 versibus:
1454 756 1503 790 Dt

109 818 265 856 meliora
295 821 369 868 piis
399 832 631 870 erroremque
661 819 825 858 hostibus
854 818 959 856 illum
987 817 1094 857 &c.“

222 885 261 925 8.
322 899 474 936 cunique
515 889 599 936 ipsa
645 888 767 924 oratio
810 906 865 912 ——-
910 884 1135 932 cartesceret]
1186 885 1359 936 respexit
1405 886 1502 925 haec

108 950 369 1000 Quintilianus
399 953 468 992 XI.
503 955 547 1001 1,
588 953 681 991 131.
727 950 892 1000 singulis
932 950 1124 989 aetatibus
1162 962 1272 988 suum
1310 950 1503 1001 quoddam

108 1017 261 1058 dicendi
302 1030 425 1070 genus
467 1018 673 1058 convenire
712 1016 923 1055 affirmans.
995 1015 1109 1065 Quod
1143 1015 1374 1067 Bernhardy
1412 1017 1504 1057 dicit

106 1085 242 1124 mirum
280 1096 385 1133 esse,
424 1083 528 1135 quod
567 1083 757 1123 orationis
794 1082 905 1122 color
942 1086 979 1122 et
1017 1081 1164 1133 gradus
1202 1094 1286 1122 cum
1322 1084 1501 1125 civilibus

104 1152 222 1190 armis
255 1152 532 1202 coniungatur,
564 1162 641 1191 non
670 1162 872 1203 assequor.
930 1149 1038 1189 Nihil
1067 1149 1160 1190 dicit
1187 1150 1263 1189 nisi
1290 1151 1386 1191 hoc:
1417 1163 1502 1192 cum

104 1218 231 1257 oratio
272 1218 395 1270 ipsius
428 1231 506 1258 una
537 1229 621 1258 cum
651 1222 779 1257 aetate
808 1217 1077 1266 maturuisset,
1118 1228 1193 1269 quo
1224 1222 1397 1270 tempore
1426 1220 1503 1259 viri

103 1286 214 1325 annis
243 1290 280 1326 et
305 1286 464 1337 ingenio
494 1286 691 1338 principes
721 1286 761 1324 in
784 1284 939 1325 civitate
967 1284 1066 1323 hene
1095 1284 1270 1324 instituta
1294 1284 1501 1336 plurimum

103 1353 237 1394 valere
282 1353 454 1401 soleant,
500 1364 545 1393 eo
585 1352 636 1392 ad
674 1364 784 1392 arma
827 1352 921 1390 itum
959 1363 1045 1391 esse
1082 1356 1120 1390 et
1162 1352 1360 1402 ingenium
1400 1353 1499 1393 illud

103 1433 127 1459 a
156 1419 300 1460 tuenda
329 1420 454 1460 salute
483 1420 642 1472 publica
671 1419 881 1459 exclusum.

214 1488 283 1528 III.
346 1489 411 1528 10.
470 1487 594 1537 xysto]
631 1492 765 1539 xystus
804 1485 991 1526 Romanis
1031 1490 1115 1525 erat
1154 1486 1368 1527 ambulatio
1408 1488 1499 1527 suh-

102 1554 218 1594 dialis
248 1560 337 1595 ante
359 1555 551 1608 porticum
574 1553 809 1605 (Terr‹1sse):
841 1566 876 1595 v.
903 1553 1130 1594 Schneider.
1157 1553 1207 1593 ad
1230 1554 1344 1596 varr.
1366 1555 1432 1595 ΙΙΙ.
1458 1556 1498 1596 5.

100 1633 136 1673 p.
173 1622 269 1664 509.

215 1690 381 1728 homiues
412 1712 462 1717 —-
495 1693 592 1728 iuter
626 1703 665 1727 se
703 1690 903 1739 coniuncti]
941 1688 988 1729 de
1016 1688 1128 1728 Bruti
1158 1699 1245 1728 cum
1269 1690 1398 1730 Attico
1430 1701 1498 1731 ne-

100 1756 281 1796 cessitate
311 1761 437 1796 exstat
463 1757 722 1796 testimonium
751 1756 913 1808 Nepotis
940 1757 981 1796 in
1009 1756 1137 1796 Attico
1170 1757 1208 1796 8.

217 1825 280 1863 11.
338 1826 473 1862 vestris
502 1824 631 1873 literis]
679 1836 794 1876 quam
823 1824 966 1863 Brutus
1006 1835 1055 1862 ex
1083 1823 1180 1862 Asia
1211 1823 1417 1874 epistolam
1447 1823 1498 1863 ad

103 1890 331 1932 Ciceronem
361 1890 541 1939 dederat,
583 1902 667 1930 cum
697 1890 908 1931 Caesarem
946 1901 992 1929 eo
1023 1894 1176 1929 secutus
1204 1894 1306 1929 esset
1337 1902 1372 1929 a.
1401 1892 1496 1941 707,

101 1970 149 1998 ea
187 1962 423 1998 memoratur
459 1958 574 1997 etiam
607 1969 639 1997 c.
670 1958 745 2006 96,
777 1959 871 1997 330.
931 1956 1012 1997 Sed
1037 1956 1172 1996 eodem
1201 1957 1396 1996 literarum
1425 1970 1496 1998 no-

99 2025 219 2073 mine,
255 2024 360 2078 quod
387 2024 452 2066 vel
481 2019 721 2078 ἐπιστολήν
746 2024 810 2064 vel
840 2018 1102 2078 σύγγραμμα
1131 2024 1341 2074 significet,
1378 2026 1497 2065 Attici

98 2092 260 2132 annales
297 2091 489 2143 designat.
549 2091 618 2131 His
656 2090 763 2131 solas
801 2091 1066 2131 Romanorum
1103 2102 1166 2129 res
1205 2096 1338 2142 gestas
1374 2092 1496 2132 fuisse

98 2160 349 2210 consignatas
387 2160 574 2210 Meyerus
618 2158 796 2210 pluribus
837 2157 980 2197 studuit
1017 2157 1211 2209 prohare;
1256 2159 1497 2200 convincitur

98 2232 226 2266 autem
255 2227 401 2266 erroris
431 2226 510 2265 iam
538 2236 614 2264 uno
645 2224 733 2264 loco
765 2225 832 2265 Or.
865 2226 937 2273 34,
970 2226 1067 2264 120:
1108 2225 1332 2273 Cognoscat,
1372 2227 1496 2279 inquit

98 2292 258 2342 Cicero,
298 2295 411 2330 etiam
449 2290 624 2342 (orator)
661 2305 786 2329 rerum
823 2298 1013 2341 yestarum
1050 2290 1086 2328 ὣ
1124 2280 1345 2330 πιθηιονὶαορ
1361 2297 1495 2332 veteris

100 2361 286 2406 ordinem,
317 2361 482 2397 maxime
503 2359 642 2397 scilicet
662 2364 814 2396 nostrae
837 2361 1019 2403 civitatis,
1049 2358 1114 2395 sed
1135 2360 1248 2395 etiam
1272 2361 1494 2410 imperioso-

98 2441 183 2465 rum
208 2427 430 2477 populorum
454 2432 488 2464 et
511 2439 638 2475 regum
665 2425 880 2464 illustrium.
928 2425 1041 2470 Quem
1062 2424 1227 2463 laborem
1248 2426 1355 2464 uobis
1376 2428 1494 2466 Attici

97 2497 218 2533 uestri
243 2494 379 2531 levavit
401 2493 525 2538 labor,
557 2495 618 2543 qui
643 2495 870 2531 conservatis
891 2494 1102 2542 notatisque
1125 2493 1368 2543 temporibus,
1399 2495 1494 2532 nihil

99 2574 181 2599 cum
207 2561 351 2598 illustre
373 2562 697 2611 praetermitteret,
728 2571 912 2597 alanorum
934 2562 1248 2609 septingentorum
1274 2563 1493 2598 memoriam

97 2641 172 2666 uno
207 2627 302 2665 libro
332 2628 531 2677 colligavit.
590 2626 689 2667 Nam
714 2637 828 2678 quem
858 2625 909 2665 ad
938 2624 1091 2665 modum
1120 2626 1290 2665 oratoris
1320 2626 1492 2676 interest,

98 2695 362 2735 Romanorum
383 2693 624 2746 potissimum
646 2694 850 2734 historiam
875 2692 1119 2746 perdiscere,
1147 2698 1187 2731 ut
1207 2696 1334 2732 tamen
1361 2705 1491 2734 rerum

98 2762 147 2802 ab
174 2761 264 2802 aliis
289 2761 468 2814 gentibus
492 2765 692 2814 gestarum
711 2762 875 2814 ignarus
900 2771 986 2801 esse
1007 2771 1084 2800 non
1107 2758 1265 2812 debeat,
1294 2761 1350 2801 ita
1373 2762 1488 2803 Attici
