1835 3126
345 116 544 161 BREVIS
574 114 970 168 ELOQUENTIAE
1003 115 1138 160 ROM.
1168 115 1312 159 HlST.
1467 118 1529 161 a

136 235 231 273 bare
276 244 352 272 non
395 232 488 272 licet
528 236 564 271 et
604 232 718 283 quia,
764 243 848 270 cum
887 230 962 270 duo
1004 230 1182 270 consules
1219 228 1261 270 C.
1298 229 1453 271 Marius
1493 233 1530 269 ct

133 301 179 340 L.
211 295 377 339 Flaccus
415 300 455 338 in
493 299 590 338 urhe
626 302 773 346 essent,
812 298 984 350 praetori
1015 298 1116 349 legis
1146 296 1332 337 serendae
1362 297 1421 336 ius
1451 307 1528 335 non

134 371 239 413 erat;
275 371 312 405 et
346 366 439 418 quia
467 366 598 416 legem
631 365 906 412 centuriatam,
947 377 1060 416 quam
1098 364 1223 403 solam
1262 376 1410 415 rogare
1445 375 1526 402 ma-

131 432 360 484 gistratibus
382 434 594 472 maioribus
616 433 779 480 licebat,
809 444 858 472 ex
884 437 1038 472 senatus
1064 431 1239 471 consulto
1255 430 1353 470 ferri
1369 435 1527 482 oporte-

131 500 218 548 bat,
250 512 320 540 nec
349 506 504 540 senatus
536 501 617 540 eius
647 500 750 551 legis
782 505 918 539 auctor
946 499 1098 539 futurus
1130 503 1232 547 erat,
1273 510 1351 550 qua
1380 497 1527 537 iudicia

132 567 181 606 al)
219 568 305 620 ipso
342 568 649 607 transferrentur
678 567 728 606 ad
765 568 927 619 equites.
986 566 1165 614 Accedit,
1207 565 1310 617 quod
1338 570 1525 617 patronus

131 639 288 673 senatus
314 635 392 674 iam
422 640 584 687 propter
612 635 732 674 latam
761 635 889 685 legem
922 633 1069 685 Caepio
1102 633 1177 672 dici
1207 633 1344 684 potuit.
1401 631 1524 671 Huius

131 702 347 749 suasionis,
387 714 501 753 quam
539 702 614 740 sibi
654 714 679 740 a
712 712 835 753 puero
876 701 990 752 quasi
1018 700 1246 750 magistram
1278 699 1402 738 fuisse
1432 698 1526 738 dicit

132 768 270 809 Cicero
290 766 357 819 (³⁶)
395 768 614 820 particulae
654 766 846 818 quaedam
884 771 1037 804 exstant
1075 765 1179 816 apud
1219 765 1447 805 Ciceronem
1487 768 1525 803 et

129 835 371 875 Priscianum
396 830 469 884 (37)
516 837 553 871 et
588 833 719 883 capita
753 832 801 870 ab
839 836 997 871 oratore
1032 830 1195 870 dicendo
1234 830 1414 882 exposita
1437 826 1523 880 (³⁸).

129 901 211 941 Hac
248 900 455 940 occasione
489 898 655 939 Crassus
688 898 859 938 fortasse
897 898 1013 937 etiam
1053 898 1093 937 in
1124 898 1162 935 G.
1192 898 1413 934 Memmium
1450 896 1522 935 ho-

129 969 267 1008 minem
290 972 370 1006 tum
393 967 559 1006 maxime
581 965 817 1018 popularem
843 966 1085 1005 contionatus
1104 969 1177 1012 est3
1206 964 1313 1004 cuius
1331 962 1523 1004 contionis

128 1034 203 1074 duo
242 1034 322 1074 loci
359 1039 530 1082 exstant,
569 1044 734 1085 quorum
764 1028 897 1073 *altero
939 1044 1033 1072 sane
1067 1031 1237 1072 ridicula
1267 1030 1314 1070 de
1336 1030 1521 1071 Memmio

126 1101 301 1141 narratio
347 1101 565 1141 continetur
586 1097 670 1150 (39).
737 1100 924 1152 Sequitur
964 1100 1092 1139 oratio
1131 1112 1200 1149 pro
1241 1099 1284 1143 Q.
1325 1098 1521 1147 Caepione,

127 1180 240 1221 quem
268 1168 310 1209 C.
344 1168 551 1208 Norbanus
589 1165 768 1207 tribunus
806 1172 968 1219 propter
1008 1166 1190 1205 amissum
1229 1165 1440 1204 exercitum
1473 1163 1522 1203 de

127 1236 330 1275 maiestate
359 1235 649 1288 postulaverat;
687 1246 803 1286 quam
835 1232 1053 1274 defensioni
1088 1233 1257 1272 iunctam
1287 1231 1427 1271 Cicero
1462 1229 1522 1270 di-

127 1304 178 1343 cit
202 1300 270 1355 (⁴⁰)
308 1302 348 1342 id
389 1307 447 1343 est
482 1305 710 1361 argumento
755 1301 1038 1349 laudatoriam,
1079 1299 1147 1339 sed
1178 1297 1419 1338 defendendo
1450 1309 1520 1337 reo

127 1370 370 1410 destinatam.
437 1369 668 1420 Quanquam
708 1380 780 1408 nec
821 1369 1004 1408 maiestas
1044 1366 1199 1414 Crassi,
1244 1377 1319 1417 quo
1359 1364 1521 1404 consule

127 1442 216 1477 acta
252 1448 317 1476 res
355 1441 433 1484 est,
477 1446 548 1474 nec
589 1434 814 1487 eloquentia
851 1440 987 1474 contra
1022 1433 1251 1473 tribunicios
1289 1432 1445 1471 furores
1483 1435 1522 1470 et

125 1505 202 1544 vim
224 1503 424 1543 seditionis
447 1501 583 1542 valuit.
612 1501 763 1541 Deinde
783 1501 1075 1541 altercationem
1097 1511 1236 1538 censor
1261 1511 1344 1538 cum
1362 1499 1522 1549 collega

126 1571 197 1611 Cn.
222 1570 392 1610 Domitio
422 1568 577 1616 habuit,
613 1568 721 1607 cuius
752 1567 941 1620 quasdam
977 1567 1188 1606 sententias
1219 1566 1323 1618 apud
1352 1566 1520 1618 scripto-

124 1650 189 1678 res
218 1642 389 1677 retentas
422 1635 562 1674 scimus
581 1631 662 1684 (4¹).
707 1634 885 1686 Denique
906 1638 1060 1686 patrum
1084 1633 1355 1671 auctoritatem
1382 1637 1520 1671 contra

124 1705 170 1745 L.
186 1704 409 1756 Philippum
429 1701 626 1741 consulem
648 1700 857 1740 defendens
883 1700 1047 1740 fulmina
1069 1698 1142 1738 illa
1156 1698 1325 1739 vibravit
1341 1698 1520 1737 oratione

124 1771 342 1818 senatoria,
382 1780 545 1821 quorum
576 1767 766 1819 quaedam
796 1766 901 1820 apud
932 1767 1160 1808 Ciceronem
1188 1765 1382 1818 principio
1424 1765 1519 1804 libri

123 1838 171 1878 de
201 1838 368 1878 Oratore
395 1834 502 1874 tertii
530 1845 613 1874 cum
641 1834 900 1874 admiratione
927 1834 1095 1886 legimus
1113 1829 1196 1884 (⁴²2).
1238 1832 1391 1872 Incerto
1421 1836 1518 1871 tem-

122 1915 219 1957 pore
249 1908 360 1942 actae
390 1913 534 1941 causae
563 1906 652 1942 sunt
679 1904 727 1940 L.
753 1903 876 1952 Serytt
899 1904 1041 1940 Oratae
1071 1905 1208 1940 contra
1229 1899 1287 1940 M.
1309 1899 1519 1939 Antonium

121 1971 246 2012 Marii
276 1969 495 2011 Gratidiani
529 1974 757 2021 patronum,
798 1969 907 2008 cuius
945 1967 1184 2008 defensionis
1215 1966 1346 2018 capita
1376 1965 1515 2005 Cicero

121 2038 257 2091 paucis
303 2037 463 2089 exponit
483 2032 574 2088 (43);
618 2036 757 2076 deinde
793 2038 963 2081 Pisonis,
1011 2047 1060 2075 ex
1104 2046 1183 2086 qua
1225 2038 1421 2075 servatum
1459 2036 1517 2072 est

212 2144 273 2187 36)
295 2144 368 2179 Cic.
398 2143 504 2177 Brut.
530 2144 593 2186 44,
620 2143 695 2177 164.
799 2142 859 2185 37)
887 2142 960 2176 Cic.
987 2141 1033 2174 de
1058 2139 1124 2176 Or.
1148 2141 1173 2174 Ι.
1200 2140 1266 2182 52,
1290 2140 1390 2182 225„
1416 2140 1516 2174 cuius

121 2200 192 2235 loci
220 2205 406 2245 postrema
428 2198 545 2233 verba
570 2199 606 2231 in
632 2195 906 2244 ὀμοιοτελεύτου
927 2196 1130 2240 exemplum
1154 2195 1263 2229 habet
1282 2196 1358 2230 Ser.
1381 2196 1427 2230 ad
1442 2195 1513 2229 He-

122 2267 222 2292 renn.
249 2254 307 2289 lV.
334 2254 366 2288 3.
403 2252 468 2289 Or.
492 2253 558 2296 65,
584 2253 663 2288 219.
703 2253 745 2288 cf.
773 2253 924 2290 Quintil.
950 2251 1010 2285 lx.
1036 2253 1069 2286 4.
1097 2251 1173 2286 109.
1214 2251 1389 2286 Priscian,
1415 2250 1513 2285 Vln.

121 2325 157 2358 p.
183 2311 262 2346 824.
291 2310 334 2345 P.
360 2310 437 2344 411.
459 2309 504 2344 K.
622 2309 681 2352 38)
707 2309 781 2344 Cic.
800 2308 904 2343 Brut.
930 2308 952 2343 l.
980 2319 1009 2342 c.
1131 2307 1190 2349 39)
1217 2307 1289 2342 Cic.
1317 2307 1363 2341 de
1383 2305 1447 2341 Or.
1467 2306 1513 2340 ll.

121 2368 189 2409 59,
211 2366 290 2401 240.
317 2365 379 2408 66,
400 2365 480 2400 267.
582 2365 642 2408 40)
669 2365 741 2400 Cic.
756 2365 860 2399 Brut.
881 2366 947 2407 44,
966 2363 1041 2398 162.
1142 2363 1202 2407 41)
1231 2363 1305 2398 Cic.
1326 2363 1371 2396 de
1386 2361 1449 2399 Or.
1469 2362 1513 2398 ΙΙ.

123 2423 184 2464 ll,
210 2422 264 2457 45.
300 2421 363 2463 59,
388 2421 466 2456 242.
504 2422 603 2456 Suet.
627 2421 717 2456 Ner.
741 2421 773 2457 2.
806 2421 888 2456 Val.
913 2420 1019 2454 BIax.
1044 2418 1105 2454 IX.
1133 2418 1172 2462 l,
1197 2420 1230 2453 4.
1270 2419 1366 2454 ΡΙίιι.
1392 2419 1437 2454 H.
1463 2418 1512 2454 N.

122 2478 237 2514 XVII.
262 2478 291 2514 l.
326 2476 494 2513 Macrob.
521 2478 597 2513 Sat.
623 2477 667 2512 ll.
695 2477 747 2512 ll.
779 2478 877 2512 Plut.
894 2476 1024 2511 Praec.
1049 2476 1131 2511 Pol.
1157 2481 1180 2511 t.
1197 2474 1278 2509 ΧΠ.
1304 2487 1338 2520 p.
1355 2475 1434 2510 267.
1466 2475 1513 2509 de

123 2545 203 2580 cap.
225 2545 272 2568 ex
290 2533 383 2570 host.
400 2535 474 2569 util.
489 2533 567 2569 vn.
586 2545 620 2579 p.
636 2534 715 2569 276.
745 2534 791 2569 de
806 2534 885 2569 soll.
900 2532 1003 2567 anim.
1020 2531 1115 2566 Xlll.
1131 2544 1164 2577 p.
1182 2531 1256 2566 180.
1358 2532 1417 2574 42)
1436 2532 1511 2566 Cic.

124 2591 171 2625 de
195 2588 260 2625 Or.
281 2589 340 2624 111.
370 2590 412 2634 1,
436 2592 469 2626 4.
504 2590 548 2634 2,
573 2591 606 2626 5.
640 2590 791 2630 Quintil.
812 2590 908 2626 Vlll.
929 2590 974 2633 3,
1000 2588 1056 2626 89.
1092 2588 1175 2626 val.
1201 2588 1304 2625 Max.
1325 2587 1388 2623 Vl.
1415 2587 1457 2630 2,
1475 2586 1509 2624 2.

122 2646 182 2691 43)
210 2647 285 2683 Cic.
312 2644 383 2683 Off.
408 2647 469 2682 111.
495 2647 560 2691 16,
584 2648 641 2685 67.
