1835 3126
558 187 818 230 BRUTUS
858 188 975 231 CAP.
1007 191 1074 232 23.
1392 192 1510 237 193

123 299 273 342 licabat
312 298 427 340 illum
467 312 548 341 non
588 300 631 340 in
662 299 825 353 agendo
856 299 1007 351 solum,
1051 301 1126 344 sed
1156 302 1278 344 etiam
1310 303 1352 344 in
1381 302 1513 344 medi-

118 377 242 419 tando
274 376 557 419 vehementem
593 384 714 433 atque
755 379 966 420 incensum
998 379 1141 421 fuisse.
1211 379 1317 430 Quid
1355 380 1510 422 multa?

118 467 272 508 magna
295 456 602 511 exspectatione
629 455 827 512 plurumis
853 457 1113 500 audientibus
1131 471 1269 501 coram
1293 460 1382 514 ipso
1399 457 1510 500 Lae-

117 532 175 575 lio
213 534 274 575 sic
312 532 426 575 illam
456 547 626 575 causam
662 541 778 576 tanta
811 537 850 577 vi
887 542 1080 592 tantaque
1112 538 1315 591 gravitate
1348 535 1505 577 dixisse

118 609 318 660 Galbam,
357 618 398 653 ut
432 611 549 653 nulla
578 612 665 654 fere
698 626 795 669 pars
828 615 1028 655 orationis
1060 614 1225 657 silentio
1257 615 1505 670 praeterire-

114 695 189 731 tur.
250 690 386 745 itaque
417 689 554 732 multis
585 691 764 746 querelis
795 691 1002 747 multaque
1028 693 1294 734 miseratione
1321 691 1507 733 adhibita

114 768 253 809 socios
284 767 472 810 omnibus
499 768 819 824 approbantibus
842 769 918 810 illa
944 769 1009 810 die
1036 771 1279 823 quaestione
1303 769 1505 811 liberatos

112 858 221 887 esse.

223 921 378 965 XXIII.
417 922 486 965 89.
524 920 585 963 Ex
623 921 703 963 hac
733 921 861 964 Rutili
890 923 1129 965 narratione
1160 923 1365 978 suspicari
1394 922 1504 971 licet,

113 1014 205 1043 cum
235 1001 341 1041 duae
383 1012 566 1041 summae
598 1000 678 1041 sint
715 1000 756 1040 in
787 1006 951 1042 oratore
986 999 1156 1050 laudes,
1191 1013 1275 1042 una
1301 999 1507 1042 subtiliter

108 1077 341 1134 disputandi
383 1077 437 1119 ad
475 1077 725 1127 docendum,
764 1078 897 1120 altera
932 1080 1117 1134 graviter
1145 1078 1296 1134 agendi
1329 1079 1382 1121 ad
1414 1080 1504 1120 ani-

107 1170 196 1199 mos
236 1155 486 1198 audientium
514 1156 835 1212 permovendos,
874 1156 1081 1213 multoque
1111 1157 1202 1214 plus
1230 1157 1418 1214 proficiat
1450 1158 1500 1206 is,

106 1236 175 1290 qui
204 1234 425 1276 inflammet
455 1234 652 1284 iudicem,
685 1248 807 1290 quam
832 1235 926 1286 ille,
958 1237 1027 1291 qui
1054 1236 1221 1278 doceat:
1247 1235 1501 1291 elegantiam

105 1314 148 1354 in
176 1311 347 1362 Laelio,
386 1314 469 1354 vim
507 1314 549 1354 in
578 1312 716 1355 Galba
752 1313 898 1356 fuisse.
959 1313 1076 1365 Quae
1112 1313 1277 1370 quidem
1315 1315 1380 1356 vis
1418 1321 1501 1355 tum

104 1404 291 1433 maxume
330 1392 498 1445 cognita
535 1397 617 1440 est,
661 1405 752 1433 cum
781 1390 995 1434 Lusitanis
1029 1405 1054 1434 a
1085 1391 1177 1434 Ser.
1212 1391 1350 1433 Galba
1377 1404 1500 1447 prae-

102 1476 192 1511 tore
233 1476 378 1511 contra
413 1470 719 1524 interpositam,
763 1476 806 1510 ut
842 1469 1175 1518 existimabatur,
1214 1469 1334 1511 fidem
1374 1470 1482 1511 inter

104 1547 225 1589 fectis
264 1545 312 1588 L.
344 1544 505 1589 Libone
541 1546 704 1589 tribuno
738 1547 873 1603 plebis
907 1547 1098 1604 populum
1135 1548 1331 1589 incitante
1362 1554 1402 1589 et
1430 1560 1501 1589 ro-

102 1626 313 1679 gationem
357 1627 399 1666 in
449 1624 627 1667 Galbam
670 1625 863 1681 privilegi
906 1628 1083 1668 similem
1131 1625 1289 1668 ferente
1337 1638 1497 1668 summa

188 1759 231 1784 59.
270 1757 383 1793 Rutili]
402 1759 561 1786 Rutiliana.
579 1774 613 1778 —
642 1757 759 1793 diebus]
780 1766 816 1785 an
836 1759 951 1785 diebus.

104 1869 241 1904 eodem
254 1870 447 1916 tempore]
466 1870 602 1904 eodem
616 1881 641 1904 a
656 1874 831 1917 tempore
846 1870 951 1905 codd.
968 1876 1117 1916 praeter
1132 1869 1199 1916 Lg.
1214 1869 1271 1905 20.
1297 1869 1391 1906 ven.
1410 1870 1439 1905 1.
1452 1888 1497 1895 ——

102 1927 230 1970 aedis]
255 1927 307 1960 sic
331 1925 397 1971 Lg.
425 1926 456 1960 8.
479 1927 534 1960 51.
560 1927 615 1962 56.

190 1982 245 2017 88.
296 1981 425 2026 idque]
450 1982 494 2017 icl
513 1983 616 2028 quod
635 1982 758 2017 Lamb.
777 2002 823 2007 —
846 1982 1056 2027 mulcatos]
1081 1994 1148 2028 per
1168 1986 1184 2017 t
1200 1982 1268 2029 Lg.
1287 1983 1342 2018 20.
1361 1983 1418 2018 56.
1438 1981 1493 2018 58.

100 2038 193 2074 Ven.
215 2040 245 2073 l.
273 2038 339 2074 Gu.
363 2039 413 2080 l.;
441 2050 508 2084 per
533 2043 570 2074 ct
588 2039 643 2073 35.
661 2039 716 2074 39.
737 2038 793 2072 53.
815 2038 870 2073 68.
892 2039 946 2074 70.
973 2037 1098 2074 ottob.
1128 2039 1220 2074 Ven.
1241 2039 1274 2073 2.
1298 2040 1355 2075 ed.
1374 2051 1429 2084 pr.
1454 2059 1493 2064 —-

91 2094 311 2141 plurumis]
336 2095 388 2129 sic
404 2094 471 2141 Lg.
491 2095 523 2129 8.
543 2095 598 2130 39.
615 2095 670 2129 51.
685 2095 738 2129 53.
756 2094 810 2128 58.
825 2115 871 2119 -—
895 2095 1077 2139 querelis]
1097 2095 1279 2139 querellis
1294 2095 1361 2140 Lg.
1380 2095 1433 2129 58.
1451 2114 1495 2119 —-

98 2151 169 2185 illa
202 2152 281 2195 die]
318 2152 370 2185 sic
405 2151 461 2186 ed.
495 2162 546 2195 pr.
579 2153 611 2184 δι
644 2150 750 2184 codd.
782 2151 927 2194 plures;
964 2151 1091 2184 favent
1121 2149 1187 2194 Lg.
1213 2150 1245 2185 8.
1272 2150 1327 2185 39.
1356 2150 1410 2185 51.
1438 2150 1494 2185 58.

99 2205 165 2240 Gu.
188 2207 242 2249 2,
274 2207 333 2251 qui
359 2206 430 2240 illa
455 2205 538 2245 clis,·
572 2205 662 2239 Ven.
690 2205 741 2247 1,,
770 2206 830 2249 qui
854 2205 925 2239 illa
950 2205 1226 2250 disquestione.
1274 2206 1343 2240 Gu.
1371 2207 1400 2241 l.
1429 2205 1496 2240 ille

99 2267 159 2296 est
183 2262 273 2297 diis,
312 2261 490 2306 Vulgatur
514 2261 581 2295 illo
603 2261 666 2295 die
692 2272 714 2294 a
738 2260 916 2295 Lambino
941 2260 1035 2295 inde.
1080 2261 1268 2307 Receptae
1291 2263 1495 2306 scripturae

95 2319 372 2363 patrocinantur
386 2317 605 2363 grammatici
616 2343 626 2360 ,
643 2329 678 2352 v.
694 2316 907 2351 Schneideri
925 2316 985 2352 Gr.
998 2315 1082 2351 Lat.
1101 2329 1135 2362 p.
1153 2317 1222 2352 348
1233 2329 1309 2363 sqq.
1335 2315 1494 2352 Orellius

95 2375 214 2408 omisit
239 2374 313 2408 die.

187 2429 320 2466 XXIII.
369 2429 423 2464 89.
474 2428 620 2473 Rutili]
646 2428 804 2463 Rutilia
829 2428 884 2463 ed.
905 2439 960 2473 pr.
985 2431 1018 2462 &
1043 2428 1148 2462 codd.
1174 2430 1244 2463 mei
1268 2433 1415 2475 praeter
1433 2427 1490 2462 20.

95 2486 149 2520 35.
177 2486 252 2528 5S.‚
280 2487 316 2520 in
342 2485 471 2531 quibus
495 2491 549 2519 est
572 2485 804 2527 Rutiliana,
831 2491 959 2519 contra
982 2495 1084 2518 usum
1105 2486 1296 2519 sermonis.
1346 2485 1492 2519 Utrum-

97 2552 168 2587 que
194 2552 239 2575 ex
264 2542 379 2586 prima
401 2540 544 2586 syllaba
566 2541 733 2576 vocabuli
757 2541 940 2586 sequentis
964 2539 1079 2574 fluxit.
1103 2559 1151 2566 --
1175 2540 1277 2575 duae
1297 2540 1491 2583 summae]

98 2597 174 2631 clue
208 2600 397 2632 sententie
434 2608 584 2632 summe
617 2597 684 2632 Gu.
712 2597 741 2632 l.
772 2616 818 2624 »-
854 2597 938 2637 ille,
971 2596 1053 2641 qui]
1090 2607 1158 2631 om.
1198 2596 1264 2631 ille
1294 2597 1340 2630 ed
1364 2608 1418 2641 pr.
1445 2615 1491 2619 -—

98 2655 302 2697 maoeume]
336 2654 386 2687 sic
419 2653 487 2698 Lg.
514 2653 547 2688 8.
574 2653 629 2689 51.
676 2653 752 2688 Pro
787 2654 944 2698 quidem
972 2655 1033 2687 vis
1060 2655 1143 2686 tum
1171 2652 1238 2688 Gu.
1270 2653 1298 2687 l.
1329 2651 1491 2697 quidem

99 2714 142 2744 ut
172 2712 300 2745 istum.
326 2728 371 2738 ·——
402 2709 448 2746 L.
479 2707 641 2754 Libone]
678 2710 782 2747 codd.
809 2721 934 2745 omnes
963 2714 999 2743 et
1023 2707 1079 2743 ed.
1106 2719 1161 2754 pr.
1191 2708 1230 2743 T.
1258 2707 1417 2744 Libone.
1443 2726 1489 2735 ·-—

1156 2776 1211 2818 13
