1835 3126
247 209 367 254 218
772 202 1116 248 CICERONIS

246 320 348 361 toris
395 315 495 357 honi
539 327 661 370 quam
706 316 809 357 civis
852 315 1030 357 Romani
1072 318 1277 372 proprium
1321 318 1508 360 videtur:
1558 316 1633 360 sed

246 404 383 438 tamen
412 394 617 435 Antonius
656 395 699 434 in
735 392 876 435 verbis
917 399 956 434 et
985 392 1213 447 eligendis,
1252 409 1385 451 neque
1421 396 1465 438 id
1500 396 1633 451 ipsum

244 481 328 516 tam
357 473 513 528 leporis
539 484 670 514 causa
700 484 821 526 quam
844 471 1059 527 ponderis,
1091 477 1131 513 et
1161 471 1419 514 collocandis
1453 480 1492 515 et
1522 487 1635 516 com-

243 552 520 609 prehensione
561 549 844 594 devinciendis
883 549 986 591 nihil
1024 563 1106 591 non
1143 549 1196 591 ad
1230 551 1433 591 rationem
1469 557 1508 591 et
1542 557 1634 592 tan-

246 643 369 686 quam
395 629 448 670 ad
474 634 602 670 artem
627 627 853 682 dirigebat3
882 641 1023 670 verum
1050 627 1175 669 multo
1202 628 1337 681 magis
1360 626 1439 669 hoc
1461 627 1568 668 idem
1591 630 1634 669 in

246 710 542 751 sententiarum
583 707 835 749 ornamentis
877 712 915 748 et
952 705 1361 748 conformationibus.
1420 703 1515 747 141.
1557 718 1636 759 quo

245 800 400 842 genere
430 787 526 841 quia
554 792 738 839 praestat
770 784 958 827 omnibus
983 783 1301 834 Demosthenes,
1330 784 1488 826 idcirco
1515 796 1541 825 a
1563 782 1638 824 do-

246 867 322 908 ctis
355 871 563 907 oratorum
585 870 648 906 est
676 865 867 920 princeps
898 863 1117 905 iudicatus.
1165 861 1366 919 σχήματα
1396 863 1504 904 enim
1530 873 1636 917 quae

243 949 393 986 vocant
426 942 594 992 Graeci,
634 955 686 984 ea
715 955 903 984 maxume
938 949 1085 984 ornant
1119 948 1348 991 oratorem3
1385 954 1518 996 eaque
1553 953 1637 982 non

244 1029 327 1064 tam
364 1023 407 1063 in
438 1021 578 1063 verbis
611 1021 830 1076 pingendis
860 1020 1014 1062 habent
1049 1020 1209 1076 pondus
1243 1033 1365 1075 quam
1403 1020 1447 1061 in
1483 1018 1637 1061 illumi-

244 1100 395 1142 nandis
427 1099 654 1140 sententiis.

356 1174 593 1218 XXXVIII.
640 1174 727 1216 Sed
768 1188 859 1216 cum
901 1174 1008 1217 haec
1051 1188 1205 1229 magna
1249 1176 1291 1216 in
1327 1175 1509 1218 Antonio
1554 1181 1636 1217 tum

246 1257 354 1299 actio
388 1254 639 1309 singularis:
681 1265 786 1308 quae
826 1253 862 1294 si
891 1252 1110 1308 partienda
1140 1259 1202 1294 est
1242 1254 1282 1293 in
1323 1259 1484 1305 gestum
1515 1259 1636 1308 atque

243 1348 408 1383 vocem,
448 1339 590 1386 gestus
622 1337 710 1373 erat
747 1344 831 1373 non
859 1331 990 1373 verba
1020 1332 1272 1387 exprimens,
1312 1330 1386 1372 sed
1420 1344 1511 1373 cum
1542 1344 1638 1372 sen-

243 1414 382 1455 tentiis
418 1423 673 1464 congruens,
716 1422 858 1451 manus
894 1408 1055 1451 humeri
1094 1409 1231 1451 latera
1270 1409 1481 1465 supplosio
1517 1410 1636 1465 pedis

245 1498 376 1533 status
416 1491 607 1531 incessus
642 1489 855 1543 omnisque
887 1495 1042 1538 motus,
1089 1490 1194 1539 [cum
1228 1487 1368 1530 verbis
1400 1489 1637 1530 sententiis-

245 1583 323 1626 que
355 1569 632 1618 consentiens]
664 1580 745 1608 vox
769 1580 1037 1622 permanens,
1065 1580 1206 1608 verum
1238 1566 1446 1609 subrauca
1474 1573 1635 1608 natura.

245 1648 322 1691 sed
348 1647 428 1690 hoc
456 1647 600 1689 vitium
627 1644 723 1687 huic
755 1647 823 1687 uni
853 1646 896 1687 in
921 1645 1073 1687 bonum
1100 1645 1377 1688 convertebat.
1437 1644 1533 1688 142.
1561 1644 1637 1687 ha-

332 1780 390 1807 141.
427 1787 493 1806 cum
510 1777 608 1805 verbis
630 1779 843 1812 sententiisque
862 1778 1069 1814 consentiens]
1090 1779 1154 1805 sine
1174 1780 1270 1806 uncis.

248 1891 371 1928 ottob.
418 1889 515 1925 illud
541 1889 699 1935 quidem
720 1893 777 1923 est
800 1890 893 1922 Ven.
918 1890 946 1923 l.
972 1907 1019 1913 ——
1057 1889 1418 1935 comprehensione]
1444 1901 1639 1936 compres-

247 1952 356 1983 sione
390 1947 444 1981 ed.
478 1958 531 1992 pr.
578 1946 642 1991 Lg.
673 1946 705 1979 S.
738 1945 795 1978 20.
829 1945 883 1980 35.
918 1945 972 1978 39.
1007 1944 1060 1978 58.
1097 1946 1151 1979 70.
1199 1946 1289 1979 Ven.
1319 1947 1347 1979 l.
1372 1947 1402 1980 2.
1440 1945 1516 1981 Ott.
1553 1947 1637 1982 Vat.

244 2005 471 2051 &pressione
492 2002 557 2047 Lg.
578 2002 653 2042 51.;
681 2006 762 2035 orta
781 2013 826 2034 ex
848 2003 1162 2047 comprensione,
1192 2002 1288 2046 quod
1307 2008 1423 2035 exstat
1449 2003 1483 2036 in
1503 2002 1557 2036 53.
1579 2003 1636 2037 GS.

245 2061 346 2094 Vera
372 2071 452 2093 esse
477 2059 569 2092 haec
593 2069 665 2090 non
692 2063 861 2101 possunt,
887 2058 970 2100 quia
994 2068 1066 2090 non
1092 2057 1254 2091 dicuntur
1281 2058 1326 2092 de
1350 2056 1522 2105 περιόδῳ.

341 2143 416 2177 141.
465 2141 667 2183 mmmmm]
688 2139 752 2184 Lg.
768 2140 799 2174 8.
823 2139 878 2174 39.
899 2139 953 2173 51.
969 2139 1023 2173 53.
1039 2139 1092 2174 58.
1114 2139 1168 2174 68.
1183 2159 1229 2165 »-
1255 2143 1468 2184 oratorem]
1489 2142 1574 2176 Par.
1590 2143 1638 2178 D.

246 2199 373 2233 Lamb.
401 2201 631 2232 orationem.
668 2196 827 2241 Vulgata
852 2196 1052 2241 elegantior
1077 2202 1227 2241 propter
1250 2202 1499 2239 μετωνυμίαν.
1543 2198 1638 2232 Nam

248 2255 342 2300 qnod
376 2254 595 2298 Bernhardy
634 2253 720 2287 «licit
754 2251 889 2298 figuras
925 2253 1036 2297 magis
1072 2254 1229 2287 oratoris
1264 2265 1364 2296 esse,
1403 2259 1439 2287 nt
1477 2254 1641 2298 pondere

245 2311 504 2346 sententiarum
526 2322 617 2344 nunc
638 2310 795 2344 oblectet
816 2310 1030 2351 auditorem,
1051 2320 1143 2343 nunc
1161 2316 1355 2356 expugnet,
1381 2322 1486 2355 quam
1507 2311 1640 2345 oratio-

247 2368 322 2408 nis,
355 2378 446 2411 quae
470 2368 659 2401 lenociniis
682 2366 878 2412 figurarum
903 2366 1035 2410 possit,
1068 2364 1235 2413 σόφισμα
1261 2374 1326 2403 est.
1376 2367 1466 2405 Quis
1496 2368 1640 2413 ignorat

248 2421 383 2469 figuras
407 2427 690 2458 sententiarum
716 2428 753 2457 et
779 2425 971 2457 orationis
982 2423 1010 2463 ἓ,

341 2505 545 2541 XXXVIII.
594 2508 735 2550 status]
767 2505 925 2540 habitus
951 2509 1080 2539 status
1112 2504 1177 2550 Lg.
1202 2505 1259 2539 20.
1283 2525 1329 2531 —
1365 2507 1558 2550 incessus]
1586 2508 1640 2541 in-

251 2565 375 2597 cessio
410 2561 476 2606 Lg.
503 2562 557 2597 39.
590 2584 629 2589 -
672 2575 759 2598 cum
791 2562 913 2597 verbis
947 2564 1224 2606 sententiisque
1258 2564 1514 2606 consentiens]
1550 2574 1639 2597 con—

249 2622 402 2653 veniens
435 2630 502 2663 pro
536 2624 703 2654 consent.
733 2620 798 2666 Lg.
821 2620 867 2654 20
892 2630 981 2653 corr.
1031 2618 1227 2652 Schuetzio
1260 2619 1323 2652 illa
1351 2619 1481 2654 divisio
1507 2624 1638 2665 gestus,

251 2686 321 2719 qua
338 2683 661 2711 connnemorantur
676 2688 821 2712 manus
837 2675 991 2711 humeri
1011 2675 1137 2709 lacera
1156 2676 1356 2721 supplosio
1372 2676 1487 2722 pedis
1508 2679 1639 2710 status

253 2733 425 2767 incessus
457 2736 659 2779 omnisque
683 2738 810 2768 motus
841 2744 914 2768 non
939 2732 1127 2779 placebat,
1160 2744 1252 2777 quae
1282 2732 1386 2768 nobis
1412 2729 1577 2780 γραφική
1603 2735 1639 2767 et
