1835 3126
306 310 308 313 Ι
373 251 570 296 BREVIS
601 249 996 304 ELOQUENTIAE
1029 249 1163 294 ROM.
1194 250 1337 294 HIST.
1460 254 1546 298 29

162 379 276 420 qnam
308 367 526 407 orationum
555 367 728 406 habitum
758 370 935 414 secutus;
961 365 1139 418 idemque
1169 365 1400 418 aequalibus
1426 365 1548 406 omni-

160 436 231 474 bus
261 435 387 485 magis
413 434 555 473 eximia
579 432 756 473 doctrina
780 438 817 472 et
838 434 896 472 rei
918 433 1099 485 publicae
1120 433 1273 485 peritia,
1305 445 1420 484 quam
1445 432 1549 472 cultu

160 501 408 553 eloquentiae
437 500 680 552 praestitisse
709 498 1002 551 significat(⁷5).
1061 500 1144 540 Hoc
1172 499 1347 539 firmatur
1379 499 1550 539 eiusdem

160 567 208 607 de
239 562 442 622 εἰρωνείᾳ
471 567 666 619 Scipionis
695 567 913 607 testimonio
942 564 1024 618 (⁷⁶).
1084 566 1344 616 Quintilianus
1382 572 1419 606 et
1449 567 1547 605 scri-

159 640 248 687 ptor
277 634 495 675 suavissimi
525 634 676 685 dialogi
706 633 753 674 de
784 635 1006 674 oratoribus
1035 638 1225 674 vetustate
1253 633 1443 682 horridis,
1482 633 1549 673 sed

159 713 341 752 magnam
390 700 538 752 ingenii
586 701 661 741 vim
705 712 802 753 prae
842 712 883 740 se
925 701 1138 741 ferentibus
1183 706 1436 741 annumerant
1465 699 1549 752 (⁷⁷).

159 769 360 808 Actionem
386 768 588 819 utriusque
617 768 736 820 paulo
767 768 1030 816 intentiorem,
1061 766 1130 807 sed
1153 779 1313 818 gravem
1334 768 1455 807 fuisse
1479 779 1550 807 uec

161 836 245 874 sine
288 835 573 874 intermissione
615 836 894 881 vehementem,
954 833 1082 884 qualis
1127 839 1211 872 erat
1254 834 1340 873 Ser.
1388 834 1550 882 Galbae,

160 901 298 942 Cicero
328 906 492 939 testatur
508 897 590 949 (⁷⁸).
646 900 871 938 Orationum
902 899 1098 950 Scipionis
1129 898 1271 937 diutius
1301 900 1442 938 mansit
1469 911 1549 938 me-

159 968 307 1015 moria,
353 977 466 1017 quam
510 964 652 1004 Laelii.
717 964 767 1004 Et
809 976 942 1004 earum
980 964 1153 1016 quidem,
1199 977 1362 1016 quarum
1401 971 1551 1018 tempus

159 1037 330 1081 constat,
361 1031 595 1083 gravissima
618 1031 798 1071 censoria
825 1031 899 1070 illa
929 1036 1004 1080 est,
1036 1044 1115 1083 qua
1137 1031 1188 1071 ad
1210 1032 1398 1071 maiorum
1422 1043 1551 1072 mores

158 1099 345 1153 populum
372 1098 621 1138 hortabatur:
652 1099 765 1138 huius
796 1097 896 1138 duae
924 1098 1144 1151 particulae
1174 1103 1326 1139 exstant
1342 1097 1425 1150 (⁷9).
1469 1100 1551 1140 An-

157 1177 283 1206 nexae
319 1170 406 1206 sunt
435 1165 632 1205 orationes
659 1178 729 1215 pro
757 1178 796 1203 se
829 1171 961 1204 contra
993 1168 1051 1204 Τὶ.
1083 1165 1253 1204 Asellum
1282 1166 1325 1204 de
1355 1167 1475 1204 miella
1502 1167 1553 1205 ad

158 1234 349 1284 populum.
416 1231 573 1272 Asellus
618 1232 737 1281 enim,
787 1232 891 1284 quod
933 1238 1095 1285 propter
1137 1233 1240 1273 vitae
1275 1233 1552 1285 turpitudinem

160 1312 282 1352 equus
325 1300 362 1339 ei
395 1299 595 1352 ademptus
627 1304 730 1349 erat,
766 1300 942 1340 tribunus
974 1296 1202 1352 Scipionem
1233 1299 1337 1352 apud
1365 1301 1552 1353 populum

158 1379 267 1407 reum
303 1366 407 1406 fecit.
468 1366 647 1418 Quinque
688 1367 886 1407 orationes
916 1368 956 1407 in
987 1378 1034 1406 ea
1063 1378 1184 1406 causa
1216 1380 1241 1406 a
1270 1367 1454 1419 Scipione
1480 1368 1553 1407 ha-

158 1434 264 1474 bitae
280 1430 370 1485 (⁸⁰),
402 1446 566 1486 quarum
597 1434 745 1476 Gellius
776 1434 872 1474 duas
903 1434 1118 1487 particulas
1146 1435 1316 1475 servavit
1330 1431 1423 1485 (⁸¹),
1455 1434 1551 1474 duas

161 1500 300 1541 Cicero
322 1498 405 1551 (⁸²).
476 1502 521 1541 In
565 1512 731 1540 censura
778 1502 893 1541 etiam
935 1502 979 1541 P.
1025 1502 1202 1553 Sulpicio
1248 1500 1363 1541 Gallo
1407 1501 1587 1540 homini*-

161 1566 329 1606 delicato
366 1568 484 1607 vitam
513 1567 746 1619 probrosam
776 1569 954 1608 oratione
985 1568 1145 1615 obiecit,
1185 1567 1293 1606 cuius
1322 1567 1433 1606 locus
1465 1567 1552 1619 qui-

161 1633 249 1673 dam
287 1633 389 1686 apud
420 1633 580 1673 eundem
612 1634 778 1674 Gellium
803 1634 950 1686 legitur
971 1631 1054 1685 (33).
1111 1633 1261 1674 Deinde
1292 1634 1481 1673 orationis
1511 1634 1554 1672 de

162 1703 317 1751 imperio
356 1705 403 1738 D.
437 1703 548 1738 Brun
577 1701 760 1747 Callaeci,
805 1701 975 1741 consulis
1014 1713 1051 1740 a.
1084 1701 1166 1740 615
1205 1701 1392 1739 memoria
1428 1705 1555 1740 exstat

162 1767 268 1819 apud
307 1767 464 1807 Festum
488 1764 577 1818 (3⁴),
624 1772 660 1806 et
704 1767 808 1819 apud
846 1767 1006 1806 eundem
1044 1767 1145 1806 alius
1184 1765 1402 1814 cuiusdam,
1453 1778 1554 1818 quae

160 1834 448 1873 inscribebatur
473 1847 542 1884 pro
571 1834 661 1871 aede
683 1835 870 1871 Castoris.-
907 1846 1022 1886 quam
1051 1834 1177 1886 ipsam
1205 1844 1360 1886 quoque
1389 1833 1429 1872 in
1463 1844 1554 1872 cen-

162 1912 255 1939 sura
297 1900 468 1939 habitam
508 1900 592 1940 veri
635 1899 760 1939 simile
783 1896 869 1950 (⁸5).
933 1900 1031 1941 Erat
1068 1901 1168 1940 enim
1204 1912 1406 1940 censorum
1445 1899 1554 1940 aedi-

159 1965 331 2006 ficandas
375 1965 656 2009 reficiendasve
700 1967 817 2007 aedes
862 1967 1018 2016 locare3
1064 1968 1171 2007 cuius
1216 1966 1321 2007 modi
1362 1978 1445 2007 rem
1488 1972 1556 2007 aut

253 2109 313 2153 75)
339 2109 433 2144 Vell.
458 2109 484 2145 1.
516 2110 568 2145 17.
610 2109 652 2144 cf.
678 2110 751 2145 Cic.
778 2110 825 2145 de
849 2108 914 2146 Or.
940 2109 967 2146 1.
994 2109 1056 2153 13,
1084 2109 1138 2144 58.
1257 2109 1316 2153 76)
1349 2109 1395 2144 de
1417 2107 1482 2145 Or.
1509 2108 1553 2144 Il.

161 2164 219 2209 67,
235 2165 314 2201 270.
353 2165 458 2201 Brut.
476 2166 533 2210 87,
551 2166 630 2202 299.
748 2167 808 2210 77)
829 2166 976 2205 Quintil.
988 2165 1069 2201 XII.
1091 2164 1145 2210 10,
1166 2165 1219 2202 10.
1249 2165 1333 2201 dial.
1353 2167 1399 2200 de
1420 2164 1484 2202 Or.
1499 2165 1554 2199 25.

161 2222 221 2266 78)
246 2221 350 2258 Brut.
376 2223 442 2265 22,
468 2222 524 2258 86.
644 2222 703 2265 79)
729 2222 820 2257 Gell.
847 2222 895 2257 N.
921 2223 964 2256 A.
991 2222 1052 2256 1V.
1077 2221 1133 2256 20.
1173 2221 1220 2256 V.
1248 2222 1300 2256 19.
1352 2222 1404 2257 Cf.
1428 2221 1553 2257 Valer.

162 2276 266 2312 Max.
290 2278 354 2314 Vl.
381 2280 420 2321 4,
449 2279 482 2313 2.
518 2278 647 2313 Festus
674 2290 706 2313 v.
733 2278 877 2313 millu&
993 2278 1054 2321 80)
1084 2277 1178 2311 Gell.
1202 2276 1251 2312 N.
1273 2278 1347 2312 Att.
1373 2276 1414 2311 ll.
1442 2277 1497 2312 20.
1524 2278 1554 2311 is

163 2334 323 2379 quintam
357 2335 393 2368 in
426 2345 471 2369 ea
496 2345 604 2369 causa
629 2333 788 2369 habitam
811 2339 1076 2369 commemorat.
1125 2332 1214 2367 Tam
1245 2333 1378 2368 nobilis
1402 2333 1467 2368 fuit
1491 2334 1556 2368 illa

162 2390 367 2432 inimicitia,
408 2396 446 2425 ut
481 2390 650 2436 exemplo
686 2390 832 2426 theseos
866 2390 1072 2425 rhetoricae
1103 2390 1150 2424 sit
1190 2389 1287 2434 apud
1317 2390 1554 2435 Augustinum

162 2457 283 2492 praec.
308 2446 362 2482 rh.
390 2459 423 2492 p.
448 2446 525 2481 226.
554 2448 786 2493 Capperonn.
832 2447 919 2482 Non
954 2452 1008 2481 est
1039 2446 1120 2482 veri
1146 2446 1269 2480 similis
1296 2446 1413 2480 altera
1433 2446 1555 2492 Pighii

162 2503 342 2538 sententia
365 2514 399 2548 p.
423 2503 501 2539 489.
528 2504 576 2538 ad
599 2516 630 2538 a.
655 2516 688 2539 u.
709 2505 787 2540 614.
836 2504 997 2538 Asellum
1033 2502 1078 2537 ab
1109 2502 1279 2537 Africano
1313 2514 1465 2537 censore
1497 2515 1556 2537 ac·

166 2565 344 2593 cusatum:
378 2560 430 2594 sic
454 2561 548 2594 enim
572 2566 626 2595 tot
651 2561 874 2596 orationibus
899 2570 990 2606 opus
1014 2570 1087 2594 non
1113 2565 1202 2593 erat.
1250 2559 1435 2594 Particula
1458 2559 1555 2605 apud

165 2613 320 2650 Gellium
349 2622 496 2651 servata
530 2617 638 2652 docet
670 2618 869 2663 sponsione
889 2616 1097 2651 Africanum
1126 2627 1226 2651 usum
1258 2618 1296 2651 εἰ
1320 2616 1463 2651 melior
1495 2618 1556 2650 vir

165 2676 267 2706 esset
291 2671 454 2710 Asellus.
571 2674 632 2717 81)
666 2675 760 2709 Gell.
781 2673 860 2708 Vll.
888 2674 938 2709 11.
1052 2672 1112 2716 82)
1144 2672 1190 2706 de.
1215 2670 1281 2708 Or.
1307 2672 1350 2710 11.
1376 2673 1441 2715 58,
1473 2672 1551 2708 258.

164 2727 230 2770 66,
265 2727 343 2764 268.
460 2730 520 2775 83)
550 2731 652 2778 Geli.
679 2730 759 2767 Vll.
787 2731 838 2778 12.
955 2729 1016 2774 84)
1052 2740 1087 2766 v.
1118 2733 1306 2776 potestur.
1420 2728 1480 2773 85)
1518 2739 1553 2765 v.

164 2795 282 2830 reque
305 2796 432 2833 eapse.
