1835 3126
297 227 417 286 410
716 234 1257 280 EXPLICATIONES

411 351 449 388 G.
481 348 713 398 coscontum]
749 360 828 388 non
864 352 1015 388 constat
1052 348 1136 388 isne
1171 350 1240 397 sit,
1278 352 1344 402 qui
1373 350 1571 402 Illyricum
1608 361 1680 401 pro

296 416 454 458 consule
491 415 594 455 rexit
628 428 664 455 a.
689 416 792 464 675,
831 428 866 456 v.
897 427 968 468 pro
1003 414 1180 455 Cluentio
1211 417 1284 465 35,
1313 420 1404 467 97„
1443 430 1493 457 an
1525 418 1583 466 is,
1616 417 1682 468 qui

295 484 454 525 consule
485 483 672 523 Cicerone
700 488 924 534 praeturam
953 481 1087 533 gessit.

406 554 465 587 M.
499 551 627 587 Crassi
655 552 764 599 qnasil
790 549 1051 598 secandarum]
1083 548 1316 588 imitatorem
1347 548 1481 589 Crassi
1511 550 1682 602 explicat

295 617 529 664 Wetzelius,
567 627 637 654 nec
678 615 918 655 dissimiliter
957 617 1156 667 Meyerus.
1212 616 1374 664 „Aliter
1416 616 1586 655 censebit
1618 618 1682 669 qui

293 690 444 725 veteres
475 683 685 735 scriptores
717 695 794 734 qua
822 688 946 722 mente
975 686 1183 733 primarum
1212 683 1459 720 secandarum
1488 686 1684 721 tertam-um

295 759 439 790 actores
460 762 532 803 per
552 750 719 800 figuram
743 750 976 802 protulerint
1001 761 1153 802 quoque
1177 754 1323 802 spectet
1349 743 1530 802 δεύτερα
1546 747 1685 801 λέγειν

294 815 421 872 τρίτα
451 814 591 870 λέγειν
616 816 825 867 diligenter
850 817 1088 869 expenderit.
1131 816 1230 856 Nam
1253 822 1294 856 ut
1316 815 1504 856 secundas
1529 816 1685 866 agebat,

296 887 362 938 qui
390 885 550 937 paulum
578 884 743 923 inferior
768 890 870 924 esset
898 885 1022 923 actori
1043 884 1231 936 primario
1255 885 1435 935 viresque
1460 895 1550 922 suas
1578 882 1685 921 illius

294 954 471 1006 partibus
503 951 813 991 accommodaret
844 957 881 991 et
908 952 1147 991 submitteret
1178 950 1298 999 (addo
1330 955 1505 990 coactum
1532 961 1618 988 esse
1646 950 1686 988 id

294 1020 440 1067 facere,
466 1019 581 1058 etiam
608 1019 641 1057 si
663 1030 758 1058 voce
785 1024 822 1058 et
846 1019 993 1058 viribus
1017 1019 1102 1070 ipso
1126 1019 1313 1071 primario
1340 1023 1472 1057 actore
1494 1017 1688 1057 valentior

297 1092 420 1134 esset,
446 1098 481 1125 v.
515 1084 594 1125 Cic.
625 1085 754 1125 Divin.
784 1086 823 1124 in
855 1085 1002 1126 Caecil.
1036 1086 1107 1133 15,
1138 1085 1246 1136 48.):
1278 1086 1334 1124 ita
1364 1083 1617 1123 secundarum
1646 1084 1686 1122 in

294 1164 339 1192 re
379 1152 538 1203 publica
577 1152 794 1190 habebatur
826 1153 892 1203 qui
933 1152 1098 1191 consilia
1137 1165 1207 1191 sua
1237 1152 1287 1191 ad
1319 1151 1524 1190 utilitatem
1554 1155 1591 1189 et
1620 1163 1686 1189 ar-

293 1218 451 1257 bitrium
479 1217 555 1256 viri
578 1218 836 1268 potentissimi
863 1217 1035 1267 dirigere
1060 1218 1206 1257 soleret
1231 1223 1267 1257 et
1292 1217 1466 1256 consulto
1493 1218 1686 1256 rationum

295 1285 512 1324 alienarum
543 1283 656 1334 quasi
686 1283 987 1334 subscriptorem
1018 1294 1151 1334 agere.
1208 1284 1347 1322 Arrius
1388 1283 1509 1332 igitur
1538 1283 1578 1321 in
1607 1296 1684 1334 quo

296 1352 482 1392 Crassum
505 1350 722 1389 imitaretur
749 1349 858 1398 nihil,
885 1350 1035 1402 opinor,
1062 1350 1253 1397 habebat;
1280 1349 1348 1388 sed
1362 1350 1476 1388 homo
1498 1348 1686 1389 factiosus

295 1419 420 1457 sicubi
458 1417 642 1456 ministris
679 1422 832 1467 egeret,
873 1428 1036 1468 quorum
1072 1417 1331 1469 patrocinium
1367 1415 1540 1455 consiliis
1580 1416 1688 1455 clan-

295 1484 455 1524 destinis
492 1489 763 1536 praetexeret,
805 1488 846 1523 ut
883 1484 1044 1523 Athenis
1079 1483 1252 1523 Pericles
1291 1483 1512 1530 factam-at,
1548 1483 1687 1522 Arrius

294 1552 494 1604 suppetias
517 1556 695 1603 prompte
715 1550 867 1590 ferebat
889 1562 1075 1602 suamque
1098 1550 1366 1590 commodabat
1389 1550 1688 1602 eloquentiam.“

296 1618 529 1665 Bernhardy.
571 1618 678 1657 Haec
701 1619 855 1657 sirecte
871 1617 1067 1670 disputata
1083 1622 1181 1665 sunt,
1210 1618 1350 1657 mirere
1372 1618 1687 1669 interpretantem

295 1698 334 1722 er
363 1686 493 1735 spielte
520 1685 601 1732 fast
633 1685 691 1722 die
719 1685 849 1730 Rolle,
885 1685 944 1722 dte
976 1686 1136 1722 Crassus
1168 1685 1245 1722 ihm
1275 1685 1374 1722 liess.
1432 1684 1571 1725 Verius
1602 1689 1687 1723 erat

294 1765 335 1789 er
379 1753 508 1801 spielte
552 1751 621 1789 den
660 1752 862 1800 Aashelfer
905 1763 935 1791 s.
981 1752 1039 1789 dte
1075 1752 1185 1789 Rolle
1224 1754 1322 1789 eines
1359 1751 1686 1800 anteryeordneten

294 1819 527 1855 Betstandes.
587 1818 766 1858 Ceterum
809 1818 879 1858 ille
916 1819 1053 1858 Arrius
1096 1823 1257 1870 praetor
1301 1831 1336 1858 a.
1375 1819 1470 1858 682.
1529 1818 1687 1858 Crixum

292 1884 547 1934 fugitivorum
571 1884 704 1923 ducem
735 1896 819 1923 cum
840 1886 979 1935 viginti
1003 1885 1174 1924 millibus
1203 1886 1398 1925 hominum
1427 1885 1586 1934 occidit,
1618 1885 1687 1925 sed

294 1963 319 1990 a
349 1951 543 2002 Spartaco
581 1951 702 1990 victus
745 1956 813 1990 est.
871 1951 1042 2000 Deinde,
1080 1956 1287 2003 postquam
1317 1952 1382 1991 diu
1410 1953 1551 2000 iacuit,
1593 1964 1687 1992 con-

295 2017 462 2056 sulatum
501 2022 636 2068 petere
672 2030 789 2056 ausus
836 2030 871 2057 a.
902 2018 1006 2063 695,
1050 2018 1118 2056 sed
1157 2030 1181 2056 a
1212 2018 1403 2065 Caesare,
1442 2019 1504 2057 cui
1539 2030 1582 2057 se
1617 2018 1687 2058 ad-

295 2083 448 2122 dixerat
471 2083 542 2122 illo
564 2088 750 2135 tempore,
776 2083 977 2122 destitutus
993 2084 1191 2134 repulsam
1206 2085 1311 2122 tulit:
1336 2097 1372 2123 v.
1390 2084 1469 2123 Cic.
1485 2085 1562 2123 Att.
1582 2085 1629 2124 11.
1646 2086 1685 2125 5.

409 2151 503 2189 243.
560 2151 745 2187 solem—
760 2150 858 2197 ferre
881 2163 953 2188 non
980 2150 1147 2199 possunt]
1174 2150 1400 2189 sententiam
1427 2154 1492 2188 aut
1518 2151 1686 2191 imitatus

296 2222 353 2256 est
370 2223 434 2256 aut
450 2216 652 2267 eleganter
667 2218 835 2257 variavit
851 2229 923 2256 sua
939 2217 1177 2267 cogitatione
1194 2217 1454 2266 Quintilianus
1471 2216 1539 2255 XI.
1558 2218 1595 2264 3,
1613 2220 1687 2257 26:

295 2285 438 2334 alioqui
473 2284 593 2321 nitida
630 2285 699 2321 silla
740 2290 773 2321 et
803 2290 936 2322 carata
964 2297 1039 2322 vox
1078 2285 1269 2322 insolitum
1298 2284 1460 2321 laborem
1489 2285 1686 2330 recusabit,

294 2357 336 2388 ut
365 2356 515 2388 assueta
546 2354 752 2399 gymnasiis
792 2356 825 2388 ct
863 2351 941 2389 oleo
971 2364 1152 2400 corpora,
1196 2350 1396 2401 (mamlibet
1433 2352 1509 2387 sint
1536 2353 1576 2387 in
1608 2353 1687 2388 suis

295 2418 558 2455 certaminibus
586 2420 754 2467 speciosa
785 2423 894 2467 atque
922 2417 1094 2462 robusta,
1129 2420 1163 2455 si
1191 2418 1354 2455 militare
1381 2419 1451 2454 tter
1476 2417 1686 2467 fascemque

294 2490 329 2521 et
357 2485 508 2533 visytlzas
538 2487 715 2533 imperes,
747 2483 920 2532 deficiant
945 2490 979 2521 et
1008 2490 1190 2539 quaerant
1217 2489 1389 2522 unctores
1416 2496 1505 2522 suos
1525 2484 1686 2521 medam-

295 2564 364 2602 que
392 2551 576 2590 sudorem.

409 2618 597 2655 tudtczalts
626 2617 729 2666 amet]
768 2616 940 2655 inutilem
974 2620 1171 2656 oratorum
1209 2616 1486 2668 loquacitatem
1516 2619 1554 2655 et
1582 2626 1684 2655 com-

298 2684 657 2735 perendinationum
679 2695 807 2723 moras
824 2683 962 2723 recidit
983 2683 1049 2722 lex
1068 2683 1276 2723 iudiciaria
1291 2696 1315 2722 a
1330 2683 1515 2735 Pompeio
1532 2682 1684 2722 tertium

299 2751 457 2792 consule
484 2751 568 2792 lata
597 2764 633 2792 a.
658 2752 751 2792 702.
798 2752 882 2792 Uno
914 2751 1013 2791 enim
1043 2755 1159 2802 atque
1188 2751 1321 2791 eodem
1343 2750 1406 2791 die
1428 2761 1567 2791 causas
1593 2759 1683 2801 pcr-
