<?xml version="1.0" encoding="UTF-8"?>
<!DOCTYPE html PUBLIC "-//W3C//DTD XHTML 1.0 Transitional//EN"
    "http://www.w3.org/TR/xhtml1/DTD/xhtml1-transitional.dtd">
<html xmlns="http://www.w3.org/1999/xhtml" xml:lang="en" lang="en">
 <head>
  <title>
</title>
<meta http-equiv="Content-Type" content="text/html;charset=utf-8" />
  <meta name='ocr-system' content='tesseract 3.04.00' />
  <meta name='ocr-capabilities' content='ocr_page ocr_carea ocr_par ocr_line ocrx_word'/>
</head>
<body>
  <div class='ocr_page' id='page_1' title='image "./brutussivedeclar00ciceuoft/brutussivedeclar00ciceuoft_0011.png"; bbox 0 0 1892 3116; ppageno 0'>
   <div class='ocr_carea' id='block_1_1' title="bbox 677 244 1566 292">
    <p class='ocr_par' dir='ltr' id='par_1_1' title="bbox 677 244 1566 292">
     <span class='ocr_line' id='line_1_1' title="bbox 677 244 1566 292; baseline 0.004 -4"><span class='ocrx_word' id='word_1_1' title='bbox 677 244 1066 289; x_wconf 87' lang='lat' dir='ltr'><strong>PRAEFATIO.</strong></span> <span class='ocrx_word' id='word_1_2' title='bbox 1523 262 1566 292; x_wconf 83' lang='lat' dir='ltr'>ix</span> 
     </span>
    </p>
   </div>
   <div class='ocr_carea' id='block_1_2' title="bbox 175 356 1564 494">
    <p class='ocr_par' dir='ltr' id='par_1_2' title="bbox 175 356 1564 494">
     <span class='ocr_line' id='line_1_2' title="bbox 285 356 1564 414; baseline 0.001 -13"><span class='ocrx_word' id='word_1_3' title='bbox 285 357 582 414; x_wconf 79' lang='lat' dir='ltr'>Lagomarsini</span> <span class='ocrx_word' id='word_1_4' title='bbox 598 357 665 399; x_wconf 93' lang='lat'>51.</span> <span class='ocrx_word' id='word_1_5' title='bbox 689 356 995 400; x_wconf 83' lang='lat' dir='ltr'>Laurentianus</span> <span class='ocrx_word' id='word_1_6' title='bbox 1010 358 1136 414; x_wconf 88' lang='lat' dir='ltr'>plutei</span> <span class='ocrx_word' id='word_1_7' title='bbox 1153 357 1201 402; x_wconf 92' lang='lat' dir='ltr'>L.</span> <span class='ocrx_word' id='word_1_8' title='bbox 1218 371 1388 402; x_wconf 90' lang='lat' dir='ltr'>numero</span> <span class='ocrx_word' id='word_1_9' title='bbox 1402 357 1564 410; x_wconf 91' lang='lat' dir='ltr'><strong>XVIII.,</strong></span> 
     </span>
     <span class='ocr_line' id='line_1_3' title="bbox 175 435 1564 494; baseline 0.001 -14"><span class='ocrx_word' id='word_1_10' title='bbox 175 439 310 480; x_wconf 81' lang='lat' dir='ltr'>forma</span> <span class='ocrx_word' id='word_1_11' title='bbox 354 444 519 493; x_wconf 85' lang='lat' dir='ltr'>quarta,</span> <span class='ocrx_word' id='word_1_12' title='bbox 566 435 930 488; x_wconf 82' lang='lat' dir='ltr'>membranaceus,</span> <span class='ocrx_word' id='word_1_13' title='bbox 976 436 1090 480; x_wconf 89' lang='lat' dir='ltr'>soliis</span> <span class='ocrx_word' id='word_1_14' title='bbox 1135 439 1298 494; x_wconf 87' lang='lat' dir='ltr'>scriptis</span> <span class='ocrx_word' id='word_1_15' title='bbox 1338 438 1432 481; x_wconf 82' lang='lat'><strong>156.</strong></span> <span class='ocrx_word' id='word_1_16' title='bbox 1502 438 1564 482; x_wconf 87' lang='lat' dir='ltr'>Eo</span> 
     </span>
    </p>
   </div>
   <div class='ocr_carea' id='block_1_3' title="bbox 174 507 1621 573">
    <p class='ocr_par' dir='ltr' id='par_1_3' title="bbox 174 507 1621 573">
     <span class='ocr_line' id='line_1_4' title="bbox 174 507 1621 573; baseline 0.001 -15"><span class='ocrx_word' id='word_1_17' title='bbox 174 515 324 558; x_wconf 90' lang='lat' dir='ltr'>Brutus</span> <span class='ocrx_word' id='word_1_18' title='bbox 355 522 394 558; x_wconf 91' lang='lat' dir='ltr'>et</span> <span class='ocrx_word' id='word_1_19' title='bbox 420 513 572 558; x_wconf 84' lang='lat' dir='ltr'>Orator</span> <span class='ocrx_word' id='word_1_20' title='bbox 598 517 866 559; x_wconf 88' lang='lat' dir='ltr'>continentur.</span> <span class='ocrx_word' id='word_1_21' title='bbox 913 514 1099 573; x_wconf 81' lang='lat' dir='ltr'>Scriptus</span> <span class='ocrx_word' id='word_1_22' title='bbox 1131 522 1194 558; x_wconf 87' lang='lat' dir='ltr'>est</span> <span class='ocrx_word' id='word_1_23' title='bbox 1219 523 1353 559; x_wconf 86' lang='lat' dir='ltr'>autem</span> <span class='ocrx_word' id='word_1_24' title='bbox 1381 518 1423 559; x_wconf 90' lang='lat' dir='ltr'>in</span> <span class='ocrx_word' id='word_1_25' title='bbox 1447 531 1565 560; x_wconf 89' lang='lat' dir='ltr'>usum</span> <span class='ocrx_word' id='word_1_26' title='bbox 1619 507 1621 509; x_wconf 41' lang='grc'><strong>’</strong></span> 
     </span>
    </p>
   </div>
   <div class='ocr_carea' id='block_1_4' title="bbox 168 592 1567 2849">
    <p class='ocr_par' dir='ltr' id='par_1_4' title="bbox 173 592 1566 874">
     <span class='ocr_line' id='line_1_5' title="bbox 176 592 1566 640; baseline 0.003 -4"><span class='ocrx_word' id='word_1_27' title='bbox 176 592 354 637; x_wconf 89' lang='lat' dir='ltr'>Cosmae</span> <span class='ocrx_word' id='word_1_28' title='bbox 400 594 450 636; x_wconf 89' lang='lat' dir='ltr'>de</span> <span class='ocrx_word' id='word_1_29' title='bbox 494 593 674 637; x_wconf 86' lang='lat' dir='ltr'><strong>Medicis</strong></span> <span class='ocrx_word' id='word_1_30' title='bbox 719 607 757 636; x_wconf 89' lang='lat' dir='ltr'>a.</span> <span class='ocrx_word' id='word_1_31' title='bbox 799 593 910 636; x_wconf 81' lang='lat'><strong>1423</strong></span> <span class='ocrx_word' id='word_1_32' title='bbox 957 608 982 637; x_wconf 88' lang='lat' dir='ltr'>a</span> <span class='ocrx_word' id='word_1_33' title='bbox 1020 593 1174 638; x_wconf 86' lang='lat' dir='ltr'>Iacobo</span> <span class='ocrx_word' id='word_1_34' title='bbox 1219 595 1400 638; x_wconf 80' lang='lat' dir='ltr'>Antoni0</span> <span class='ocrx_word' id='word_1_35' title='bbox 1440 595 1566 640; x_wconf 89' lang='lat' dir='ltr'>Curlo</span> 
     </span>
     <span class='ocr_line' id='line_1_6' title="bbox 174 671 1564 730; baseline 0.003 -16"><span class='ocrx_word' id='word_1_36' title='bbox 174 671 390 723; x_wconf 87' lang='lat' dir='ltr'>Ianuensi‚</span> <span class='ocrx_word' id='word_1_37' title='bbox 418 679 531 715; x_wconf 85' lang='lat' dir='ltr'>tanto</span> <span class='ocrx_word' id='word_1_38' title='bbox 561 675 717 723; x_wconf 84' lang='lat' dir='ltr'>nitore,</span> <span class='ocrx_word' id='word_1_39' title='bbox 750 679 792 714; x_wconf 92' lang='lat' dir='ltr'>ut</span> <span class='ocrx_word' id='word_1_40' title='bbox 821 672 922 715; x_wconf 88' lang='lat' dir='ltr'>nihil</span> <span class='ocrx_word' id='word_1_41' title='bbox 953 674 1085 729; x_wconf 87' lang='lat' dir='ltr'><strong>possit</strong></span> <span class='ocrx_word' id='word_1_42' title='bbox 1115 675 1288 730; x_wconf 81' lang='lat' dir='ltr'>reperiri</span> <span class='ocrx_word' id='word_1_43' title='bbox 1318 674 1564 729; x_wconf 84' lang='lat' dir='ltr'>elegantius,</span> 
     </span>
     <span class='ocr_line' id='line_1_7' title="bbox 175 751 1566 807; baseline 0.003 -14"><span class='ocrx_word' id='word_1_44' title='bbox 175 758 215 793; x_wconf 90' lang='lat' dir='ltr'>et</span> <span class='ocrx_word' id='word_1_45' title='bbox 244 751 449 806; x_wconf 81' lang='lat' dir='ltr'>religiosa</span> <span class='ocrx_word' id='word_1_46' title='bbox 479 751 716 806; x_wconf 80' lang='lat' dir='ltr'>diligentia3</span> <span class='ocrx_word' id='word_1_47' title='bbox 747 764 843 793; x_wconf 91' lang='lat' dir='ltr'>nam</span> <span class='ocrx_word' id='word_1_48' title='bbox 877 753 1084 807; x_wconf 88' lang='lat' dir='ltr'>antiquam</span> <span class='ocrx_word' id='word_1_49' title='bbox 1114 752 1301 807; x_wconf 88' lang='lat' dir='ltr'>plurimis</span> <span class='ocrx_word' id='word_1_50' title='bbox 1330 753 1436 796; x_wconf 90' lang='lat' dir='ltr'>locis</span> <span class='ocrx_word' id='word_1_51' title='bbox 1462 756 1566 797; x_wconf 91' lang='lat' dir='ltr'>scri-</span> 
     </span>
     <span class='ocr_line' id='line_1_8' title="bbox 173 828 1566 874; baseline 0.003 -4"><span class='ocrx_word' id='word_1_52' title='bbox 173 828 296 871; x_wconf 88' lang='lat' dir='ltr'>bendi</span> <span class='ocrx_word' id='word_1_53' title='bbox 326 831 530 872; x_wconf 84' lang='lat' dir='ltr'>rationem</span> <span class='ocrx_word' id='word_1_54' title='bbox 560 829 724 870; x_wconf 79' lang='lat' dir='ltr'>exhibet</span> <span class='ocrx_word' id='word_1_55' title='bbox 753 835 791 870; x_wconf 92' lang='lat' dir='ltr'>et</span> <span class='ocrx_word' id='word_1_56' title='bbox 820 831 1121 871; x_wconf 78' lang='lat' dir='ltr'>correctionum</span> <span class='ocrx_word' id='word_1_57' title='bbox 1150 830 1237 871; x_wconf 86' lang='lat' dir='ltr'>sere</span> <span class='ocrx_word' id='word_1_58' title='bbox 1268 831 1458 873; x_wconf 90' lang='lat' dir='ltr'>immunis</span> <span class='ocrx_word' id='word_1_59' title='bbox 1489 839 1566 874; x_wconf 87' lang='lat' dir='ltr'>est.</span> 
     </span>
    </p>

    <p class='ocr_par' dir='ltr' id='par_1_5' title="bbox 172 904 1567 1191">
     <span class='ocr_line' id='line_1_9' title="bbox 283 904 1564 961; baseline 0.003 -14"><span class='ocrx_word' id='word_1_60' title='bbox 283 905 578 960; x_wconf 81' lang='lat' dir='ltr'>Lagomarsini</span> <span class='ocrx_word' id='word_1_61' title='bbox 603 906 670 946; x_wconf 89' lang='lat'>53.</span> <span class='ocrx_word' id='word_1_62' title='bbox 694 904 1000 947; x_wconf 81' lang='lat' dir='ltr'>Laurentianus</span> <span class='ocrx_word' id='word_1_63' title='bbox 1023 906 1150 961; x_wconf 88' lang='lat' dir='ltr'>plutei</span> <span class='ocrx_word' id='word_1_64' title='bbox 1174 905 1221 947; x_wconf 96' lang='lat' dir='ltr'>L.</span> <span class='ocrx_word' id='word_1_65' title='bbox 1246 920 1415 950; x_wconf 89' lang='lat' dir='ltr'>numero</span> <span class='ocrx_word' id='word_1_66' title='bbox 1433 907 1564 960; x_wconf 89' lang='lat' dir='ltr'><strong>XIX.,</strong></span> 
     </span>
     <span class='ocr_line' id='line_1_10' title="bbox 172 983 1567 1039; baseline 0.004 -13"><span class='ocrx_word' id='word_1_67' title='bbox 172 984 304 1026; x_wconf 81' lang='lat' dir='ltr'>forma</span> <span class='ocrx_word' id='word_1_68' title='bbox 328 990 495 1039; x_wconf 87' lang='lat' dir='ltr'>quarta,</span> <span class='ocrx_word' id='word_1_69' title='bbox 520 983 876 1034; x_wconf 86' lang='lat' dir='ltr'>membranaceus,</span> <span class='ocrx_word' id='word_1_70' title='bbox 899 990 1065 1039; x_wconf 89' lang='lat' dir='ltr'>praeter</span> <span class='ocrx_word' id='word_1_71' title='bbox 1087 983 1255 1026; x_wconf 88' lang='lat' dir='ltr'>Brutum</span> <span class='ocrx_word' id='word_1_72' title='bbox 1279 987 1403 1028; x_wconf 86' lang='lat' dir='ltr'>etiam</span> <span class='ocrx_word' id='word_1_73' title='bbox 1426 994 1567 1031; x_wconf 86' lang='lat' dir='ltr'>cetera</span> 
     </span>
     <span class='ocr_line' id='line_1_11' title="bbox 172 1061 1564 1123; baseline 0.004 -19"><span class='ocrx_word' id='word_1_74' title='bbox 172 1063 327 1118; x_wconf 89' lang='lat' dir='ltr'>scripta</span> <span class='ocrx_word' id='word_1_75' title='bbox 368 1061 578 1105; x_wconf 87' lang='lat' dir='ltr'>rhetorica</span> <span class='ocrx_word' id='word_1_76' title='bbox 621 1063 784 1104; x_wconf 89' lang='lat' dir='ltr'>minora</span> <span class='ocrx_word' id='word_1_77' title='bbox 827 1061 1048 1113; x_wconf 79' lang='lat' dir='ltr'>exhibens3</span> <span class='ocrx_word' id='word_1_78' title='bbox 1105 1064 1280 1119; x_wconf 89' lang='lat' dir='ltr'>scriptus</span> <span class='ocrx_word' id='word_1_79' title='bbox 1321 1065 1449 1108; x_wconf 86' lang='lat' dir='ltr'>nitide</span> <span class='ocrx_word' id='word_1_80' title='bbox 1490 1081 1564 1123; x_wconf 93' lang='lat' dir='ltr'>pro</span> 
     </span>
     <span class='ocr_line' id='line_1_12' title="bbox 172 1139 1211 1191; baseline 0.001 -9"><span class='ocrx_word' id='word_1_81' title='bbox 172 1139 326 1184; x_wconf 88' lang='lat' dir='ltr'>Cosma</span> <span class='ocrx_word' id='word_1_82' title='bbox 355 1140 405 1183; x_wconf 90' lang='lat' dir='ltr'>de</span> <span class='ocrx_word' id='word_1_83' title='bbox 435 1140 616 1184; x_wconf 86' lang='lat' dir='ltr'>Medicis</span> <span class='ocrx_word' id='word_1_84' title='bbox 648 1140 790 1183; x_wconf 90' lang='lat' dir='ltr'>seculo</span> <span class='ocrx_word' id='word_1_85' title='bbox 821 1139 935 1191; x_wconf 61' lang='lat' dir='ltr'>XV„</span> <span class='ocrx_word' id='word_1_86' title='bbox 970 1141 1084 1184; x_wconf 88' lang='lat' dir='ltr'>foliis</span> <span class='ocrx_word' id='word_1_87' title='bbox 1116 1141 1211 1184; x_wconf 89' lang='grc'><strong>171.</strong></span> 
     </span>
    </p>

    <p class='ocr_par' dir='ltr' id='par_1_6' title="bbox 169 1217 1565 1980">
     <span class='ocr_line' id='line_1_13' title="bbox 281 1217 1564 1276; baseline 0.003 -15"><span class='ocrx_word' id='word_1_88' title='bbox 281 1218 578 1273; x_wconf 77' lang='lat' dir='ltr'>Lagomarsini</span> <span class='ocrx_word' id='word_1_89' title='bbox 594 1219 661 1261; x_wconf 82' lang='lat'>56.</span> <span class='ocrx_word' id='word_1_90' title='bbox 686 1217 993 1262; x_wconf 82' lang='lat' dir='ltr'>Laurentianus</span> <span class='ocrx_word' id='word_1_91' title='bbox 1018 1220 1146 1276; x_wconf 87' lang='lat' dir='ltr'>plutei</span> <span class='ocrx_word' id='word_1_92' title='bbox 1161 1219 1208 1261; x_wconf 96' lang='lat' dir='ltr'>L.</span> <span class='ocrx_word' id='word_1_93' title='bbox 1227 1234 1396 1265; x_wconf 88' lang='lat' dir='ltr'>numero</span> <span class='ocrx_word' id='word_1_94' title='bbox 1413 1220 1564 1274; x_wconf 68' lang='lat' dir='ltr'><strong>XXII„</strong></span> 
     </span>
     <span class='ocr_line' id='line_1_14' title="bbox 170 1297 1565 1354; baseline 0.004 -14"><span class='ocrx_word' id='word_1_95' title='bbox 170 1298 304 1341; x_wconf 77' lang='lat' dir='ltr'>forma</span> <span class='ocrx_word' id='word_1_96' title='bbox 332 1305 498 1354; x_wconf 88' lang='lat' dir='ltr'>quarta,</span> <span class='ocrx_word' id='word_1_97' title='bbox 529 1297 885 1340; x_wconf 87' lang='lat' dir='ltr'>membranaceus.</span> <span class='ocrx_word' id='word_1_98' title='bbox 928 1298 1100 1341; x_wconf 87' lang='lat' dir='ltr'>Praeter</span> <span class='ocrx_word' id='word_1_99' title='bbox 1123 1298 1290 1341; x_wconf 86' lang='lat' dir='ltr'>Brutum</span> <span class='ocrx_word' id='word_1_100' title='bbox 1319 1308 1458 1344; x_wconf 82' lang='lat' dir='ltr'>cetera</span> <span class='ocrx_word' id='word_1_101' title='bbox 1487 1304 1565 1345; x_wconf 89' lang='lat' dir='ltr'>mi-</span> 
     </span>
     <span class='ocr_line' id='line_1_15' title="bbox 170 1375 1565 1433; baseline 0.004 -15"><span class='ocrx_word' id='word_1_102' title='bbox 170 1389 274 1419; x_wconf 84' lang='lat' dir='ltr'>nora</span> <span class='ocrx_word' id='word_1_103' title='bbox 311 1378 466 1433; x_wconf 88' lang='lat' dir='ltr'>scripta</span> <span class='ocrx_word' id='word_1_104' title='bbox 495 1375 711 1420; x_wconf 83' lang='lat' dir='ltr'>Ciceronis</span> <span class='ocrx_word' id='word_1_105' title='bbox 739 1379 926 1420; x_wconf 89' lang='lat' dir='ltr'>oratoria</span> <span class='ocrx_word' id='word_1_106' title='bbox 954 1391 1003 1420; x_wconf 90' lang='lat' dir='ltr'>eo</span> <span class='ocrx_word' id='word_1_107' title='bbox 1034 1384 1234 1420; x_wconf 86' lang='lat' dir='ltr'>tenentur.</span> <span class='ocrx_word' id='word_1_108' title='bbox 1294 1377 1429 1422; x_wconf 86' lang='lat' dir='ltr'>Habet</span> <span class='ocrx_word' id='word_1_109' title='bbox 1459 1381 1565 1424; x_wconf 83' lang='lat' dir='ltr'>folia</span> 
     </span>
     <span class='ocr_line' id='line_1_16' title="bbox 170 1454 1563 1513; baseline 0.004 -16"><span class='ocrx_word' id='word_1_110' title='bbox 170 1457 324 1512; x_wconf 87' lang='lat' dir='ltr'>scripta</span> <span class='ocrx_word' id='word_1_111' title='bbox 341 1456 434 1506; x_wconf 82' lang='lat'>173,</span> <span class='ocrx_word' id='word_1_112' title='bbox 461 1469 630 1512; x_wconf 84' lang='lat' dir='ltr'>quorum</span> <span class='ocrx_word' id='word_1_113' title='bbox 646 1455 797 1498; x_wconf 89' lang='lat' dir='ltr'>Brutus</span> <span class='ocrx_word' id='word_1_114' title='bbox 819 1456 959 1513; x_wconf 89' lang='lat' dir='ltr'>implet</span> <span class='ocrx_word' id='word_1_115' title='bbox 975 1470 1001 1499; x_wconf 90' lang='lat' dir='ltr'>a</span> <span class='ocrx_word' id='word_1_116' title='bbox 1015 1454 1240 1498; x_wconf 76' lang='lat' dir='ltr'><strong>XXXVIII</strong></span> <span class='ocrx_word' id='word_1_117' title='bbox 1259 1458 1310 1500; x_wconf 90' lang='lat' dir='ltr'>ad</span> <span class='ocrx_word' id='word_1_118' title='bbox 1327 1457 1563 1503; x_wconf 85' lang='lat' dir='ltr'><strong>LXXXVI.</strong></span> 
     </span>
     <span class='ocr_line' id='line_1_17' title="bbox 170 1532 1563 1591; baseline 0.006 -17"><span class='ocrx_word' id='word_1_119' title='bbox 170 1532 216 1575; x_wconf 94' lang='lat' dir='ltr'>In</span> <span class='ocrx_word' id='word_1_120' title='bbox 254 1534 333 1576; x_wconf 90' lang='lat' dir='ltr'>fine</span> <span class='ocrx_word' id='word_1_121' title='bbox 374 1535 566 1589; x_wconf 82' lang='lat' dir='ltr'>leguntur</span> <span class='ocrx_word' id='word_1_122' title='bbox 597 1533 724 1577; x_wconf 88' lang='lat' dir='ltr'>haec:</span> <span class='ocrx_word' id='word_1_123' title='bbox 764 1567 836 1584; x_wconf 89' lang='lat'>„..</span> <span class='ocrx_word' id='word_1_124' title='bbox 856 1567 864 1575; x_wconf 95' lang='lat'><strong>.</strong></span> <span class='ocrx_word' id='word_1_125' title='bbox 978 1534 1083 1577; x_wconf 89' lang='lat' dir='ltr'>haec</span> <span class='ocrx_word' id='word_1_126' title='bbox 1115 1536 1316 1591; x_wconf 87' lang='lat' dir='ltr'>opuscula</span> <span class='ocrx_word' id='word_1_127' title='bbox 1347 1535 1563 1582; x_wconf 86' lang='lat' dir='ltr'>Ciceronis</span> 
     </span>
     <span class='ocr_line' id='line_1_18' title="bbox 170 1611 1564 1669; baseline 0.004 -15"><span class='ocrx_word' id='word_1_128' title='bbox 170 1613 513 1669; x_wconf 86' lang='lat' dir='ltr'>transscripserat</span> <span class='ocrx_word' id='word_1_129' title='bbox 533 1611 568 1652; x_wconf 94' lang='lat' dir='ltr'>V</span> <span class='ocrx_word' id='word_1_130' title='bbox 587 1611 804 1654; x_wconf 86' lang='lat' dir='ltr'>Kalendas</span> <span class='ocrx_word' id='word_1_131' title='bbox 826 1611 934 1654; x_wconf 86' lang='lat' dir='ltr'>Maii</span> <span class='ocrx_word' id='word_1_132' title='bbox 962 1625 1068 1655; x_wconf 85' lang='lat' dir='ltr'>anno</span> <span class='ocrx_word' id='word_1_133' title='bbox 1093 1612 1396 1657; x_wconf 83' lang='lat' dir='ltr'><strong>MCCCCLXI.</strong></span> <span class='ocrx_word' id='word_1_134' title='bbox 1413 1620 1434 1637; x_wconf 86' lang='lat'><strong>“</strong></span> <span class='ocrx_word' id='word_1_135' title='bbox 1479 1616 1564 1661; x_wconf 92' lang='lat' dir='ltr'>No-</span> 
     </span>
     <span class='ocr_line' id='line_1_19' title="bbox 170 1689 1562 1747; baseline 0.005 -16"><span class='ocrx_word' id='word_1_136' title='bbox 170 1703 265 1733; x_wconf 86' lang='lat' dir='ltr'>men</span> <span class='ocrx_word' id='word_1_137' title='bbox 307 1692 519 1747; x_wconf 88' lang='lat' dir='ltr'>scriptoris</span> <span class='ocrx_word' id='word_1_138' title='bbox 558 1692 684 1745; x_wconf 81' lang='lat' dir='ltr'>igitur</span> <span class='ocrx_word' id='word_1_139' title='bbox 713 1704 879 1732; x_wconf 90' lang='lat' dir='ltr'>erasum</span> <span class='ocrx_word' id='word_1_140' title='bbox 910 1697 984 1733; x_wconf 88' lang='lat' dir='ltr'>est.</span> <span class='ocrx_word' id='word_1_141' title='bbox 1042 1689 1208 1733; x_wconf 88' lang='lat' dir='ltr'>Literas</span> <span class='ocrx_word' id='word_1_142' title='bbox 1239 1692 1365 1735; x_wconf 91' lang='lat' dir='ltr'>habet</span> <span class='ocrx_word' id='word_1_143' title='bbox 1397 1696 1562 1747; x_wconf 89' lang='lat' dir='ltr'>nitidas,</span> 
     </span>
     <span class='ocr_line' id='line_1_20' title="bbox 170 1768 1565 1830; baseline 0.004 -20"><span class='ocrx_word' id='word_1_144' title='bbox 170 1769 352 1811; x_wconf 88' lang='lat' dir='ltr'>initiales</span> <span class='ocrx_word' id='word_1_145' title='bbox 382 1769 582 1811; x_wconf 88' lang='lat' dir='ltr'>librorum</span> <span class='ocrx_word' id='word_1_146' title='bbox 614 1775 782 1810; x_wconf 86' lang='lat' dir='ltr'>auratas</span> <span class='ocrx_word' id='word_1_147' title='bbox 814 1775 853 1810; x_wconf 92' lang='lat' dir='ltr'>et</span> <span class='ocrx_word' id='word_1_148' title='bbox 883 1768 1116 1818; x_wconf 90' lang='lat' dir='ltr'>coloratas,</span> <span class='ocrx_word' id='word_1_149' title='bbox 1149 1771 1350 1825; x_wconf 87' lang='lat' dir='ltr'>picturam</span> <span class='ocrx_word' id='word_1_150' title='bbox 1379 1773 1421 1814; x_wconf 91' lang='lat' dir='ltr'>in</span> <span class='ocrx_word' id='word_1_151' title='bbox 1451 1776 1565 1830; x_wconf 91' lang='lat' dir='ltr'>prin-</span> 
     </span>
     <span class='ocr_line' id='line_1_21' title="bbox 172 1846 1564 1903; baseline 0.005 -14"><span class='ocrx_word' id='word_1_152' title='bbox 172 1848 278 1903; x_wconf 87' lang='lat' dir='ltr'>cipio</span> <span class='ocrx_word' id='word_1_153' title='bbox 316 1854 355 1889; x_wconf 89' lang='lat' dir='ltr'>et</span> <span class='ocrx_word' id='word_1_154' title='bbox 399 1853 571 1889; x_wconf 88' lang='lat' dir='ltr'>stemma</span> <span class='ocrx_word' id='word_1_155' title='bbox 609 1846 795 1888; x_wconf 87' lang='lat' dir='ltr'>familiae</span> <span class='ocrx_word' id='word_1_156' title='bbox 836 1847 1050 1889; x_wconf 89' lang='lat' dir='ltr'>cuiusdam</span> <span class='ocrx_word' id='word_1_157' title='bbox 1082 1861 1190 1890; x_wconf 88' lang='lat' dir='ltr'>nunc</span> <span class='ocrx_word' id='word_1_158' title='bbox 1221 1862 1411 1902; x_wconf 79' lang='lat' dir='ltr'>erasum3</span> <span class='ocrx_word' id='word_1_159' title='bbox 1452 1867 1564 1896; x_wconf 90' lang='lat' dir='ltr'>sum-</span> 
     </span>
     <span class='ocr_line' id='line_1_22' title="bbox 169 1925 1343 1980; baseline 0.002 -12"><span class='ocrx_word' id='word_1_160' title='bbox 169 1926 303 1970; x_wconf 85' lang='lat' dir='ltr'>maria</span> <span class='ocrx_word' id='word_1_161' title='bbox 332 1927 374 1967; x_wconf 89' lang='lat' dir='ltr'>in</span> <span class='ocrx_word' id='word_1_162' title='bbox 401 1926 589 1980; x_wconf 83' lang='lat' dir='ltr'>margine</span> <span class='ocrx_word' id='word_1_163' title='bbox 618 1925 752 1967; x_wconf 86' lang='lat' dir='ltr'>literis</span> <span class='ocrx_word' id='word_1_164' title='bbox 782 1925 1004 1968; x_wconf 88' lang='lat' dir='ltr'>rubricatis</span> <span class='ocrx_word' id='word_1_165' title='bbox 1035 1934 1208 1969; x_wconf 82' lang='lat' dir='ltr'>exarata</span> <span class='ocrx_word' id='word_1_166' title='bbox 1239 1935 1343 1971; x_wconf 88' lang='lat' dir='ltr'>sunt.</span> 
     </span>
    </p>

    <p class='ocr_par' dir='ltr' id='par_1_7' title="bbox 168 2002 1566 2283">
     <span class='ocr_line' id='line_1_23' title="bbox 280 2002 1562 2061; baseline 0.005 -16"><span class='ocrx_word' id='word_1_167' title='bbox 280 2003 577 2059; x_wconf 78' lang='lat' dir='ltr'>Lagomarsini</span> <span class='ocrx_word' id='word_1_168' title='bbox 593 2003 661 2046; x_wconf 66' lang='lat'>58.</span> <span class='ocrx_word' id='word_1_169' title='bbox 689 2002 994 2046; x_wconf 81' lang='lat' dir='ltr'>Laurentianus</span> <span class='ocrx_word' id='word_1_170' title='bbox 1017 2004 1145 2061; x_wconf 88' lang='lat' dir='ltr'>plutei</span> <span class='ocrx_word' id='word_1_171' title='bbox 1160 2004 1210 2047; x_wconf 91' lang='lat' dir='ltr'>L.</span> <span class='ocrx_word' id='word_1_172' title='bbox 1226 2020 1396 2051; x_wconf 88' lang='lat' dir='ltr'>numero</span> <span class='ocrx_word' id='word_1_173' title='bbox 1412 2007 1562 2061; x_wconf 69' lang='lat' dir='ltr'><strong>XXV„</strong></span> 
     </span>
     <span class='ocr_line' id='line_1_24' title="bbox 168 2082 1566 2139; baseline 0.004 -14"><span class='ocrx_word' id='word_1_174' title='bbox 168 2083 303 2125; x_wconf 83' lang='lat' dir='ltr'>forma</span> <span class='ocrx_word' id='word_1_175' title='bbox 334 2090 500 2139; x_wconf 87' lang='lat' dir='ltr'>quarta,</span> <span class='ocrx_word' id='word_1_176' title='bbox 544 2082 905 2132; x_wconf 89' lang='lat' dir='ltr'>membranaceus,</span> <span class='ocrx_word' id='word_1_177' title='bbox 938 2084 1114 2139; x_wconf 87' lang='lat' dir='ltr'>scriptus</span> <span class='ocrx_word' id='word_1_178' title='bbox 1145 2098 1302 2128; x_wconf 90' lang='lat' dir='ltr'>summo</span> <span class='ocrx_word' id='word_1_179' title='bbox 1331 2089 1464 2130; x_wconf 90' lang='lat' dir='ltr'>nitore</span> <span class='ocrx_word' id='word_1_180' title='bbox 1496 2103 1566 2131; x_wconf 79' lang='lat' dir='ltr'>se-</span> 
     </span>
     <span class='ocr_line' id='line_1_25' title="bbox 170 2160 1562 2218; baseline 0.004 -14"><span class='ocrx_word' id='word_1_181' title='bbox 170 2162 263 2205; x_wconf 85' lang='lat' dir='ltr'>culo</span> <span class='ocrx_word' id='word_1_182' title='bbox 300 2160 393 2203; x_wconf 87' lang='lat' dir='ltr'>XV.</span> <span class='ocrx_word' id='word_1_183' title='bbox 450 2160 581 2204; x_wconf 88' lang='lat' dir='ltr'>Foliis</span> <span class='ocrx_word' id='word_1_184' title='bbox 620 2163 784 2218; x_wconf 88' lang='lat' dir='ltr'>scriptis</span> <span class='ocrx_word' id='word_1_185' title='bbox 827 2162 910 2204; x_wconf 83' lang='lat'>109</span> <span class='ocrx_word' id='word_1_186' title='bbox 943 2162 1112 2204; x_wconf 87' lang='lat' dir='ltr'>Brutum</span> <span class='ocrx_word' id='word_1_187' title='bbox 1153 2170 1192 2206; x_wconf 86' lang='lat' dir='ltr'>et</span> <span class='ocrx_word' id='word_1_188' title='bbox 1233 2162 1451 2208; x_wconf 88' lang='lat' dir='ltr'>Oratorem</span> <span class='ocrx_word' id='word_1_189' title='bbox 1492 2181 1562 2210; x_wconf 81' lang='lat' dir='ltr'>ex·</span> 
     </span>
     <span class='ocr_line' id='line_1_26' title="bbox 168 2240 294 2283; baseline -0.024 -1"><span class='ocrx_word' id='word_1_190' title='bbox 168 2240 294 2283; x_wconf 92' lang='lat' dir='ltr'>hibet.</span> 
     </span>
    </p>

    <p class='ocr_par' dir='ltr' id='par_1_8' title="bbox 169 2316 1565 2849">
     <span class='ocr_line' id='line_1_27' title="bbox 282 2316 1564 2374; baseline 0.005 -15"><span class='ocrx_word' id='word_1_191' title='bbox 282 2317 580 2373; x_wconf 85' lang='lat' dir='ltr'>Lagomarsini</span> <span class='ocrx_word' id='word_1_192' title='bbox 631 2317 697 2360; x_wconf 72' lang='lat'>68.</span> <span class='ocrx_word' id='word_1_193' title='bbox 750 2316 1057 2359; x_wconf 85' lang='lat' dir='ltr'>Laurentianus</span> <span class='ocrx_word' id='word_1_194' title='bbox 1109 2317 1236 2374; x_wconf 86' lang='lat' dir='ltr'>plutei</span> <span class='ocrx_word' id='word_1_195' title='bbox 1291 2318 1339 2362; x_wconf 94' lang='lat' dir='ltr'>L.</span> <span class='ocrx_word' id='word_1_196' title='bbox 1392 2335 1564 2366; x_wconf 88' lang='lat' dir='ltr'>numero</span> 
     </span>
     <span class='ocr_line' id='line_1_28' title="bbox 169 2395 1565 2456; baseline 0.005 -18"><span class='ocrx_word' id='word_1_197' title='bbox 169 2395 392 2446; x_wconf 60' lang='lat' dir='ltr'>xxxvl„</span> <span class='ocrx_word' id='word_1_198' title='bbox 437 2396 572 2439; x_wconf 85' lang='lat' dir='ltr'>forma</span> <span class='ocrx_word' id='word_1_199' title='bbox 616 2403 787 2452; x_wconf 85' lang='lat' dir='ltr'>quarta,</span> <span class='ocrx_word' id='word_1_200' title='bbox 829 2395 1197 2448; x_wconf 87' lang='lat' dir='ltr'>membranaceus,</span> <span class='ocrx_word' id='word_1_201' title='bbox 1239 2400 1402 2456; x_wconf 91' lang='lat' dir='ltr'>scriptis</span> <span class='ocrx_word' id='word_1_202' title='bbox 1448 2401 1565 2445; x_wconf 84' lang='lat' dir='ltr'>foliis</span> 
     </span>
     <span class='ocr_line' id='line_1_29' title="bbox 171 2473 1565 2535; baseline 0.004 -17"><span class='ocrx_word' id='word_1_203' title='bbox 171 2476 253 2518; x_wconf 80' lang='lat'>165</span> <span class='ocrx_word' id='word_1_204' title='bbox 297 2473 538 2525; x_wconf 87' lang='lat' dir='ltr'>Oratorem,</span> <span class='ocrx_word' id='word_1_205' title='bbox 584 2474 779 2525; x_wconf 89' lang='lat' dir='ltr'>Brutum,</span> <span class='ocrx_word' id='word_1_206' title='bbox 827 2474 1011 2531; x_wconf 89' lang='lat' dir='ltr'>Topica,</span> <span class='ocrx_word' id='word_1_207' title='bbox 1055 2475 1205 2518; x_wconf 90' lang='lat' dir='ltr'>librum</span> <span class='ocrx_word' id='word_1_208' title='bbox 1251 2477 1300 2520; x_wconf 88' lang='lat' dir='ltr'>de</span> <span class='ocrx_word' id='word_1_209' title='bbox 1341 2481 1565 2535; x_wconf 86' lang='lat' dir='ltr'>partitione</span> 
     </span>
     <span class='ocr_line' id='line_1_30' title="bbox 171 2553 1564 2610; baseline 0.004 -13"><span class='ocrx_word' id='word_1_210' title='bbox 171 2555 355 2597; x_wconf 87' lang='lat' dir='ltr'>oratoria</span> <span class='ocrx_word' id='word_1_211' title='bbox 394 2553 607 2596; x_wconf 84' lang='lat' dir='ltr'>exhibens.</span> <span class='ocrx_word' id='word_1_212' title='bbox 668 2553 855 2610; x_wconf 91' lang='lat' dir='ltr'>Scriptus</span> <span class='ocrx_word' id='word_1_213' title='bbox 898 2561 961 2596; x_wconf 90' lang='lat' dir='ltr'>est</span> <span class='ocrx_word' id='word_1_214' title='bbox 991 2554 1132 2597; x_wconf 88' lang='lat' dir='ltr'>seculo</span> <span class='ocrx_word' id='word_1_215' title='bbox 1163 2554 1254 2598; x_wconf 86' lang='lat' dir='ltr'>XV.</span> <span class='ocrx_word' id='word_1_216' title='bbox 1286 2558 1435 2608; x_wconf 86' lang='lat' dir='ltr'>nitide,</span> <span class='ocrx_word' id='word_1_217' title='bbox 1473 2573 1564 2602; x_wconf 90' lang='lat' dir='ltr'>cum</span> 
     </span>
     <span class='ocr_line' id='line_1_31' title="bbox 170 2632 1562 2689; baseline 0.003 -13"><span class='ocrx_word' id='word_1_218' title='bbox 170 2639 382 2676; x_wconf 85' lang='lat' dir='ltr'>stemmate</span> <span class='ocrx_word' id='word_1_219' title='bbox 421 2632 608 2676; x_wconf 84' lang='lat' dir='ltr'>familiae</span> <span class='ocrx_word' id='word_1_220' title='bbox 640 2632 859 2676; x_wconf 88' lang='lat' dir='ltr'>Sassettae</span> <span class='ocrx_word' id='word_1_221' title='bbox 904 2640 942 2675; x_wconf 89' lang='lat' dir='ltr'>et</span> <span class='ocrx_word' id='word_1_222' title='bbox 977 2634 1137 2689; x_wconf 88' lang='lat' dir='ltr'>pictura</span> <span class='ocrx_word' id='word_1_223' title='bbox 1176 2635 1339 2677; x_wconf 88' lang='lat' dir='ltr'>initiali.</span> <span class='ocrx_word' id='word_1_224' title='bbox 1398 2636 1445 2679; x_wconf 87' lang='lat' dir='ltr'>In</span> <span class='ocrx_word' id='word_1_225' title='bbox 1482 2638 1562 2680; x_wconf 92' lang='lat' dir='ltr'>fine</span> 
     </span>
     <span class='ocr_line' id='line_1_32' title="bbox 169 2711 1562 2767; baseline 0.004 -14"><span class='ocrx_word' id='word_1_226' title='bbox 169 2712 360 2767; x_wconf 79' lang='lat' dir='ltr'>leguntur</span> <span class='ocrx_word' id='word_1_227' title='bbox 389 2711 519 2756; x_wconf 87' lang='lat' dir='ltr'>haec:</span> <span class='ocrx_word' id='word_1_228' title='bbox 552 2711 834 2763; x_wconf 89' lang='lat' dir='ltr'>„Franciscus</span> <span class='ocrx_word' id='word_1_229' title='bbox 866 2711 1080 2755; x_wconf 82' lang='lat' dir='ltr'>Sassettus</span> <span class='ocrx_word' id='word_1_230' title='bbox 1112 2711 1300 2757; x_wconf 89' lang='lat' dir='ltr'>Thomae</span> <span class='ocrx_word' id='word_1_231' title='bbox 1330 2715 1439 2757; x_wconf 86' lang='lat' dir='ltr'>filius</span> <span class='ocrx_word' id='word_1_232' title='bbox 1465 2715 1562 2760; x_wconf 88' lang='lat' dir='ltr'>Flo-</span> 
     </span>
     <span class='ocr_line' id='line_1_33' title="bbox 171 2790 1498 2849; baseline 0.003 -17"><span class='ocrx_word' id='word_1_233' title='bbox 171 2792 355 2834; x_wconf 88' lang='lat' dir='ltr'>rentinus</span> <span class='ocrx_word' id='word_1_234' title='bbox 386 2792 490 2834; x_wconf 84' lang='lat' dir='ltr'>civis</span> <span class='ocrx_word' id='word_1_235' title='bbox 520 2792 757 2835; x_wconf 85' lang='lat' dir='ltr'>faciundum</span> <span class='ocrx_word' id='word_1_236' title='bbox 788 2794 959 2835; x_wconf 86' lang='lat' dir='ltr'>curavit.</span> <span class='ocrx_word' id='word_1_237' title='bbox 1018 2790 1121 2835; x_wconf 89' lang='lat' dir='ltr'>Sors</span> <span class='ocrx_word' id='word_1_238' title='bbox 1152 2792 1320 2849; x_wconf 88' lang='lat' dir='ltr'>placida</span> <span class='ocrx_word' id='word_1_239' title='bbox 1349 2794 1498 2837; x_wconf 79' lang='lat' dir='ltr'>111ihi.“</span> 
     </span>
    </p>
   </div>
   <div class='ocr_carea' id='block_1_5' title="bbox 1884 120 1892 229">
    <p class='ocr_par' dir='ltr' id='par_1_9' title="bbox 1884 120 1892 229">
     <span class='ocr_line' id='line_1_34' title="bbox 1884 120 1892 229; textangle 90"><span class='ocrx_word' id='word_1_240' title='bbox 1886 200 1892 229; x_wconf 78' lang='grc'><em>-...</em></span> <span class='ocrx_word' id='word_1_241' title='bbox 1884 120 1892 166; x_wconf 65' lang='grc' dir='ltr'>-ιν</span> 
     </span>
    </p>
   </div>
  </div>
 </body>
</html>
