<?xml version="1.0" encoding="UTF-8"?>
<!DOCTYPE html PUBLIC "-//W3C//DTD XHTML 1.0 Transitional//EN"
    "http://www.w3.org/TR/xhtml1/DTD/xhtml1-transitional.dtd">
<html xmlns="http://www.w3.org/1999/xhtml" xml:lang="en" lang="en">
 <head>
  <title>
</title>
<meta http-equiv="Content-Type" content="text/html;charset=utf-8" />
  <meta name='ocr-system' content='tesseract 3.04.00' />
  <meta name='ocr-capabilities' content='ocr_page ocr_carea ocr_par ocr_line ocrx_word'/>
</head>
<body>
  <div class='ocr_page' id='page_1' title='image "./brutussivedeclar00ciceuoft_0074.png"; bbox 0 0 1835 3126; ppageno 0'>
   <div class='ocr_carea' id='block_1_1' title="bbox 313 157 1485 211">
    <p class='ocr_par' dir='ltr' id='par_1_1' title="bbox 313 157 1485 211">
     <span class='ocr_line' id='line_1_1' title="bbox 313 157 1485 211; baseline -0.008 -2"><span class='ocrx_word' id='word_1_1' title='bbox 313 164 395 209; x_wconf 76' lang='lat'>54</span> <span class='ocrx_word' id='word_1_2' title='bbox 523 158 719 203; x_wconf 86' lang='lat' dir='ltr'>BREVIS</span> <span class='ocrx_word' id='word_1_3' title='bbox 750 157 1144 211; x_wconf 83' lang='lat' dir='ltr'><strong>ELOQUENTIAE</strong></span> <span class='ocrx_word' id='word_1_4' title='bbox 1175 157 1312 202; x_wconf 83' lang='lat' dir='ltr'>ROM.</span> <span class='ocrx_word' id='word_1_5' title='bbox 1342 157 1485 201; x_wconf 91' lang='lat' dir='ltr'>HIST.</span> 
     </span>
    </p>
   </div>
   <div class='ocr_carea' id='block_1_2' title="bbox 312 272 1700 390">
    <p class='ocr_par' dir='ltr' id='par_1_2' title="bbox 312 272 1700 390">
     <span class='ocr_line' id='line_1_2' title="bbox 312 272 1700 325; baseline -0.004 -9"><span class='ocrx_word' id='word_1_6' title='bbox 312 288 376 316; x_wconf 86' lang='lat' dir='ltr'>sos</span> <span class='ocrx_word' id='word_1_7' title='bbox 420 274 627 314; x_wconf 89' lang='lat' dir='ltr'>iustissimo</span> <span class='ocrx_word' id='word_1_8' title='bbox 673 272 829 312; x_wconf 84' lang='lat' dir='ltr'><strong>Metelli</strong></span> <span class='ocrx_word' id='word_1_9' title='bbox 871 274 1065 325; x_wconf 87' lang='lat' dir='ltr'>triumpho</span> <span class='ocrx_word' id='word_1_10' title='bbox 1109 273 1335 314; x_wconf 72' lang='lat' dir='ltr'>adversatus</span> <span class='ocrx_word' id='word_1_11' title='bbox 1373 277 1480 321; x_wconf 88' lang='lat' dir='ltr'>erat;</span> <span class='ocrx_word' id='word_1_12' title='bbox 1525 272 1700 323; x_wconf 76' lang='lat' dir='ltr'>graviter</span> 
     </span>
     <span class='ocr_line' id='line_1_3' title="bbox 313 336 1502 390; baseline -0.003 -9"><span class='ocrx_word' id='word_1_13' title='bbox 313 343 409 381; x_wconf 90' lang='lat' dir='ltr'>enim</span> <span class='ocrx_word' id='word_1_14' title='bbox 440 341 501 379; x_wconf 90' lang='lat' dir='ltr'>hic</span> <span class='ocrx_word' id='word_1_15' title='bbox 532 340 571 378; x_wconf 90' lang='lat' dir='ltr'>in</span> <span class='ocrx_word' id='word_1_16' title='bbox 599 340 898 380; x_wconf 80' lang='lat' dir='ltr'>obtrectatorem</span> <span class='ocrx_word' id='word_1_17' title='bbox 926 339 1056 379; x_wconf 87' lang='lat' dir='ltr'>laudis</span> <span class='ocrx_word' id='word_1_18' title='bbox 1087 352 1181 380; x_wconf 86' lang='lat' dir='ltr'>suae</span> <span class='ocrx_word' id='word_1_19' title='bbox 1210 341 1403 381; x_wconf 85' lang='lat' dir='ltr'>invehitur</span> <span class='ocrx_word' id='word_1_20' title='bbox 1418 336 1502 390; x_wconf 78' lang='lat'>(33).</span> 
     </span>
    </p>
   </div>
   <div class='ocr_carea' id='block_1_3' title="bbox 606 450 1413 562">
    <p class='ocr_par' dir='ltr' id='par_1_3' title="bbox 606 450 1413 562">
     <span class='ocr_line' id='line_1_4' title="bbox 967 452 1072 489; baseline 0 0"><span class='ocrx_word' id='word_1_21' title='bbox 967 482 975 489; x_wconf 93' lang='lat'>.</span> <span class='ocrx_word' id='word_1_22' title='bbox 1008 452 1072 489; x_wconf 69' lang='lat'>24.</span> 
     </span>
     <span class='ocr_line' id='line_1_5' title="bbox 606 450 1413 562; baseline -0.001 -2"><span class='ocrx_word' id='word_1_23' title='bbox 606 526 645 561; x_wconf 78' lang='lat' dir='ltr'>C.</span> <span class='ocrx_word' id='word_1_24' title='bbox 671 525 781 560; x_wconf 74' lang='lat' dir='ltr'>Curio</span> <span class='ocrx_word' id='word_1_25' title='bbox 807 524 852 562; x_wconf 74' lang='lat' dir='ltr'>Q.</span> <span class='ocrx_word' id='word_1_26' title='bbox 880 450 1026 559; x_wconf 48' lang='lat' dir='ltr'>Catilius</span> <span class='ocrx_word' id='word_1_27' title='bbox 1052 526 1091 560; x_wconf 85' lang='lat' dir='ltr'>C.</span> <span class='ocrx_word' id='word_1_28' title='bbox 1116 528 1148 558; x_wconf 66' lang='lat'>&amp;-</span> <span class='ocrx_word' id='word_1_29' title='bbox 1171 524 1213 558; x_wconf 86' lang='lat' dir='ltr'>L.</span> <span class='ocrx_word' id='word_1_30' title='bbox 1239 525 1413 559; x_wconf 83' lang='lat' dir='ltr'>Memmii.</span> 
     </span>
    </p>
   </div>
   <div class='ocr_carea' id='block_1_4' title="bbox 309 606 1706 2459">
    <p class='ocr_par' dir='ltr' id='par_1_4' title="bbox 311 606 1702 992">
     <span class='ocr_line' id='line_1_6' title="bbox 426 606 1700 658; baseline 0.002 -15"><span class='ocrx_word' id='word_1_31' title='bbox 426 609 463 643; x_wconf 85' lang='lat' dir='ltr'>C.</span> <span class='ocrx_word' id='word_1_32' title='bbox 490 607 707 644; x_wconf 69' lang='lat' dir='ltr'><strong><em>Scribonius</em></strong></span> <span class='ocrx_word' id='word_1_33' title='bbox 732 606 851 647; x_wconf 88' lang='lat' dir='ltr'>Curio</span> <span class='ocrx_word' id='word_1_34' title='bbox 881 611 1043 658; x_wconf 85' lang='lat' dir='ltr'>praetor</span> <span class='ocrx_word' id='word_1_35' title='bbox 1073 618 1108 645; x_wconf 88' lang='lat' dir='ltr'>a.</span> <span class='ocrx_word' id='word_1_36' title='bbox 1139 607 1220 644; x_wconf 81' lang='lat'>633</span> <span class='ocrx_word' id='word_1_37' title='bbox 1250 607 1324 645; x_wconf 88' lang='lat' dir='ltr'>huc</span> <span class='ocrx_word' id='word_1_38' title='bbox 1362 619 1386 645; x_wconf 87' lang='lat' dir='ltr'>a</span> <span class='ocrx_word' id='word_1_39' title='bbox 1415 607 1526 646; x_wconf 89' lang='lat' dir='ltr'>nobis</span> <span class='ocrx_word' id='word_1_40' title='bbox 1558 607 1700 646; x_wconf 87' lang='lat' dir='ltr'>dilatus</span> 
     </span>
     <span class='ocr_line' id='line_1_7' title="bbox 311 672 1702 725; baseline -0.001 -12"><span class='ocrx_word' id='word_1_41' title='bbox 311 679 391 722; x_wconf 89' lang='lat' dir='ltr'>est,</span> <span class='ocrx_word' id='word_1_42' title='bbox 422 673 525 725; x_wconf 87' lang='lat' dir='ltr'>quod</span> <span class='ocrx_word' id='word_1_43' title='bbox 556 686 580 712; x_wconf 89' lang='lat' dir='ltr'>a</span> <span class='ocrx_word' id='word_1_44' title='bbox 601 673 832 713; x_wconf 84' lang='lat' dir='ltr'>turbulentis</span> <span class='ocrx_word' id='word_1_45' title='bbox 862 673 942 712; x_wconf 91' lang='lat' dir='ltr'>illis</span> <span class='ocrx_word' id='word_1_46' title='bbox 965 672 1203 724; x_wconf 86' lang='lat' dir='ltr'>temporibus</span> <span class='ocrx_word' id='word_1_47' title='bbox 1230 672 1345 723; x_wconf 85' lang='lat' dir='ltr'>plane</span> <span class='ocrx_word' id='word_1_48' title='bbox 1372 673 1537 711; x_wconf 89' lang='lat' dir='ltr'>intactus</span> <span class='ocrx_word' id='word_1_49' title='bbox 1563 674 1702 712; x_wconf 90' lang='lat' dir='ltr'>mansit</span> 
     </span>
     <span class='ocr_line' id='line_1_8' title="bbox 312 739 1701 790; baseline -0.001 -10"><span class='ocrx_word' id='word_1_50' title='bbox 312 746 349 780; x_wconf 89' lang='lat' dir='ltr'>et</span> <span class='ocrx_word' id='word_1_51' title='bbox 383 752 464 780; x_wconf 88' lang='lat' dir='ltr'>una</span> <span class='ocrx_word' id='word_1_52' title='bbox 501 746 647 779; x_wconf 86' lang='lat' dir='ltr'>tantum</span> <span class='ocrx_word' id='word_1_53' title='bbox 683 742 860 780; x_wconf 85' lang='lat' dir='ltr'>oratione</span> <span class='ocrx_word' id='word_1_54' title='bbox 894 753 963 790; x_wconf 79' lang='lat' dir='ltr'>pro</span> <span class='ocrx_word' id='word_1_55' title='bbox 993 741 1074 778; x_wconf 78' lang='lat' dir='ltr'>Ser.</span> <span class='ocrx_word' id='word_1_56' title='bbox 1107 739 1238 776; x_wconf 71' lang='lat' dir='ltr'>Fulvio</span> <span class='ocrx_word' id='word_1_57' title='bbox 1276 739 1319 776; x_wconf 81' lang='lat' dir='ltr'>de</span> <span class='ocrx_word' id='word_1_58' title='bbox 1353 742 1494 777; x_wconf 74' lang='lat' dir='ltr'>incestu</span> <span class='ocrx_word' id='word_1_59' title='bbox 1532 740 1591 778; x_wconf 93' lang='lat' dir='ltr'>sui</span> <span class='ocrx_word' id='word_1_60' title='bbox 1621 751 1701 778; x_wconf 91' lang='lat' dir='ltr'>me-</span> 
     </span>
     <span class='ocr_line' id='line_1_9' title="bbox 311 807 1701 858; baseline -0.001 -11"><span class='ocrx_word' id='word_1_61' title='bbox 311 809 474 847; x_wconf 87' lang='lat' dir='ltr'>moriam</span> <span class='ocrx_word' id='word_1_62' title='bbox 504 807 687 847; x_wconf 82' lang='lat' dir='ltr'>condidit.</span> <span class='ocrx_word' id='word_1_63' title='bbox 730 808 791 847; x_wconf 90' lang='lat' dir='ltr'>Ea</span> <span class='ocrx_word' id='word_1_64' title='bbox 814 808 1004 848; x_wconf 83' lang='lat' dir='ltr'>Cicerone</span> <span class='ocrx_word' id='word_1_65' title='bbox 1032 817 1156 858; x_wconf 89' lang='lat' dir='ltr'>puero</span> <span class='ocrx_word' id='word_1_66' title='bbox 1186 818 1424 858; x_wconf 80' lang='lat' dir='ltr'>magnopere</span> <span class='ocrx_word' id='word_1_67' title='bbox 1445 807 1701 858; x_wconf 84' lang='lat' dir='ltr'>probabatur,</span> 
     </span>
     <span class='ocr_line' id='line_1_10' title="bbox 311 873 1702 926; baseline -0.001 -13"><span class='ocrx_word' id='word_1_68' title='bbox 311 874 379 914; x_wconf 90' lang='lat' dir='ltr'>sed</span> <span class='ocrx_word' id='word_1_69' title='bbox 408 875 484 926; x_wconf 87' lang='lat' dir='ltr'>ipsi</span> <span class='ocrx_word' id='word_1_70' title='bbox 514 874 643 914; x_wconf 90' lang='lat' dir='ltr'>multis</span> <span class='ocrx_word' id='word_1_71' title='bbox 673 874 772 913; x_wconf 92' lang='lat' dir='ltr'>locis</span> <span class='ocrx_word' id='word_1_72' title='bbox 801 873 964 926; x_wconf 90' lang='lat' dir='ltr'>puerilis</span> <span class='ocrx_word' id='word_1_73' title='bbox 995 879 1030 912; x_wconf 92' lang='lat' dir='ltr'>et</span> <span class='ocrx_word' id='word_1_74' title='bbox 1056 873 1234 912; x_wconf 85' lang='lat' dir='ltr'>inanibus</span> <span class='ocrx_word' id='word_1_75' title='bbox 1260 873 1358 913; x_wconf 88' lang='lat' dir='ltr'>locis</span> <span class='ocrx_word' id='word_1_76' title='bbox 1379 873 1527 913; x_wconf 88' lang='lat' dir='ltr'>referta</span> <span class='ocrx_word' id='word_1_77' title='bbox 1550 873 1702 922; x_wconf 87' lang='lat' dir='ltr'>dicitur,</span> 
     </span>
     <span class='ocr_line' id='line_1_11' title="bbox 311 937 1167 992; baseline -0.002 -11"><span class='ocrx_word' id='word_1_78' title='bbox 311 941 532 981; x_wconf 85' lang='lat' dir='ltr'>tolerabilis</span> <span class='ocrx_word' id='word_1_79' title='bbox 560 947 687 981; x_wconf 86' lang='lat' dir='ltr'>tamen</span> <span class='ocrx_word' id='word_1_80' title='bbox 717 941 796 980; x_wconf 91' lang='lat' dir='ltr'>illis</span> <span class='ocrx_word' id='word_1_81' title='bbox 827 941 1064 992; x_wconf 87' lang='lat' dir='ltr'>temporibus</span> <span class='ocrx_word' id='word_1_82' title='bbox 1082 937 1167 991; x_wconf 73' lang='lat'>(³⁴).</span> 
     </span>
    </p>

    <p class='ocr_par' dir='ltr' id='par_1_5' title="bbox 309 1005 1706 2459">
     <span class='ocr_line' id='line_1_12' title="bbox 423 1005 1702 1060; baseline -0.002 -13"><span class='ocrx_word' id='word_1_83' title='bbox 423 1008 561 1059; x_wconf 82' lang='lat' dir='ltr'>Longe</span> <span class='ocrx_word' id='word_1_84' title='bbox 605 1009 785 1060; x_wconf 83' lang='lat' dir='ltr'>superior</span> <span class='ocrx_word' id='word_1_85' title='bbox 827 1008 916 1047; x_wconf 82' lang='lat' dir='ltr'>huic</span> <span class='ocrx_word' id='word_1_86' title='bbox 958 1008 1002 1051; x_wconf 88' lang='lat' dir='ltr'>Q.</span> <span class='ocrx_word' id='word_1_87' title='bbox 1042 1009 1222 1044; x_wconf 76' lang='lat' dir='ltr'>Lutatius</span> <span class='ocrx_word' id='word_1_88' title='bbox 1266 1006 1310 1050; x_wconf 86' lang='lat' dir='ltr'>Q.</span> <span class='ocrx_word' id='word_1_89' title='bbox 1353 1009 1394 1042; x_wconf 83' lang='lat' dir='ltr'>F.</span> <span class='ocrx_word' id='word_1_90' title='bbox 1434 1005 1600 1043; x_wconf 68' lang='lat' dir='ltr'>Catulus.</span> <span class='ocrx_word' id='word_1_91' title='bbox 1664 1005 1702 1046; x_wconf 87' lang='lat' dir='ltr'>IS</span> 
     </span>
     <span class='ocr_line' id='line_1_13' title="bbox 310 1072 1703 1124; baseline -0.001 -11"><span class='ocrx_word' id='word_1_92' title='bbox 310 1075 602 1113; x_wconf 84' lang='lat' dir='ltr'>intermortuam</span> <span class='ocrx_word' id='word_1_93' title='bbox 626 1075 753 1124; x_wconf 88' lang='lat' dir='ltr'>gentis</span> <span class='ocrx_word' id='word_1_94' title='bbox 777 1086 871 1114; x_wconf 91' lang='lat' dir='ltr'>suae</span> <span class='ocrx_word' id='word_1_95' title='bbox 895 1073 1137 1112; x_wconf 82' lang='lat' dir='ltr'>nobilitatem</span> <span class='ocrx_word' id='word_1_96' title='bbox 1158 1073 1404 1111; x_wconf 63' lang='lat' dir='ltr'>instauravit.</span> <span class='ocrx_word' id='word_1_97' title='bbox 1445 1072 1540 1112; x_wconf 87' lang='lat' dir='ltr'>Post</span> <span class='ocrx_word' id='word_1_98' title='bbox 1564 1072 1605 1112; x_wconf 87' lang='lat' dir='ltr'>G.</span> <span class='ocrx_word' id='word_1_99' title='bbox 1622 1073 1703 1112; x_wconf 90' lang='lat' dir='ltr'>Lu-</span> 
     </span>
     <span class='ocr_line' id='line_1_14' title="bbox 310 1138 1703 1193; baseline -0.001 -12"><span class='ocrx_word' id='word_1_100' title='bbox 310 1142 446 1182; x_wconf 85' lang='lat' dir='ltr'>tatium</span> <span class='ocrx_word' id='word_1_101' title='bbox 478 1142 593 1189; x_wconf 90' lang='lat' dir='ltr'>enim,</span> <span class='ocrx_word' id='word_1_102' title='bbox 627 1142 692 1193; x_wconf 90' lang='lat' dir='ltr'>qui</span> <span class='ocrx_word' id='word_1_103' title='bbox 714 1141 809 1181; x_wconf 72' lang='lat' dir='ltr'>vitio</span> <span class='ocrx_word' id='word_1_104' title='bbox 835 1145 988 1180; x_wconf 86' lang='lat' dir='ltr'>creatus</span> <span class='ocrx_word' id='word_1_105' title='bbox 1016 1153 1051 1180; x_wconf 87' lang='lat' dir='ltr'>a.</span> <span class='ocrx_word' id='word_1_106' title='bbox 1077 1140 1160 1180; x_wconf 74' lang='lat'>534</span> <span class='ocrx_word' id='word_1_107' title='bbox 1191 1139 1422 1190; x_wconf 86' lang='lat' dir='ltr'>magistratu</span> <span class='ocrx_word' id='word_1_108' title='bbox 1451 1150 1493 1178; x_wconf 92' lang='lat' dir='ltr'>se</span> <span class='ocrx_word' id='word_1_109' title='bbox 1518 1138 1703 1179; x_wconf 88' lang='lat' dir='ltr'>abdicare</span> 
     </span>
     <span class='ocr_line' id='line_1_15' title="bbox 312 1206 1704 1259; baseline -0.002 -12"><span class='ocrx_word' id='word_1_110' title='bbox 312 1213 469 1247; x_wconf 84' lang='lat' dir='ltr'>coactus</span> <span class='ocrx_word' id='word_1_111' title='bbox 507 1214 584 1255; x_wconf 89' lang='lat' dir='ltr'>est,</span> <span class='ocrx_word' id='word_1_112' title='bbox 623 1219 732 1247; x_wconf 88' lang='lat' dir='ltr'>nemo</span> <span class='ocrx_word' id='word_1_113' title='bbox 773 1219 820 1247; x_wconf 87' lang='lat' dir='ltr'>ex</span> <span class='ocrx_word' id='word_1_114' title='bbox 858 1220 905 1247; x_wconf 88' lang='lat' dir='ltr'>ea</span> <span class='ocrx_word' id='word_1_115' title='bbox 943 1213 1057 1259; x_wconf 88' lang='lat' dir='ltr'>gente</span> <span class='ocrx_word' id='word_1_116' title='bbox 1096 1207 1145 1246; x_wconf 87' lang='lat' dir='ltr'>ad</span> <span class='ocrx_word' id='word_1_117' title='bbox 1185 1218 1367 1246; x_wconf 90' lang='lat' dir='ltr'>summum</span> <span class='ocrx_word' id='word_1_118' title='bbox 1396 1206 1583 1245; x_wconf 87' lang='lat' dir='ltr'>honorem</span> <span class='ocrx_word' id='word_1_119' title='bbox 1613 1217 1704 1258; x_wconf 86' lang='lat' dir='ltr'>per-</span> 
     </span>
     <span class='ocr_line' id='line_1_16' title="bbox 309 1273 1705 1327; baseline -0.001 -13"><span class='ocrx_word' id='word_1_120' title='bbox 309 1275 425 1314; x_wconf 78' lang='lat' dir='ltr'>venit.</span> <span class='ocrx_word' id='word_1_121' title='bbox 482 1275 525 1314; x_wconf 89' lang='lat' dir='ltr'>In</span> <span class='ocrx_word' id='word_1_122' title='bbox 557 1275 602 1324; x_wconf 88' lang='lat' dir='ltr'>Q.</span> <span class='ocrx_word' id='word_1_123' title='bbox 635 1274 773 1314; x_wconf 85' lang='lat' dir='ltr'>Catulo</span> <span class='ocrx_word' id='word_1_124' title='bbox 805 1275 890 1326; x_wconf 91' lang='lat' dir='ltr'>ipso</span> <span class='ocrx_word' id='word_1_125' title='bbox 918 1280 1081 1327; x_wconf 86' lang='lat' dir='ltr'>propter</span> <span class='ocrx_word' id='word_1_126' title='bbox 1110 1275 1299 1324; x_wconf 82' lang='lat' dir='ltr'>insignem</span> <span class='ocrx_word' id='word_1_127' title='bbox 1324 1273 1397 1312; x_wconf 80' lang='lat' dir='ltr'>viri</span> <span class='ocrx_word' id='word_1_128' title='bbox 1426 1274 1705 1324; x_wconf 84' lang='lat' dir='ltr'>praestantiam</span> 
     </span>
     <span class='ocr_line' id='line_1_17' title="bbox 309 1339 1704 1393; baseline -0.001 -14"><span class='ocrx_word' id='word_1_129' title='bbox 309 1342 544 1393; x_wconf 85' lang='lat' dir='ltr'>paucitatem</span> <span class='ocrx_word' id='word_1_130' title='bbox 575 1341 899 1388; x_wconf 89' lang='lat' dir='ltr'>testimoniorum,</span> <span class='ocrx_word' id='word_1_131' title='bbox 945 1342 978 1380; x_wconf 91' lang='lat' dir='ltr'>si</span> <span class='ocrx_word' id='word_1_132' title='bbox 1007 1341 1187 1380; x_wconf 88' lang='lat' dir='ltr'>bellicam</span> <span class='ocrx_word' id='word_1_133' title='bbox 1219 1341 1300 1379; x_wconf 87' lang='lat' dir='ltr'>eius</span> <span class='ocrx_word' id='word_1_134' title='bbox 1331 1339 1485 1379; x_wconf 87' lang='lat' dir='ltr'>laudem</span> <span class='ocrx_word' id='word_1_135' title='bbox 1516 1341 1704 1389; x_wconf 87' lang='lat' dir='ltr'>omiseris,</span> 
     </span>
     <span class='ocr_line' id='line_1_18' title="bbox 312 1405 1702 1458; baseline 0.001 -13"><span class='ocrx_word' id='word_1_136' title='bbox 312 1406 500 1445; x_wconf 87' lang='lat' dir='ltr'>dolemus.</span> <span class='ocrx_word' id='word_1_137' title='bbox 559 1408 658 1447; x_wconf 91' lang='lat' dir='ltr'>Nam</span> <span class='ocrx_word' id='word_1_138' title='bbox 699 1419 747 1445; x_wconf 88' lang='lat' dir='ltr'>ne</span> <span class='ocrx_word' id='word_1_139' title='bbox 789 1407 835 1445; x_wconf 88' lang='lat' dir='ltr'>de</span> <span class='ocrx_word' id='word_1_140' title='bbox 865 1405 1079 1447; x_wconf 89' lang='lat' dir='ltr'>honoribus</span> <span class='ocrx_word' id='word_1_141' title='bbox 1115 1407 1267 1458; x_wconf 88' lang='lat' dir='ltr'>quidem</span> <span class='ocrx_word' id='word_1_142' title='bbox 1298 1407 1346 1445; x_wconf 85' lang='lat' dir='ltr'>ab</span> <span class='ocrx_word' id='word_1_143' title='bbox 1379 1417 1424 1445; x_wconf 93' lang='lat' dir='ltr'>eo</span> <span class='ocrx_word' id='word_1_144' title='bbox 1458 1407 1578 1456; x_wconf 86' lang='lat' dir='ltr'>gestis</span> <span class='ocrx_word' id='word_1_145' title='bbox 1609 1419 1702 1446; x_wconf 86' lang='lat' dir='ltr'>con-</span> 
     </span>
     <span class='ocr_line' id='line_1_19' title="bbox 313 1471 1705 1525; baseline 0.001 -13"><span class='ocrx_word' id='word_1_146' title='bbox 313 1478 409 1521; x_wconf 86' lang='lat' dir='ltr'>stat,</span> <span class='ocrx_word' id='word_1_147' title='bbox 442 1478 478 1512; x_wconf 92' lang='lat' dir='ltr'>et</span> <span class='ocrx_word' id='word_1_148' title='bbox 507 1473 652 1512; x_wconf 81' lang='lat' dir='ltr'>factum</span> <span class='ocrx_word' id='word_1_149' title='bbox 685 1479 847 1525; x_wconf 86' lang='lat' dir='ltr'>propter</span> <span class='ocrx_word' id='word_1_150' title='bbox 878 1485 1066 1513; x_wconf 90' lang='lat' dir='ltr'>annorum</span> <span class='ocrx_word' id='word_1_151' title='bbox 1094 1474 1301 1520; x_wconf 87' lang='lat' dir='ltr'>rationem,</span> <span class='ocrx_word' id='word_1_152' title='bbox 1333 1471 1435 1523; x_wconf 90' lang='lat' dir='ltr'>quod</span> <span class='ocrx_word' id='word_1_153' title='bbox 1459 1479 1705 1524; x_wconf 87' lang='lat' dir='ltr'>quaestorem</span> 
     </span>
     <span class='ocr_line' id='line_1_20' title="bbox 312 1539 1704 1591; baseline 0.001 -12"><span class='ocrx_word' id='word_1_154' title='bbox 312 1552 348 1579; x_wconf 86' lang='lat' dir='ltr'>a.</span> <span class='ocrx_word' id='word_1_155' title='bbox 373 1541 475 1587; x_wconf 83' lang='lat'><strong>632,</strong></span> <span class='ocrx_word' id='word_1_156' title='bbox 506 1541 700 1579; x_wconf 86' lang='lat' dir='ltr'>tribunum</span> <span class='ocrx_word' id='word_1_157' title='bbox 732 1552 766 1579; x_wconf 87' lang='lat' dir='ltr'>a.</span> <span class='ocrx_word' id='word_1_158' title='bbox 796 1541 897 1587; x_wconf 88' lang='grc'>637,</span> <span class='ocrx_word' id='word_1_159' title='bbox 924 1539 1089 1579; x_wconf 87' lang='lat' dir='ltr'>aedilem</span> <span class='ocrx_word' id='word_1_160' title='bbox 1120 1553 1155 1580; x_wconf 86' lang='lat' dir='ltr'>a.</span> <span class='ocrx_word' id='word_1_161' title='bbox 1180 1541 1282 1587; x_wconf 74' lang='lat'>641,</span> <span class='ocrx_word' id='word_1_162' title='bbox 1308 1545 1530 1591; x_wconf 89' lang='lat' dir='ltr'>praetorem</span> <span class='ocrx_word' id='word_1_163' title='bbox 1560 1553 1595 1580; x_wconf 92' lang='lat' dir='ltr'>a.</span> <span class='ocrx_word' id='word_1_164' title='bbox 1621 1542 1704 1581; x_wconf 73' lang='lat'>645</span> 
     </span>
     <span class='ocr_line' id='line_1_21' title="bbox 311 1606 1704 1658; baseline 0.001 -13"><span class='ocrx_word' id='word_1_165' title='bbox 311 1606 406 1646; x_wconf 87' lang='lat' dir='ltr'>facit</span> <span class='ocrx_word' id='word_1_166' title='bbox 447 1607 621 1657; x_wconf 83' lang='lat' dir='ltr'>Pighius.</span> <span class='ocrx_word' id='word_1_167' title='bbox 690 1607 943 1647; x_wconf 85' lang='lat' dir='ltr'>Consulatum</span> <span class='ocrx_word' id='word_1_168' title='bbox 988 1606 1086 1645; x_wconf 88' lang='lat' dir='ltr'>enim</span> <span class='ocrx_word' id='word_1_169' title='bbox 1131 1617 1214 1645; x_wconf 87' lang='lat' dir='ltr'>cum</span> <span class='ocrx_word' id='word_1_170' title='bbox 1249 1607 1408 1658; x_wconf 87' lang='lat' dir='ltr'>petisset</span> <span class='ocrx_word' id='word_1_171' title='bbox 1447 1619 1482 1645; x_wconf 87' lang='lat' dir='ltr'>a.</span> <span class='ocrx_word' id='word_1_172' title='bbox 1520 1609 1601 1647; x_wconf 76' lang='lat'>647</span> <span class='ocrx_word' id='word_1_173' title='bbox 1643 1608 1704 1646; x_wconf 87' lang='lat' dir='ltr'>his</span> 
     </span>
     <span class='ocr_line' id='line_1_22' title="bbox 311 1671 1704 1725; baseline 0.001 -13"><span class='ocrx_word' id='word_1_174' title='bbox 311 1673 510 1725; x_wconf 85' lang='lat' dir='ltr'>repulsam</span> <span class='ocrx_word' id='word_1_175' title='bbox 547 1671 635 1712; x_wconf 85' lang='lat' dir='ltr'>tulit</span> <span class='ocrx_word' id='word_1_176' title='bbox 673 1685 743 1712; x_wconf 88' lang='lat' dir='ltr'>nec</span> <span class='ocrx_word' id='word_1_177' title='bbox 781 1673 894 1712; x_wconf 90' lang='lat' dir='ltr'>modo</span> <span class='ocrx_word' id='word_1_178' title='bbox 935 1673 976 1712; x_wconf 89' lang='lat' dir='ltr'>C.</span> <span class='ocrx_word' id='word_1_179' title='bbox 1006 1673 1128 1712; x_wconf 88' lang='lat' dir='ltr'>Atilio</span> <span class='ocrx_word' id='word_1_180' title='bbox 1160 1674 1333 1714; x_wconf 88' lang='lat' dir='ltr'>Serrano</span> <span class='ocrx_word' id='word_1_181' title='bbox 1369 1674 1505 1725; x_wconf 88' lang='lat' dir='ltr'>ignoto</span> <span class='ocrx_word' id='word_1_182' title='bbox 1546 1675 1704 1722; x_wconf 85' lang='lat' dir='ltr'>homini,</span> 
     </span>
     <span class='ocr_line' id='line_1_23' title="bbox 313 1740 1706 1791; baseline 0.002 -13"><span class='ocrx_word' id='word_1_183' title='bbox 313 1740 382 1779; x_wconf 87' lang='lat' dir='ltr'>sed</span> <span class='ocrx_word' id='word_1_184' title='bbox 417 1741 531 1779; x_wconf 89' lang='lat' dir='ltr'>etiam</span> <span class='ocrx_word' id='word_1_185' title='bbox 564 1741 633 1780; x_wconf 88' lang='lat' dir='ltr'>Cn.</span> <span class='ocrx_word' id='word_1_186' title='bbox 662 1740 807 1779; x_wconf 79' lang='lat' dir='ltr'>Mallio</span> <span class='ocrx_word' id='word_1_187' title='bbox 838 1740 1014 1779; x_wconf 86' lang='lat' dir='ltr'>Maximo</span> <span class='ocrx_word' id='word_1_188' title='bbox 1055 1740 1297 1791; x_wconf 88' lang='lat' dir='ltr'>posthabitus</span> <span class='ocrx_word' id='word_1_189' title='bbox 1340 1746 1412 1788; x_wconf 90' lang='lat' dir='ltr'>est,</span> <span class='ocrx_word' id='word_1_190' title='bbox 1449 1741 1593 1781; x_wconf 91' lang='lat' dir='ltr'>homini</span> <span class='ocrx_word' id='word_1_191' title='bbox 1623 1742 1706 1781; x_wconf 86' lang='lat' dir='ltr'>sine</span> 
     </span>
     <span class='ocr_line' id='line_1_24' title="bbox 313 1806 1706 1860; baseline 0.003 -16"><span class='ocrx_word' id='word_1_192' title='bbox 313 1807 489 1856; x_wconf 88' lang='lat' dir='ltr'>ingenio,</span> <span class='ocrx_word' id='word_1_193' title='bbox 539 1807 621 1845; x_wconf 89' lang='lat' dir='ltr'>siue</span> <span class='ocrx_word' id='word_1_194' title='bbox 659 1807 819 1854; x_wconf 67' lang='lat' dir='ltr'>virtute,</span> <span class='ocrx_word' id='word_1_195' title='bbox 866 1806 1029 1858; x_wconf 89' lang='lat' dir='ltr'>denique</span> <span class='ocrx_word' id='word_1_196' title='bbox 1067 1818 1115 1845; x_wconf 88' lang='lat' dir='ltr'>ne</span> <span class='ocrx_word' id='word_1_197' title='bbox 1152 1807 1283 1856; x_wconf 87' lang='lat' dir='ltr'>gratia</span> <span class='ocrx_word' id='word_1_198' title='bbox 1322 1806 1476 1857; x_wconf 87' lang='lat' dir='ltr'>quidem</span> <span class='ocrx_word' id='word_1_199' title='bbox 1521 1809 1706 1860; x_wconf 85' lang='lat' dir='ltr'>populari</span> 
     </span>
     <span class='ocr_line' id='line_1_25' title="bbox 313 1870 1704 1923; baseline 0.001 -11"><span class='ocrx_word' id='word_1_200' title='bbox 313 1873 473 1912; x_wconf 85' lang='lat' dir='ltr'>florente</span> <span class='ocrx_word' id='word_1_201' title='bbox 499 1870 579 1923; x_wconf 71' lang='lat'>(35).</span> <span class='ocrx_word' id='word_1_202' title='bbox 642 1873 787 1913; x_wconf 90' lang='lat' dir='ltr'>Consul</span> <span class='ocrx_word' id='word_1_203' title='bbox 816 1874 936 1923; x_wconf 89' lang='lat' dir='ltr'>igitur</span> <span class='ocrx_word' id='word_1_204' title='bbox 966 1885 1048 1912; x_wconf 88' lang='lat' dir='ltr'>cum</span> <span class='ocrx_word' id='word_1_205' title='bbox 1082 1873 1124 1913; x_wconf 90' lang='lat' dir='ltr'>C.</span> <span class='ocrx_word' id='word_1_206' title='bbox 1155 1873 1287 1913; x_wconf 86' lang='lat' dir='ltr'>Mario</span> <span class='ocrx_word' id='word_1_207' title='bbox 1321 1879 1473 1912; x_wconf 89' lang='lat' dir='ltr'>creatus</span> <span class='ocrx_word' id='word_1_208' title='bbox 1504 1886 1604 1914; x_wconf 85' lang='lat' dir='ltr'>anno</span> <span class='ocrx_word' id='word_1_209' title='bbox 1637 1876 1704 1914; x_wconf 89' lang='lat' dir='ltr'>de-</span> 
     </span>
     <span class='ocr_line' id='line_1_26' title="bbox 314 1938 1704 1992; baseline 0.002 -14"><span class='ocrx_word' id='word_1_210' title='bbox 314 1952 413 1978; x_wconf 91' lang='lat' dir='ltr'>mum</span> <span class='ocrx_word' id='word_1_211' title='bbox 444 1941 546 1988; x_wconf 81' lang='lat'><strong>652,</strong></span> <span class='ocrx_word' id='word_1_212' title='bbox 588 1951 674 1980; x_wconf 88' lang='lat' dir='ltr'>cum</span> <span class='ocrx_word' id='word_1_213' title='bbox 709 1941 747 1979; x_wconf 91' lang='lat' dir='ltr'>in</span> <span class='ocrx_word' id='word_1_214' title='bbox 779 1941 863 1992; x_wconf 88' lang='lat' dir='ltr'>ipso</span> <span class='ocrx_word' id='word_1_215' title='bbox 895 1941 1043 1979; x_wconf 88' lang='lat' dir='ltr'>honore</span> <span class='ocrx_word' id='word_1_216' title='bbox 1079 1940 1138 1979; x_wconf 89' lang='lat' dir='ltr'>rei</span> <span class='ocrx_word' id='word_1_217' title='bbox 1173 1938 1369 1989; x_wconf 80' lang='lat' dir='ltr'>gerendae</span> <span class='ocrx_word' id='word_1_218' title='bbox 1400 1942 1606 1981; x_wconf 90' lang='lat' dir='ltr'>occasione</span> <span class='ocrx_word' id='word_1_219' title='bbox 1638 1954 1704 1981; x_wconf 86' lang='lat' dir='ltr'>ea-</span> 
     </span>
     <span class='ocr_line' id='line_1_27' title="bbox 314 2007 1704 2059; baseline 0.003 -15"><span class='ocrx_word' id='word_1_220' title='bbox 314 2007 476 2055; x_wconf 81' lang='lat' dir='ltr'>ruisset,</span> <span class='ocrx_word' id='word_1_221' title='bbox 517 2008 681 2059; x_wconf 87' lang='lat' dir='ltr'>imperio</span> <span class='ocrx_word' id='word_1_222' title='bbox 715 2012 931 2059; x_wconf 86' lang='lat' dir='ltr'>prorogato</span> <span class='ocrx_word' id='word_1_223' title='bbox 970 2007 1010 2045; x_wconf 91' lang='lat' dir='ltr'>in</span> <span class='ocrx_word' id='word_1_224' title='bbox 1048 2008 1272 2046; x_wconf 87' lang='lat' dir='ltr'>societatem</span> <span class='ocrx_word' id='word_1_225' title='bbox 1311 2007 1469 2046; x_wconf 88' lang='lat' dir='ltr'>laudum</span> <span class='ocrx_word' id='word_1_226' title='bbox 1507 2008 1549 2048; x_wconf 89' lang='lat' dir='ltr'>C.</span> <span class='ocrx_word' id='word_1_227' title='bbox 1581 2009 1704 2048; x_wconf 85' lang='lat' dir='ltr'>Marii</span> 
     </span>
     <span class='ocr_line' id='line_1_28' title="bbox 313 2073 1706 2125; baseline 0.003 -14"><span class='ocrx_word' id='word_1_228' title='bbox 313 2074 428 2112; x_wconf 83' lang='lat' dir='ltr'>venit.</span> <span class='ocrx_word' id='word_1_229' title='bbox 475 2073 553 2113; x_wconf 89' lang='lat' dir='ltr'>Sed</span> <span class='ocrx_word' id='word_1_230' title='bbox 579 2085 703 2125; x_wconf 89' lang='lat' dir='ltr'>neque</span> <span class='ocrx_word' id='word_1_231' title='bbox 728 2075 824 2113; x_wconf 88' lang='lat' dir='ltr'>haec</span> <span class='ocrx_word' id='word_1_232' title='bbox 850 2085 974 2125; x_wconf 88' lang='lat' dir='ltr'>neque</span> <span class='ocrx_word' id='word_1_233' title='bbox 998 2079 1176 2121; x_wconf 89' lang='lat' dir='ltr'>mortem,</span> <span class='ocrx_word' id='word_1_234' title='bbox 1209 2074 1270 2112; x_wconf 88' lang='lat' dir='ltr'>cui</span> <span class='ocrx_word' id='word_1_235' title='bbox 1292 2086 1364 2112; x_wconf 89' lang='lat' dir='ltr'>sua</span> <span class='ocrx_word' id='word_1_236' title='bbox 1386 2073 1471 2113; x_wconf 82' lang='lat' dir='ltr'>vice</span> <span class='ocrx_word' id='word_1_237' title='bbox 1497 2075 1706 2116; x_wconf 82' lang='lat' dir='ltr'>crudeliter</span> 
     </span>
     <span class='ocr_line' id='line_1_29' title="bbox 311 2136 1703 2191; baseline 0.002 -14"><span class='ocrx_word' id='word_1_238' title='bbox 311 2144 541 2191; x_wconf 87' lang='lat' dir='ltr'>parentasse</span> <span class='ocrx_word' id='word_1_239' title='bbox 572 2140 686 2179; x_wconf 87' lang='lat' dir='ltr'>Sulla</span> <span class='ocrx_word' id='word_1_240' title='bbox 718 2140 858 2179; x_wconf 83' lang='lat' dir='ltr'>dicitur</span> <span class='ocrx_word' id='word_1_241' title='bbox 888 2141 991 2191; x_wconf 86' lang='lat' dir='ltr'>apud</span> <span class='ocrx_word' id='word_1_242' title='bbox 1019 2140 1206 2180; x_wconf 83' lang='lat' dir='ltr'>Senecam</span> <span class='ocrx_word' id='word_1_243' title='bbox 1224 2136 1315 2190; x_wconf 70' lang='lat'><strong>(3⁶),</strong></span> <span class='ocrx_word' id='word_1_244' title='bbox 1348 2152 1419 2179; x_wconf 89' lang='lat' dir='ltr'>nec</span> <span class='ocrx_word' id='word_1_245' title='bbox 1448 2147 1703 2190; x_wconf 87' lang='lat' dir='ltr'>monumenta,</span> 
     </span>
     <span class='ocr_line' id='line_1_30' title="bbox 312 2206 1704 2258; baseline 0.003 -14"><span class='ocrx_word' id='word_1_246' title='bbox 312 2217 476 2256; x_wconf 88' lang='lat' dir='ltr'>quorum</span> <span class='ocrx_word' id='word_1_247' title='bbox 512 2207 886 2257; x_wconf 85' lang='lat' dir='ltr'>praestantissimum</span> <span class='ocrx_word' id='word_1_248' title='bbox 916 2207 1088 2258; x_wconf 86' lang='lat' dir='ltr'>porticus</span> <span class='ocrx_word' id='word_1_249' title='bbox 1119 2212 1176 2245; x_wconf 90' lang='lat' dir='ltr'>est</span> <span class='ocrx_word' id='word_1_250' title='bbox 1206 2217 1324 2258; x_wconf 88' lang='lat' dir='ltr'>saepe</span> <span class='ocrx_word' id='word_1_251' title='bbox 1355 2206 1534 2246; x_wconf 89' lang='lat' dir='ltr'>Ciceroni</span> <span class='ocrx_word' id='word_1_252' title='bbox 1561 2220 1704 2248; x_wconf 89' lang='lat' dir='ltr'>memo-</span> 
     </span>
     <span class='ocr_line' id='line_1_31' title="bbox 312 2272 1704 2326; baseline 0.004 -16"><span class='ocrx_word' id='word_1_253' title='bbox 312 2277 421 2319; x_wconf 85' lang='lat' dir='ltr'>rata,</span> <span class='ocrx_word' id='word_1_254' title='bbox 471 2273 681 2312; x_wconf 87' lang='lat' dir='ltr'>notissimis</span> <span class='ocrx_word' id='word_1_255' title='bbox 733 2275 964 2326; x_wconf 87' lang='lat' dir='ltr'>scriptorum</span> <span class='ocrx_word' id='word_1_256' title='bbox 1003 2273 1230 2312; x_wconf 87' lang='lat' dir='ltr'>testimoniis</span> <span class='ocrx_word' id='word_1_257' title='bbox 1270 2272 1559 2312; x_wconf 85' lang='lat' dir='ltr'>cumulabimus.</span> <span class='ocrx_word' id='word_1_258' title='bbox 1625 2275 1704 2315; x_wconf 87' lang='lat' dir='ltr'>Sed</span> 
     </span>
     <span class='ocr_line' id='line_1_32' title="bbox 313 2338 1705 2392; baseline 0.003 -15"><span class='ocrx_word' id='word_1_259' title='bbox 313 2338 398 2377; x_wconf 89' lang='lat' dir='ltr'>iure</span> <span class='ocrx_word' id='word_1_260' title='bbox 437 2338 575 2378; x_wconf 80' lang='lat' dir='ltr'>Cicero</span> <span class='ocrx_word' id='word_1_261' title='bbox 619 2340 795 2392; x_wconf 88' lang='lat' dir='ltr'>plurimis</span> <span class='ocrx_word' id='word_1_262' title='bbox 842 2340 940 2379; x_wconf 91' lang='lat' dir='ltr'>Iocis</span> <span class='ocrx_word' id='word_1_263' title='bbox 980 2340 1290 2390; x_wconf 87' lang='lat' dir='ltr'>exquisitissimis</span> <span class='ocrx_word' id='word_1_264' title='bbox 1329 2340 1510 2379; x_wconf 86' lang='lat' dir='ltr'>laudibus</span> <span class='ocrx_word' id='word_1_265' title='bbox 1551 2341 1705 2381; x_wconf 85' lang='lat' dir='ltr'>extollit</span> 
     </span>
     <span class='ocr_line' id='line_1_33' title="bbox 314 2403 1702 2459; baseline 0.003 -17"><span class='ocrx_word' id='word_1_266' title='bbox 314 2403 445 2442; x_wconf 87' lang='lat' dir='ltr'>Catuli</span> <span class='ocrx_word' id='word_1_267' title='bbox 481 2405 732 2446; x_wconf 87' lang='lat' dir='ltr'>eruditionem</span> <span class='ocrx_word' id='word_1_268' title='bbox 772 2412 808 2446; x_wconf 89' lang='lat' dir='ltr'>et</span> <span class='ocrx_word' id='word_1_269' title='bbox 842 2407 1126 2446; x_wconf 79' lang='lat' dir='ltr'>immanitatem.</span> <span class='ocrx_word' id='word_1_270' title='bbox 1187 2405 1271 2445; x_wconf 92' lang='lat' dir='ltr'>Non</span> <span class='ocrx_word' id='word_1_271' title='bbox 1311 2411 1368 2445; x_wconf 91' lang='lat' dir='ltr'>est</span> <span class='ocrx_word' id='word_1_272' title='bbox 1407 2406 1557 2458; x_wconf 85' lang='lat' dir='ltr'>quidem</span> <span class='ocrx_word' id='word_1_273' title='bbox 1594 2408 1702 2459; x_wconf 89' lang='lat' dir='ltr'>prin-</span> 
     </span>
    </p>
   </div>
   <div class='ocr_carea' id='block_1_5' title="bbox 406 2568 1700 2610">
    <p class='ocr_par' dir='ltr' id='par_1_6' title="bbox 406 2568 1700 2610">
     <span class='ocr_line' id='line_1_34' title="bbox 406 2568 1700 2610; baseline 0.004 -9"><span class='ocrx_word' id='word_1_274' title='bbox 406 2568 464 2610; x_wconf 84' lang='lat'>33)</span> <span class='ocrx_word' id='word_1_275' title='bbox 491 2568 582 2602; x_wconf 76' lang='lat' dir='ltr'>Gen.</span> <span class='ocrx_word' id='word_1_276' title='bbox 609 2569 685 2604; x_wconf 82' lang='grc' dir='ltr'>ΧΠ.</span> <span class='ocrx_word' id='word_1_277' title='bbox 713 2571 744 2606; x_wconf 82' lang='grc'>9.</span> <span class='ocrx_word' id='word_1_278' title='bbox 793 2571 901 2605; x_wconf 79' lang='lat' dir='ltr'>Tales</span> <span class='ocrx_word' id='word_1_279' title='bbox 933 2570 1024 2604; x_wconf 85' lang='lat' dir='ltr'>enim</span> <span class='ocrx_word' id='word_1_280' title='bbox 1059 2570 1243 2604; x_wconf 78' lang='lat' dir='ltr'>orationes</span> <span class='ocrx_word' id='word_1_281' title='bbox 1274 2570 1400 2604; x_wconf 82' lang='lat' dir='ltr'>haberi</span> <span class='ocrx_word' id='word_1_282' title='bbox 1438 2571 1606 2606; x_wconf 83' lang='lat' dir='ltr'>solebant</span> <span class='ocrx_word' id='word_1_283' title='bbox 1639 2571 1700 2606; x_wconf 87' lang='lat' dir='ltr'>de-</span> 
     </span>
    </p>
   </div>
   <div class='ocr_carea' id='block_1_6' title="bbox 314 2624 1698 2728">
    <p class='ocr_par' dir='ltr' id='par_1_7' title="bbox 314 2624 1698 2728">
     <span class='ocr_line' id='line_1_35' title="bbox 314 2624 1698 2670; baseline 0.004 -13"><span class='ocrx_word' id='word_1_284' title='bbox 314 2624 506 2668; x_wconf 78' lang='lat' dir='ltr'>pellendae</span> <span class='ocrx_word' id='word_1_285' title='bbox 527 2625 684 2659; x_wconf 78' lang='lat' dir='ltr'>invidiae</span> <span class='ocrx_word' id='word_1_286' title='bbox 701 2638 830 2670; x_wconf 78' lang='lat' dir='ltr'>causa,</span> <span class='ocrx_word' id='word_1_287' title='bbox 850 2633 888 2662; x_wconf 88' lang='lat' dir='ltr'>ut</span> <span class='ocrx_word' id='word_1_288' title='bbox 908 2627 952 2661; x_wconf 87' lang='lat' dir='ltr'>de</span> <span class='ocrx_word' id='word_1_289' title='bbox 968 2627 1106 2661; x_wconf 80' lang='lat' dir='ltr'>Catone</span> <span class='ocrx_word' id='word_1_290' title='bbox 1121 2631 1156 2660; x_wconf 85' lang='lat' dir='ltr'>et</span> <span class='ocrx_word' id='word_1_291' title='bbox 1171 2626 1288 2660; x_wconf 81' lang='lat' dir='ltr'>Paulo</span> <span class='ocrx_word' id='word_1_292' title='bbox 1307 2627 1448 2661; x_wconf 81' lang='lat' dir='ltr'>scimus.</span> <span class='ocrx_word' id='word_1_293' title='bbox 1548 2628 1608 2670; x_wconf 72' lang='lat'>34)</span> <span class='ocrx_word' id='word_1_294' title='bbox 1623 2628 1698 2663; x_wconf 86' lang='lat' dir='ltr'>Cic.</span> 
     </span>
     <span class='ocr_line' id='line_1_36' title="bbox 314 2680 1695 2728; baseline 0.003 -15"><span class='ocrx_word' id='word_1_295' title='bbox 314 2680 418 2714; x_wconf 84' lang='lat' dir='ltr'>Brut.</span> <span class='ocrx_word' id='word_1_296' title='bbox 443 2680 509 2724; x_wconf 72' lang='lat'>32,</span> <span class='ocrx_word' id='word_1_297' title='bbox 534 2681 611 2716; x_wconf 76' lang='lat'>122.</span> <span class='ocrx_word' id='word_1_298' title='bbox 642 2682 715 2717; x_wconf 69' lang='lat'>124.</span> <span class='ocrx_word' id='word_1_299' title='bbox 820 2684 879 2728; x_wconf 82' lang='lat'>35)</span> <span class='ocrx_word' id='word_1_300' title='bbox 895 2684 967 2719; x_wconf 82' lang='lat' dir='ltr'>Cic.</span> <span class='ocrx_word' id='word_1_301' title='bbox 989 2684 1113 2719; x_wconf 84' lang='lat' dir='ltr'>Plane.</span> <span class='ocrx_word' id='word_1_302' title='bbox 1128 2683 1157 2716; x_wconf 80' lang='lat'>5.</span> <span class='ocrx_word' id='word_1_303' title='bbox 1261 2681 1320 2726; x_wconf 81' lang='grc'>36)</span> <span class='ocrx_word' id='word_1_304' title='bbox 1337 2683 1422 2718; x_wconf 82' lang='lat' dir='ltr'>Sen.</span> <span class='ocrx_word' id='word_1_305' title='bbox 1443 2683 1488 2718; x_wconf 87' lang='lat' dir='ltr'>de</span> <span class='ocrx_word' id='word_1_306' title='bbox 1499 2683 1555 2718; x_wconf 83' lang='lat' dir='ltr'>lra</span> <span class='ocrx_word' id='word_1_307' title='bbox 1568 2683 1628 2718; x_wconf 89' lang='grc'>111.</span> <span class='ocrx_word' id='word_1_308' title='bbox 1647 2684 1695 2718; x_wconf 81' lang='grc'>18.</span> 
     </span>
    </p>
   </div>
   <div class='ocr_carea' id='block_1_7' title="bbox 1815 77 1834 1567">
    <p class='ocr_par' dir='ltr' id='par_1_8' title="bbox 1815 77 1834 1567">
     <span class='ocr_line' id='line_1_37' title="bbox 1815 77 1834 1567; baseline 0 0"><span class='ocrx_word' id='word_1_309' title='bbox 1815 77 1834 1567; x_wconf 95' lang='lat' dir='ltr'> </span> 
     </span>
    </p>
   </div>
   <div class='ocr_carea' id='block_1_8' title="bbox 1791 510 1835 3126">
    <p class='ocr_par' dir='ltr' id='par_1_9' title="bbox 1791 510 1835 3126">
     <span class='ocr_line' id='line_1_38' title="bbox 1791 510 1835 3126; baseline 0 0"><span class='ocrx_word' id='word_1_310' title='bbox 1791 510 1835 3126; x_wconf 95' lang='lat' dir='ltr'> </span> 
     </span>
    </p>
   </div>
  </div>
 </body>
</html>
