<?xml version="1.0" encoding="UTF-8"?>
<!DOCTYPE html PUBLIC "-//W3C//DTD XHTML 1.0 Transitional//EN"
    "http://www.w3.org/TR/xhtml1/DTD/xhtml1-transitional.dtd">
<html xmlns="http://www.w3.org/1999/xhtml" xml:lang="en" lang="en">
 <head>
  <title>
</title>
<meta http-equiv="Content-Type" content="text/html;charset=utf-8" />
  <meta name='ocr-system' content='tesseract 3.04.00' />
  <meta name='ocr-capabilities' content='ocr_page ocr_carea ocr_par ocr_line ocrx_word'/>
</head>
<body>
  <div class='ocr_page' id='page_1' title='image "./brutussivedeclar00ciceuoft/brutussivedeclar00ciceuoft_0015.png"; bbox 0 0 1892 3116; ppageno 0'>
   <div class='ocr_carea' id='block_1_1' title="bbox 699 255 1588 300">
    <p class='ocr_par' dir='ltr' id='par_1_1' title="bbox 699 255 1588 300">
     <span class='ocr_line' id='line_1_1' title="bbox 699 255 1588 300; baseline 0.002 -2"><span class='ocrx_word' id='word_1_1' title='bbox 699 255 1089 300; x_wconf 85' lang='lat' dir='ltr'><strong>PRAEFATIO.</strong></span> <span class='ocrx_word' id='word_1_2' title='bbox 1512 272 1588 300; x_wconf 79' lang='lat' dir='ltr'>xni</span> 
     </span>
    </p>
   </div>
   <div class='ocr_carea' id='block_1_2' title="bbox 175 368 1590 2856">
    <p class='ocr_par' dir='ltr' id='par_1_2' title="bbox 176 368 1590 2603">
     <span class='ocr_line' id='line_1_2' title="bbox 200 368 1590 425; baseline 0 -14"><span class='ocrx_word' id='word_1_3' title='bbox 200 371 265 412; x_wconf 90' lang='lat' dir='ltr'>nis</span> <span class='ocrx_word' id='word_1_4' title='bbox 296 371 338 411; x_wconf 93' lang='lat' dir='ltr'>in</span> <span class='ocrx_word' id='word_1_5' title='bbox 367 372 404 412; x_wconf 77' lang='lat' dir='ltr'>is</span> <span class='ocrx_word' id='word_1_6' title='bbox 435 374 655 418; x_wconf 85' lang='lat' dir='ltr'>exeuntes,</span> <span class='ocrx_word' id='word_1_7' title='bbox 687 381 776 410; x_wconf 89' lang='lat' dir='ltr'>cum</span> <span class='ocrx_word' id='word_1_8' title='bbox 809 368 980 410; x_wconf 89' lang='lat' dir='ltr'>ablativi</span> <span class='ocrx_word' id='word_1_9' title='bbox 1011 370 1052 410; x_wconf 90' lang='lat' dir='ltr'>in</span> <span class='ocrx_word' id='word_1_10' title='bbox 1082 371 1097 410; x_wconf 75' lang='grc' dir='ltr'>ἰ’</span> <span class='ocrx_word' id='word_1_11' title='bbox 1121 368 1188 411; x_wconf 88' lang='lat' dir='ltr'>vel</span> <span class='ocrx_word' id='word_1_12' title='bbox 1217 369 1388 423; x_wconf 81' lang='lat' dir='ltr'>genitivi</span> <span class='ocrx_word' id='word_1_13' title='bbox 1416 368 1590 425; x_wconf 87' lang='lat' dir='ltr'>pluralis</span> 
     </span>
     <span class='ocr_line' id='line_1_3' title="bbox 199 447 1589 501; baseline 0 -12"><span class='ocrx_word' id='word_1_14' title='bbox 199 450 241 489; x_wconf 88' lang='lat' dir='ltr'>in</span> <span class='ocrx_word' id='word_1_15' title='bbox 265 451 352 490; x_wconf 78' lang='lat' dir='ltr'>ium</span> <span class='ocrx_word' id='word_1_16' title='bbox 379 447 591 498; x_wconf 84' lang='lat' dir='ltr'>finiuntur3</span> <span class='ocrx_word' id='word_1_17' title='bbox 615 448 710 489; x_wconf 84' lang='lat' dir='ltr'>item</span> <span class='ocrx_word' id='word_1_18' title='bbox 733 448 906 501; x_wconf 73' lang='lat' dir='ltr'>genitivi</span> <span class='ocrx_word' id='word_1_19' title='bbox 930 449 1137 489; x_wconf 87' lang='lat' dir='ltr'>nominum</span> <span class='ocrx_word' id='word_1_20' title='bbox 1162 454 1365 490; x_wconf 90' lang='lat' dir='ltr'>certorum</span> <span class='ocrx_word' id='word_1_21' title='bbox 1381 448 1589 490; x_wconf 86' lang='lat' dir='ltr'>secundae</span> 
     </span>
     <span class='ocr_line' id='line_1_4' title="bbox 200 524 1588 582; baseline 0.001 -16"><span class='ocrx_word' id='word_1_22' title='bbox 200 525 492 568; x_wconf 81' lang='lat' dir='ltr'>declinationis</span> <span class='ocrx_word' id='word_1_23' title='bbox 537 526 579 567; x_wconf 93' lang='lat' dir='ltr'>in</span> <span class='ocrx_word' id='word_1_24' title='bbox 629 524 793 567; x_wconf 84' lang='lat' dir='ltr'>ifiniti.</span> <span class='ocrx_word' id='word_1_25' title='bbox 862 524 1036 582; x_wconf 82' lang='lat' dir='ltr'>Semper</span> <span class='ocrx_word' id='word_1_26' title='bbox 1078 527 1203 580; x_wconf 83' lang='lat' dir='ltr'>igitur</span> <span class='ocrx_word' id='word_1_27' title='bbox 1252 527 1401 582; x_wconf 86' lang='lat' dir='ltr'>scripsi</span> <span class='ocrx_word' id='word_1_28' title='bbox 1439 529 1588 574; x_wconf 55' lang='lat' dir='ltr'>omni&amp;</span> 
     </span>
     <span class='ocr_line' id='line_1_5' title="bbox 196 603 1588 660; baseline 0.001 -16"><span class='ocrx_word' id='word_1_29' title='bbox 196 606 337 656; x_wconf 72' lang='lat' dir='ltr'>parcis</span> <span class='ocrx_word' id='word_1_30' title='bbox 372 611 411 646; x_wconf 92' lang='lat' dir='ltr'>et</span> <span class='ocrx_word' id='word_1_31' title='bbox 441 603 616 654; x_wconf 83' lang='lat' dir='ltr'>similia3</span> <span class='ocrx_word' id='word_1_32' title='bbox 653 617 816 660; x_wconf 86' lang='lat' dir='ltr'>semper</span> <span class='ocrx_word' id='word_1_33' title='bbox 843 606 1006 657; x_wconf 59' lang='lat' dir='ltr'>inflent,</span> <span class='ocrx_word' id='word_1_34' title='bbox 1040 604 1177 652; x_wconf 74' lang='lat' dir='ltr'>Enni,</span> <span class='ocrx_word' id='word_1_35' title='bbox 1214 604 1370 652; x_wconf 80' lang='lat' dir='ltr'>Naevi,</span> <span class='ocrx_word' id='word_1_36' title='bbox 1407 605 1588 658; x_wconf 72' lang='lat' dir='ltr'>Pompei.</span> 
     </span>
     <span class='ocr_line' id='line_1_6' title="bbox 196 680 1589 738; baseline 0 -15"><span class='ocrx_word' id='word_1_37' title='bbox 196 680 300 723; x_wconf 90' lang='lat' dir='ltr'>Nam</span> <span class='ocrx_word' id='word_1_38' title='bbox 324 684 367 723; x_wconf 76' lang='lat' dir='ltr'>jn</span> <span class='ocrx_word' id='word_1_39' title='bbox 396 682 482 724; x_wconf 90' lang='lat' dir='ltr'>illis</span> <span class='ocrx_word' id='word_1_40' title='bbox 514 683 765 725; x_wconf 78' lang='lat' dir='ltr'>accusativis</span> <span class='ocrx_word' id='word_1_41' title='bbox 797 684 1038 738; x_wconf 83' lang='lat' dir='ltr'>optimorum</span> <span class='ocrx_word' id='word_1_42' title='bbox 1064 681 1177 724; x_wconf 83' lang='lat' dir='ltr'>Bruti</span> <span class='ocrx_word' id='word_1_43' title='bbox 1209 682 1395 725; x_wconf 90' lang='lat' dir='ltr'>codicum</span> <span class='ocrx_word' id='word_1_44' title='bbox 1427 682 1589 725; x_wconf 83' lang='lat' dir='ltr'>dissen-</span> 
     </span>
     <span class='ocr_line' id='line_1_7' title="bbox 197 759 1588 811; baseline 0.001 -10"><span class='ocrx_word' id='word_1_45' title='bbox 197 773 267 802; x_wconf 88' lang='lat' dir='ltr'>sus</span> <span class='ocrx_word' id='word_1_46' title='bbox 307 762 376 803; x_wconf 89' lang='lat' dir='ltr'>vix</span> <span class='ocrx_word' id='word_1_47' title='bbox 406 760 515 803; x_wconf 87' lang='lat' dir='ltr'>ullus</span> <span class='ocrx_word' id='word_1_48' title='bbox 547 768 633 810; x_wconf 86' lang='lat' dir='ltr'>est,</span> <span class='ocrx_word' id='word_1_49' title='bbox 671 763 711 803; x_wconf 94' lang='lat' dir='ltr'>in</span> <span class='ocrx_word' id='word_1_50' title='bbox 742 761 808 803; x_wconf 90' lang='lat' dir='ltr'>his</span> <span class='ocrx_word' id='word_1_51' title='bbox 839 760 1058 803; x_wconf 84' lang='lat' dir='ltr'>admodum</span> <span class='ocrx_word' id='word_1_52' title='bbox 1094 773 1234 810; x_wconf 77' lang='lat' dir='ltr'>rarus,</span> <span class='ocrx_word' id='word_1_53' title='bbox 1271 760 1382 803; x_wconf 86' lang='lat' dir='ltr'>velut</span> <span class='ocrx_word' id='word_1_54' title='bbox 1412 759 1488 811; x_wconf 83' lang='lat'>24,</span> <span class='ocrx_word' id='word_1_55' title='bbox 1519 761 1588 802; x_wconf 81' lang='grc'>93.</span> 
     </span>
     <span class='ocr_line' id='line_1_8' title="bbox 193 837 1585 888; baseline 0 -8"><span class='ocrx_word' id='word_1_56' title='bbox 193 839 268 888; x_wconf 84' lang='grc'>26,</span> <span class='ocrx_word' id='word_1_57' title='bbox 299 839 366 880; x_wconf 88' lang='grc'>99.</span> <span class='ocrx_word' id='word_1_58' title='bbox 411 838 487 888; x_wconf 77' lang='grc'>84,</span> <span class='ocrx_word' id='word_1_59' title='bbox 517 838 614 880; x_wconf 71' lang='grc'>289,</span> <span class='ocrx_word' id='word_1_60' title='bbox 658 839 734 888; x_wconf 89' lang='grc'>90,</span> <span class='ocrx_word' id='word_1_61' title='bbox 764 839 860 880; x_wconf 84' lang='grc'><strong>310.</strong></span> <span class='ocrx_word' id='word_1_62' title='bbox 920 837 1007 879; x_wconf 87' lang='lat' dir='ltr'>Sed</span> <span class='ocrx_word' id='word_1_63' title='bbox 1037 839 1170 878; x_wconf 88' lang='lat' dir='ltr'>minus</span> <span class='ocrx_word' id='word_1_64' title='bbox 1198 838 1314 886; x_wconf 88' lang='lat' dir='ltr'>boni,</span> <span class='ocrx_word' id='word_1_65' title='bbox 1346 844 1388 879; x_wconf 85' lang='lat' dir='ltr'>ut</span> <span class='ocrx_word' id='word_1_66' title='bbox 1419 838 1522 880; x_wconf 84' lang='lat' dir='ltr'>Gud.</span> <span class='ocrx_word' id='word_1_67' title='bbox 1548 840 1585 880; x_wconf 95' lang='lat' dir='ltr'>l.</span> 
     </span>
     <span class='ocr_line' id='line_1_9' title="bbox 195 913 1586 970; baseline 0.001 -13"><span class='ocrx_word' id='word_1_68' title='bbox 195 915 284 957; x_wconf 87' lang='lat' dir='ltr'>Vat.</span> <span class='ocrx_word' id='word_1_69' title='bbox 316 928 412 957; x_wconf 88' lang='lat' dir='ltr'>raro</span> <span class='ocrx_word' id='word_1_70' title='bbox 445 917 461 956; x_wconf 75' lang='lat' dir='ltr'>i</span> <span class='ocrx_word' id='word_1_71' title='bbox 488 928 562 970; x_wconf 88' lang='lat' dir='ltr'>pro</span> <span class='ocrx_word' id='word_1_72' title='bbox 593 917 626 956; x_wconf 72' lang='lat' dir='ltr'>ii</span> <span class='ocrx_word' id='word_1_73' title='bbox 654 921 902 964; x_wconf 82' lang='lat' dir='ltr'>monstrant,</span> <span class='ocrx_word' id='word_1_74' title='bbox 933 914 1044 957; x_wconf 86' lang='lat' dir='ltr'>velut</span> <span class='ocrx_word' id='word_1_75' title='bbox 1069 914 1142 964; x_wconf 84' lang='lat'>21,</span> <span class='ocrx_word' id='word_1_76' title='bbox 1166 913 1235 956; x_wconf 73' lang='lat'>81.</span> <span class='ocrx_word' id='word_1_77' title='bbox 1280 913 1437 956; x_wconf 88' lang='lat' dir='ltr'>Eodem</span> <span class='ocrx_word' id='word_1_78' title='bbox 1464 916 1586 958; x_wconf 89' lang='lat' dir='ltr'>modo</span> 
     </span>
     <span class='ocr_line' id='line_1_10' title="bbox 192 992 1585 1050; baseline 0.002 -16"><span class='ocrx_word' id='word_1_79' title='bbox 192 993 328 1035; x_wconf 87' lang='lat' dir='ltr'>iudico</span> <span class='ocrx_word' id='word_1_80' title='bbox 361 992 543 1035; x_wconf 88' lang='lat' dir='ltr'>additum</span> <span class='ocrx_word' id='word_1_81' title='bbox 573 1006 602 1037; x_wconf 77' lang='grc' dir='ltr'><strong>η</strong></span> <span class='ocrx_word' id='word_1_82' title='bbox 634 994 676 1035; x_wconf 91' lang='lat' dir='ltr'>in</span> <span class='ocrx_word' id='word_1_83' title='bbox 708 996 878 1042; x_wconf 74' lang='lat' dir='ltr'>totiens,</span> <span class='ocrx_word' id='word_1_84' title='bbox 922 995 1111 1047; x_wconf 74' lang='lat' dir='ltr'>quotiens</span> <span class='ocrx_word' id='word_1_85' title='bbox 1142 998 1182 1034; x_wconf 88' lang='lat' dir='ltr'>et</span> <span class='ocrx_word' id='word_1_86' title='bbox 1213 992 1440 1044; x_wconf 88' lang='lat' dir='ltr'>similibus,</span> <span class='ocrx_word' id='word_1_87' title='bbox 1479 1007 1585 1050; x_wconf 84' lang='lat' dir='ltr'>quae</span> 
     </span>
     <span class='ocr_line' id='line_1_11' title="bbox 192 1070 1585 1128; baseline 0.001 -14"><span class='ocrx_word' id='word_1_88' title='bbox 192 1071 286 1114; x_wconf 90' lang='lat' dir='ltr'>sola</span> <span class='ocrx_word' id='word_1_89' title='bbox 318 1070 599 1114; x_wconf 83' lang='lat' dir='ltr'>Ciceroniana</span> <span class='ocrx_word' id='word_1_90' title='bbox 616 1078 670 1114; x_wconf 84' lang='lat' dir='ltr'>et</span> <span class='ocrx_word' id='word_1_91' title='bbox 699 1073 742 1113; x_wconf 90' lang='lat' dir='ltr'>in</span> <span class='ocrx_word' id='word_1_92' title='bbox 768 1070 956 1115; x_wconf 87' lang='lat' dir='ltr'>omnibus</span> <span class='ocrx_word' id='word_1_93' title='bbox 986 1070 1107 1113; x_wconf 85' lang='lat' dir='ltr'>libris</span> <span class='ocrx_word' id='word_1_94' title='bbox 1132 1072 1375 1128; x_wconf 86' lang='lat' dir='ltr'>optimorum</span> <span class='ocrx_word' id='word_1_95' title='bbox 1397 1072 1585 1116; x_wconf 90' lang='lat' dir='ltr'>codicum</span> 
     </span>
     <span class='ocr_line' id='line_1_12' title="bbox 191 1149 1585 1207; baseline 0.002 -16"><span class='ocrx_word' id='word_1_96' title='bbox 191 1149 269 1192; x_wconf 87' lang='lat' dir='ltr'>fide</span> <span class='ocrx_word' id='word_1_97' title='bbox 315 1156 403 1192; x_wconf 85' lang='lat' dir='ltr'>tuta</span> <span class='ocrx_word' id='word_1_98' title='bbox 450 1156 565 1202; x_wconf 84' lang='lat' dir='ltr'>sunt3</span> <span class='ocrx_word' id='word_1_99' title='bbox 611 1151 707 1193; x_wconf 88' lang='lat' dir='ltr'>item</span> <span class='ocrx_word' id='word_1_100' title='bbox 747 1151 989 1193; x_wconf 82' lang='lat' dir='ltr'>contractinl</span> <span class='ocrx_word' id='word_1_101' title='bbox 1031 1149 1169 1193; x_wconf 88' lang='lat' dir='ltr'>scribo</span> <span class='ocrx_word' id='word_1_102' title='bbox 1207 1157 1373 1207; x_wconf 89' lang='lat' dir='ltr'>propter</span> <span class='ocrx_word' id='word_1_103' title='bbox 1410 1152 1585 1194; x_wconf 87' lang='lat' dir='ltr'>eandem</span> 
     </span>
     <span class='ocr_line' id='line_1_13' title="bbox 191 1229 1585 1279; baseline 0.002 -9"><span class='ocrx_word' id='word_1_104' title='bbox 191 1240 361 1270; x_wconf 81' lang='lat' dir='ltr'>causam</span> <span class='ocrx_word' id='word_1_105' title='bbox 396 1230 544 1276; x_wconf 80' lang='lat' dir='ltr'>isdem,</span> <span class='ocrx_word' id='word_1_106' title='bbox 584 1229 661 1276; x_wconf 76' lang='lat' dir='ltr'>Di,</span> <span class='ocrx_word' id='word_1_107' title='bbox 696 1229 798 1279; x_wconf 75' lang='lat' dir='ltr'>Dis;</span> <span class='ocrx_word' id='word_1_108' title='bbox 838 1235 982 1271; x_wconf 88' lang='lat' dir='ltr'>contra</span> <span class='ocrx_word' id='word_1_109' title='bbox 1014 1230 1073 1277; x_wconf 82' lang='lat' dir='ltr'>ei,</span> <span class='ocrx_word' id='word_1_110' title='bbox 1108 1231 1190 1277; x_wconf 73' lang='lat' dir='ltr'>eis,</span> <span class='ocrx_word' id='word_1_111' title='bbox 1231 1231 1381 1271; x_wconf 79' lang='lat' dir='ltr'>eisdem</span> <span class='ocrx_word' id='word_1_112' title='bbox 1404 1231 1585 1274; x_wconf 82' lang='lat' dir='ltr'>rectiora</span> 
     </span>
     <span class='ocr_line' id='line_1_14' title="bbox 188 1306 1585 1359; baseline 0.003 -11"><span class='ocrx_word' id='word_1_113' title='bbox 188 1306 351 1357; x_wconf 87' lang='lat' dir='ltr'>iudico,</span> <span class='ocrx_word' id='word_1_114' title='bbox 393 1313 433 1348; x_wconf 87' lang='lat' dir='ltr'>et</span> <span class='ocrx_word' id='word_1_115' title='bbox 475 1308 537 1349; x_wconf 90' lang='lat' dir='ltr'>sic</span> <span class='ocrx_word' id='word_1_116' title='bbox 575 1307 671 1349; x_wconf 88' lang='lat' dir='ltr'>dedi</span> <span class='ocrx_word' id='word_1_117' title='bbox 701 1307 778 1358; x_wconf 85' lang='lat'>20,</span> <span class='ocrx_word' id='word_1_118' title='bbox 809 1307 876 1350; x_wconf 87' lang='grc'>79.</span> <span class='ocrx_word' id='word_1_119' title='bbox 921 1308 997 1359; x_wconf 80' lang='grc'>59,</span> <span class='ocrx_word' id='word_1_120' title='bbox 1027 1306 1124 1350; x_wconf 88' lang='grc'><strong>214.</strong></span> <span class='ocrx_word' id='word_1_121' title='bbox 1186 1306 1347 1350; x_wconf 90' lang='lat' dir='ltr'>Similis</span> <span class='ocrx_word' id='word_1_122' title='bbox 1384 1307 1585 1352; x_wconf 89' lang='lat' dir='ltr'>librorum</span> 
     </span>
     <span class='ocr_line' id='line_1_15' title="bbox 189 1386 1581 1441; baseline 0.003 -13"><span class='ocrx_word' id='word_1_123' title='bbox 189 1397 419 1428; x_wconf 86' lang='lat' dir='ltr'>consensus</span> <span class='ocrx_word' id='word_1_124' title='bbox 464 1386 645 1428; x_wconf 90' lang='lat' dir='ltr'>cernitur</span> <span class='ocrx_word' id='word_1_125' title='bbox 687 1387 731 1428; x_wconf 89' lang='lat' dir='ltr'>in</span> <span class='ocrx_word' id='word_1_126' title='bbox 775 1389 919 1435; x_wconf 78' lang='lat' dir='ltr'>ceteri,</span> <span class='ocrx_word' id='word_1_127' title='bbox 965 1387 1172 1441; x_wconf 74' lang='lat' dir='ltr'>intelleqo,</span> <span class='ocrx_word' id='word_1_128' title='bbox 1220 1389 1368 1438; x_wconf 84' lang='lat' dir='ltr'>immo,</span> <span class='ocrx_word' id='word_1_129' title='bbox 1419 1390 1581 1437; x_wconf 70' lang='lat' dir='ltr'>cotidie,</span> 
     </span>
     <span class='ocr_line' id='line_1_16' title="bbox 190 1464 1582 1524; baseline 0.003 -18"><span class='ocrx_word' id='word_1_130' title='bbox 190 1466 347 1516; x_wconf 53' lang='lat' dir='ltr'>contem</span> <span class='ocrx_word' id='word_1_131' title='bbox 371 1464 450 1506; x_wconf 90' lang='lat' dir='ltr'>etsi</span> <span class='ocrx_word' id='word_1_132' title='bbox 475 1465 585 1506; x_wconf 91' lang='lat' dir='ltr'>enim</span> <span class='ocrx_word' id='word_1_133' title='bbox 607 1478 690 1508; x_wconf 89' lang='lat' dir='ltr'>non</span> <span class='ocrx_word' id='word_1_134' title='bbox 712 1466 862 1520; x_wconf 81' lang='lat' dir='ltr'>ignoro</span> <span class='ocrx_word' id='word_1_135' title='bbox 885 1465 983 1522; x_wconf 89' lang='lat' dir='ltr'>quid</span> <span class='ocrx_word' id='word_1_136' title='bbox 1009 1472 1154 1509; x_wconf 87' lang='lat' dir='ltr'>contra</span> <span class='ocrx_word' id='word_1_137' title='bbox 1179 1465 1258 1510; x_wconf 90' lang='lat' dir='ltr'>hoc</span> <span class='ocrx_word' id='word_1_138' title='bbox 1278 1480 1409 1524; x_wconf 88' lang='lat' dir='ltr'>nuper</span> <span class='ocrx_word' id='word_1_139' title='bbox 1432 1467 1582 1510; x_wconf 86' lang='lat' dir='ltr'>dictum</span> 
     </span>
     <span class='ocr_line' id='line_1_17' title="bbox 187 1542 1581 1597; baseline 0.003 -13"><span class='ocrx_word' id='word_1_140' title='bbox 187 1542 262 1592; x_wconf 75' lang='lat' dir='ltr'>sit,</span> <span class='ocrx_word' id='word_1_141' title='bbox 285 1555 369 1585; x_wconf 90' lang='lat' dir='ltr'>non</span> <span class='ocrx_word' id='word_1_142' title='bbox 391 1548 529 1586; x_wconf 86' lang='lat' dir='ltr'>tamen</span> <span class='ocrx_word' id='word_1_143' title='bbox 551 1543 745 1586; x_wconf 89' lang='lat' dir='ltr'>idoneum</span> <span class='ocrx_word' id='word_1_144' title='bbox 767 1545 957 1586; x_wconf 81' lang='lat' dir='ltr'>existimo</span> <span class='ocrx_word' id='word_1_145' title='bbox 982 1544 1036 1586; x_wconf 89' lang='lat' dir='ltr'>ad</span> <span class='ocrx_word' id='word_1_146' title='bbox 1061 1544 1322 1587; x_wconf 88' lang='lat' dir='ltr'>efficiendum</span> <span class='ocrx_word' id='word_1_147' title='bbox 1343 1558 1581 1597; x_wconf 82' lang='lat' dir='ltr'>assensu1n3</span> 
     </span>
     <span class='ocr_line' id='line_1_18' title="bbox 184 1622 1582 1681; baseline 0.004 -19"><span class='ocrx_word' id='word_1_148' title='bbox 184 1633 308 1677; x_wconf 89' lang='lat' dir='ltr'>porro</span> <span class='ocrx_word' id='word_1_149' title='bbox 333 1622 376 1663; x_wconf 93' lang='lat' dir='ltr'>in</span> <span class='ocrx_word' id='word_1_150' title='bbox 401 1634 608 1675; x_wconf 80' lang='lat' dir='ltr'>unquam,</span> <span class='ocrx_word' id='word_1_151' title='bbox 634 1635 875 1676; x_wconf 63' lang='lat' dir='ltr'>mammam,</span> <span class='ocrx_word' id='word_1_152' title='bbox 904 1630 1126 1677; x_wconf 80' lang='lat' dir='ltr'>tanquam,</span> <span class='ocrx_word' id='word_1_153' title='bbox 1154 1636 1414 1678; x_wconf 80' lang='lat' dir='ltr'>quanquam:</span> <span class='ocrx_word' id='word_1_154' title='bbox 1438 1639 1582 1681; x_wconf 84' lang='lat' dir='ltr'>perra-</span> 
     </span>
     <span class='ocr_line' id='line_1_19' title="bbox 184 1700 1578 1755; baseline 0.004 -14"><span class='ocrx_word' id='word_1_155' title='bbox 184 1712 274 1741; x_wconf 90' lang='lat' dir='ltr'>rum</span> <span class='ocrx_word' id='word_1_156' title='bbox 304 1705 367 1741; x_wconf 87' lang='lat' dir='ltr'>est</span> <span class='ocrx_word' id='word_1_157' title='bbox 392 1700 523 1750; x_wconf 89' lang='lat' dir='ltr'>enim,</span> <span class='ocrx_word' id='word_1_158' title='bbox 554 1706 596 1742; x_wconf 90' lang='lat' dir='ltr'>ut</span> <span class='ocrx_word' id='word_1_159' title='bbox 617 1700 716 1743; x_wconf 89' lang='lat' dir='ltr'>honi</span> <span class='ocrx_word' id='word_1_160' title='bbox 745 1700 843 1742; x_wconf 85' lang='lat' dir='ltr'>libri</span> <span class='ocrx_word' id='word_1_161' title='bbox 867 1713 908 1742; x_wconf 86' lang='lat' dir='ltr'>m</span> <span class='ocrx_word' id='word_1_162' title='bbox 931 1700 1176 1752; x_wconf 83' lang='lat' dir='ltr'>exhibeant,</span> <span class='ocrx_word' id='word_1_163' title='bbox 1206 1702 1317 1744; x_wconf 88' lang='lat' dir='ltr'>velut</span> <span class='ocrx_word' id='word_1_164' title='bbox 1343 1703 1380 1753; x_wconf 89' lang='lat'>1,</span> <span class='ocrx_word' id='word_1_165' title='bbox 1406 1703 1444 1744; x_wconf 81' lang='lat'>5.</span> <span class='ocrx_word' id='word_1_166' title='bbox 1475 1705 1514 1755; x_wconf 90' lang='grc'>2,</span> <span class='ocrx_word' id='word_1_167' title='bbox 1539 1704 1578 1747; x_wconf 75' lang='grc'>8.</span> 
     </span>
     <span class='ocr_line' id='line_1_20' title="bbox 184 1775 1580 1835; baseline 0.004 -16"><span class='ocrx_word' id='word_1_168' title='bbox 184 1777 273 1820; x_wconf 88' lang='lat' dir='ltr'>fieri</span> <span class='ocrx_word' id='word_1_169' title='bbox 302 1778 502 1821; x_wconf 88' lang='lat' dir='ltr'>videmus.</span> <span class='ocrx_word' id='word_1_170' title='bbox 557 1777 680 1820; x_wconf 88' lang='lat' dir='ltr'>Addo</span> <span class='ocrx_word' id='word_1_171' title='bbox 720 1791 825 1833; x_wconf 89' lang='lat' dir='ltr'>quae</span> <span class='ocrx_word' id='word_1_172' title='bbox 856 1775 937 1835; x_wconf 59' lang='grc' dir='ltr'>ὑφ)</span> <span class='ocrx_word' id='word_1_173' title='bbox 972 1777 1017 1821; x_wconf 70' lang='grc' dir='ltr'>ἓν</span> <span class='ocrx_word' id='word_1_174' title='bbox 1044 1779 1170 1834; x_wconf 79' lang='lat' dir='ltr'>vulgo</span> <span class='ocrx_word' id='word_1_175' title='bbox 1203 1786 1347 1822; x_wconf 88' lang='lat' dir='ltr'>contra</span> <span class='ocrx_word' id='word_1_176' title='bbox 1376 1782 1580 1825; x_wconf 90' lang='lat' dir='ltr'>rationem</span> 
     </span>
     <span class='ocr_line' id='line_1_21' title="bbox 183 1855 1580 1912; baseline 0.004 -14"><span class='ocrx_word' id='word_1_177' title='bbox 183 1855 417 1899; x_wconf 89' lang='lat' dir='ltr'>scribuntur</span> <span class='ocrx_word' id='word_1_178' title='bbox 458 1855 784 1912; x_wconf 79' lang='lat' dir='ltr'>repugnantibus</span> <span class='ocrx_word' id='word_1_179' title='bbox 822 1856 943 1899; x_wconf 91' lang='lat' dir='ltr'>libris</span> <span class='ocrx_word' id='word_1_180' title='bbox 975 1864 1044 1900; x_wconf 84' lang='lat' dir='ltr'>aut</span> <span class='ocrx_word' id='word_1_181' title='bbox 1075 1858 1265 1901; x_wconf 89' lang='lat' dir='ltr'>omnibus</span> <span class='ocrx_word' id='word_1_182' title='bbox 1297 1865 1365 1902; x_wconf 89' lang='lat' dir='ltr'>aut</span> <span class='ocrx_word' id='word_1_183' title='bbox 1394 1860 1580 1904; x_wconf 88' lang='lat' dir='ltr'>meliori-</span> 
     </span>
     <span class='ocr_line' id='line_1_22' title="bbox 181 1934 1580 1991; baseline 0.005 -15"><span class='ocrx_word' id='word_1_184' title='bbox 181 1934 282 1977; x_wconf 90' lang='lat' dir='ltr'>bus:</span> <span class='ocrx_word' id='word_1_185' title='bbox 324 1940 359 1977; x_wconf 79' lang='lat' dir='ltr'>el</span> <span class='ocrx_word' id='word_1_186' title='bbox 390 1936 500 1976; x_wconf 78' lang='lat' dir='ltr'>enim</span> <span class='ocrx_word' id='word_1_187' title='bbox 530 1935 697 1991; x_wconf 90' lang='lat' dir='ltr'>(quippe</span> <span class='ocrx_word' id='word_1_188' title='bbox 730 1948 802 1978; x_wconf 91' lang='lat' dir='ltr'>cur</span> <span class='ocrx_word' id='word_1_189' title='bbox 832 1943 877 1979; x_wconf 78' lang='lat' dir='ltr'>at</span> <span class='ocrx_word' id='word_1_190' title='bbox 905 1938 1015 1979; x_wconf 74' lang='lat' dir='ltr'>enim</span> <span class='ocrx_word' id='word_1_191' title='bbox 1027 1938 1093 1990; x_wconf 66' lang='lat'>9),</span> <span class='ocrx_word' id='word_1_192' title='bbox 1133 1950 1279 1980; x_wconf 78' lang='lat' dir='ltr'>verum</span> <span class='ocrx_word' id='word_1_193' title='bbox 1305 1945 1462 1988; x_wconf 80' lang='lat' dir='ltr'>tamen,</span> <span class='ocrx_word' id='word_1_194' title='bbox 1492 1953 1580 1984; x_wconf 76' lang='lat' dir='ltr'>non</span> 
     </span>
     <span class='ocr_line' id='line_1_23' title="bbox 182 2010 1576 2072; baseline 0.004 -16"><span class='ocrx_word' id='word_1_195' title='bbox 182 2014 281 2056; x_wconf 83' lang='lat' dir='ltr'>dum</span> <span class='ocrx_word' id='word_1_196' title='bbox 309 2013 449 2066; x_wconf 88' lang='lat' dir='ltr'>(nemo</span> <span class='ocrx_word' id='word_1_197' title='bbox 477 2014 585 2055; x_wconf 91' lang='lat' dir='ltr'>enim</span> <span class='ocrx_word' id='word_1_198' title='bbox 608 2027 694 2056; x_wconf 77' lang='lat' dir='ltr'>non</span> <span class='ocrx_word' id='word_1_199' title='bbox 718 2016 804 2056; x_wconf 84' lang='lat' dir='ltr'>iam</span> <span class='ocrx_word' id='word_1_200' title='bbox 826 2010 905 2072; x_wconf 75' lang='grc' dir='ltr'>ὑφ’</span> <span class='ocrx_word' id='word_1_201' title='bbox 936 2014 1020 2068; x_wconf 76' lang='grc' dir='ltr'>ἕν),</span> <span class='ocrx_word' id='word_1_202' title='bbox 1050 2029 1136 2058; x_wconf 77' lang='lat' dir='ltr'>non</span> <span class='ocrx_word' id='word_1_203' title='bbox 1158 2018 1285 2065; x_wconf 72' lang='lat' dir='ltr'>nihil,</span> <span class='ocrx_word' id='word_1_204' title='bbox 1310 2031 1398 2060; x_wconf 76' lang='lat' dir='ltr'>non</span> <span class='ocrx_word' id='word_1_205' title='bbox 1421 2019 1576 2068; x_wconf 75' lang='lat' dir='ltr'>nullus,</span> 
     </span>
     <span class='ocr_line' id='line_1_24' title="bbox 181 2096 1579 2151; baseline 0.005 -18"><span class='ocrx_word' id='word_1_206' title='bbox 181 2105 268 2134; x_wconf 71' lang='lat' dir='ltr'>non</span> <span class='ocrx_word' id='word_1_207' title='bbox 291 2104 530 2145; x_wconf 75' lang='lat' dir='ltr'>nunquam,</span> <span class='ocrx_word' id='word_1_208' title='bbox 562 2099 657 2135; x_wconf 77' lang='lat' dir='ltr'>ante</span> <span class='ocrx_word' id='word_1_209' title='bbox 685 2106 833 2147; x_wconf 83' lang='lat' dir='ltr'>quam,</span> <span class='ocrx_word' id='word_1_210' title='bbox 854 2096 978 2148; x_wconf 78' lang='lat' dir='ltr'>prius</span> <span class='ocrx_word' id='word_1_211' title='bbox 1007 2107 1150 2149; x_wconf 82' lang='lat' dir='ltr'>quam,</span> <span class='ocrx_word' id='word_1_212' title='bbox 1178 2108 1259 2149; x_wconf 78' lang='lat' dir='ltr'>quo</span> <span class='ocrx_word' id='word_1_213' title='bbox 1283 2097 1431 2146; x_wconf 75' lang='lat' dir='ltr'>mocIO,</span> <span class='ocrx_word' id='word_1_214' title='bbox 1458 2110 1579 2151; x_wconf 80' lang='lat' dir='ltr'>quem</span> 
     </span>
     <span class='ocr_line' id='line_1_25' title="bbox 182 2171 1574 2228; baseline 0.005 -18"><span class='ocrx_word' id='word_1_215' title='bbox 182 2171 236 2212; x_wconf 84' lang='lat' dir='ltr'>ad</span> <span class='ocrx_word' id='word_1_216' title='bbox 274 2171 468 2219; x_wconf 80' lang='lat' dir='ltr'>modum,</span> <span class='ocrx_word' id='word_1_217' title='bbox 510 2172 691 2224; x_wconf 82' lang='lat' dir='ltr'>quodam</span> <span class='ocrx_word' id='word_1_218' title='bbox 728 2174 875 2221; x_wconf 82' lang='lat' dir='ltr'>modo,</span> <span class='ocrx_word' id='word_1_219' title='bbox 916 2186 979 2215; x_wconf 81' lang='lat' dir='ltr'>me</span> <span class='ocrx_word' id='word_1_220' title='bbox 1008 2173 1208 2222; x_wconf 81' lang='lat' dir='ltr'>Hercule,</span> <span class='ocrx_word' id='word_1_221' title='bbox 1247 2187 1399 2227; x_wconf 69' lang='lat' dir='ltr'>maqno</span> <span class='ocrx_word' id='word_1_222' title='bbox 1439 2189 1574 2228; x_wconf 83' lang='lat' dir='ltr'>opere,</span> 
     </span>
     <span class='ocr_line' id='line_1_26' title="bbox 182 2251 1574 2303; baseline 0.003 -12"><span class='ocrx_word' id='word_1_223' title='bbox 182 2256 298 2291; x_wconf 79' lang='lat' dir='ltr'>tanto</span> <span class='ocrx_word' id='word_1_224' title='bbox 342 2261 485 2301; x_wconf 77' lang='lat' dir='ltr'>opere,</span> <span class='ocrx_word' id='word_1_225' title='bbox 528 2251 574 2290; x_wconf 79' lang='lat' dir='ltr'>in</span> <span class='ocrx_word' id='word_1_226' title='bbox 610 2252 784 2302; x_wconf 72' lang='lat' dir='ltr'>primis,</span> <span class='ocrx_word' id='word_1_227' title='bbox 827 2253 936 2292; x_wconf 76' lang='lat' dir='ltr'>iuris</span> <span class='ocrx_word' id='word_1_228' title='bbox 972 2253 1157 2303; x_wconf 68' lang='lat' dir='ltr'>peritus,</span> <span class='ocrx_word' id='word_1_229' title='bbox 1196 2253 1304 2292; x_wconf 73' lang='lat' dir='ltr'>iuris</span> <span class='ocrx_word' id='word_1_230' title='bbox 1347 2254 1574 2295; x_wconf 73' lang='lat' dir='ltr'>consultus.</span> 
     </span>
     <span class='ocr_line' id='line_1_27' title="bbox 178 2324 1575 2382; baseline 0.005 -16"><span class='ocrx_word' id='word_1_231' title='bbox 178 2324 339 2368; x_wconf 88' lang='lat' dir='ltr'>Deinde</span> <span class='ocrx_word' id='word_1_232' title='bbox 370 2338 582 2367; x_wconf 83' lang='lat' dir='ltr'>consonae</span> <span class='ocrx_word' id='word_1_233' title='bbox 626 2326 734 2368; x_wconf 88' lang='lat' dir='ltr'>male</span> <span class='ocrx_word' id='word_1_234' title='bbox 773 2326 1007 2382; x_wconf 88' lang='lat' dir='ltr'>duplicatae</span> <span class='ocrx_word' id='word_1_235' title='bbox 1046 2333 1086 2370; x_wconf 83' lang='lat' dir='ltr'>et</span> <span class='ocrx_word' id='word_1_236' title='bbox 1114 2328 1339 2370; x_wconf 88' lang='lat' dir='ltr'>secundum</span> <span class='ocrx_word' id='word_1_237' title='bbox 1373 2329 1505 2373; x_wconf 89' lang='lat' dir='ltr'>libros</span> <span class='ocrx_word' id='word_1_238' title='bbox 1534 2337 1575 2373; x_wconf 85' lang='lat' dir='ltr'>et</span> 
     </span>
     <span class='ocr_line' id='line_1_28' title="bbox 176 2404 1573 2460; baseline 0.004 -15"><span class='ocrx_word' id='word_1_239' title='bbox 176 2405 379 2446; x_wconf 85' lang='lat' dir='ltr'>rationem</span> <span class='ocrx_word' id='word_1_240' title='bbox 417 2404 649 2446; x_wconf 88' lang='lat' dir='ltr'>eiiciendae</span> <span class='ocrx_word' id='word_1_241' title='bbox 691 2404 919 2460; x_wconf 85' lang='lat' dir='ltr'>exemplum</span> <span class='ocrx_word' id='word_1_242' title='bbox 956 2411 1019 2448; x_wconf 90' lang='lat' dir='ltr'>est</span> <span class='ocrx_word' id='word_1_243' title='bbox 1054 2408 1253 2459; x_wconf 74' lang='lat' dir='ltr'>paulum,·</span> <span class='ocrx_word' id='word_1_244' title='bbox 1295 2413 1439 2450; x_wconf 90' lang='lat' dir='ltr'>contra</span> <span class='ocrx_word' id='word_1_245' title='bbox 1474 2410 1573 2451; x_wconf 89' lang='lat' dir='ltr'>reti-</span> 
     </span>
     <span class='ocr_line' id='line_1_29' title="bbox 178 2481 1570 2544; baseline 0.006 -21"><span class='ocrx_word' id='word_1_246' title='bbox 178 2481 340 2524; x_wconf 88' lang='lat' dir='ltr'>nendae</span> <span class='ocrx_word' id='word_1_247' title='bbox 373 2482 641 2537; x_wconf 82' lang='lat' dir='ltr'>aspirationis</span> <span class='ocrx_word' id='word_1_248' title='bbox 676 2484 717 2525; x_wconf 92' lang='lat' dir='ltr'>in</span> <span class='ocrx_word' id='word_1_249' title='bbox 752 2484 964 2538; x_wconf 57' lang='lat' dir='ltr'>Cethegus,</span> <span class='ocrx_word' id='word_1_250' title='bbox 1010 2484 1238 2539; x_wconf 61' lang='lat' dir='ltr'>Carthago,</span> <span class='ocrx_word' id='word_1_251' title='bbox 1275 2487 1450 2539; x_wconf 78' lang='lat' dir='ltr'>pulcher</span> <span class='ocrx_word' id='word_1_252' title='bbox 1480 2488 1570 2544; x_wconf 92' lang='lat' dir='ltr'>ipse</span> 
     </span>
     <span class='ocr_line' id='line_1_30' title="bbox 178 2559 605 2603; baseline 0.002 -1"><span class='ocrx_word' id='word_1_253' title='bbox 178 2559 325 2603; x_wconf 88' lang='lat' dir='ltr'>Cicero</span> <span class='ocrx_word' id='word_1_254' title='bbox 355 2566 499 2603; x_wconf 84' lang='lat' dir='ltr'>auctor</span> <span class='ocrx_word' id='word_1_255' title='bbox 529 2567 605 2603; x_wconf 84' lang='lat' dir='ltr'>est.</span> 
     </span>
    </p>

    <p class='ocr_par' dir='ltr' id='par_1_3' title="bbox 175 2637 1569 2856">
     <span class='ocr_line' id='line_1_31' title="bbox 289 2637 1569 2698; baseline 0.005 -19"><span class='ocrx_word' id='word_1_256' title='bbox 289 2637 391 2680; x_wconf 87' lang='lat' dir='ltr'>Alia</span> <span class='ocrx_word' id='word_1_257' title='bbox 435 2639 603 2682; x_wconf 88' lang='lat' dir='ltr'>codices</span> <span class='ocrx_word' id='word_1_258' title='bbox 647 2640 811 2696; x_wconf 85' lang='lat' dir='ltr'>quidem</span> <span class='ocrx_word' id='word_1_259' title='bbox 855 2640 1053 2697; x_wconf 89' lang='lat' dir='ltr'>plurimos</span> <span class='ocrx_word' id='word_1_260' title='bbox 1096 2642 1359 2698; x_wconf 81' lang='lat' dir='ltr'>refragantes</span> <span class='ocrx_word' id='word_1_261' title='bbox 1402 2643 1569 2695; x_wconf 89' lang='lat' dir='ltr'>habent,</span> 
     </span>
     <span class='ocr_line' id='line_1_32' title="bbox 177 2717 1567 2779; baseline 0.004 -20"><span class='ocrx_word' id='word_1_262' title='bbox 177 2717 252 2759; x_wconf 85' lang='lat' dir='ltr'>sed</span> <span class='ocrx_word' id='word_1_263' title='bbox 296 2730 426 2760; x_wconf 88' lang='lat' dir='ltr'>sanae</span> <span class='ocrx_word' id='word_1_264' title='bbox 468 2720 643 2762; x_wconf 83' lang='lat' dir='ltr'>rationis</span> <span class='ocrx_word' id='word_1_265' title='bbox 681 2733 812 2762; x_wconf 85' lang='lat' dir='ltr'>causa</span> <span class='ocrx_word' id='word_1_266' title='bbox 849 2719 1019 2776; x_wconf 87' lang='lat' dir='ltr'>probari</span> <span class='ocrx_word' id='word_1_267' title='bbox 1059 2720 1221 2764; x_wconf 88' lang='lat' dir='ltr'>debent.</span> <span class='ocrx_word' id='word_1_268' title='bbox 1289 2720 1382 2765; x_wconf 92' lang='lat' dir='ltr'>Non</span> <span class='ocrx_word' id='word_1_269' title='bbox 1418 2724 1567 2779; x_wconf 90' lang='lat' dir='ltr'>scripsi</span> 
     </span>
     <span class='ocr_line' id='line_1_33' title="bbox 175 2797 1565 2856; baseline 0.004 -17"><span class='ocrx_word' id='word_1_270' title='bbox 175 2797 429 2846; x_wconf 78' lang='lat' dir='ltr'>benivolum,</span> <span class='ocrx_word' id='word_1_271' title='bbox 468 2810 589 2841; x_wconf 89' lang='lat' dir='ltr'>nemo</span> <span class='ocrx_word' id='word_1_272' title='bbox 630 2800 738 2842; x_wconf 88' lang='lat' dir='ltr'>enim</span> <span class='ocrx_word' id='word_1_273' title='bbox 765 2800 978 2853; x_wconf 77' lang='lat' dir='ltr'>benificmn</span> <span class='ocrx_word' id='word_1_274' title='bbox 1004 2800 1204 2856; x_wconf 83' lang='lat' dir='ltr'>postulat:</span> <span class='ocrx_word' id='word_1_275' title='bbox 1241 2814 1279 2845; x_wconf 85' lang='lat' dir='ltr'>v.</span> <span class='ocrx_word' id='word_1_276' title='bbox 1312 2799 1465 2844; x_wconf 85' lang='lat' dir='ltr'>Gomm.</span> <span class='ocrx_word' id='word_1_277' title='bbox 1498 2801 1565 2845; x_wconf 78' lang='lat' dir='ltr'>Gr.</span> 
     </span>
    </p>
   </div>
  </div>
 </body>
</html>
