1835 3126
318 133 450 180 268
839 127 1189 174 CICERONIS

317 244 446 299 potuit
464 239 672 283 laborem:
703 245 863 296 postea,
886 247 1079 296 quantum
1104 241 1278 283 detraxit
1303 252 1353 283 ex
1375 239 1529 289 studio,
1550 244 1705 281 tantum

318 320 455 362 amisit
485 331 535 359 ex
564 317 714 371 gloria.
771 317 869 358 237.
899 316 945 358 Ρ.
974 316 1152 359 Murena
1181 319 1379 361 mediocri
1407 318 1598 373 ingenio,
1631 316 1706 359 sed

317 408 469 451 magno
507 394 641 437 studio
681 407 817 436 rerum
845 400 1048 443 veterum,
1092 394 1304 437 literarum
1344 403 1383 438 et
1414 396 1623 438 studiosus
1665 401 1705 436 et

316 488 401 518 non
437 473 669 529 imperitus,
709 471 861 514 multae
898 471 1126 513 industriae
1168 478 1207 513 et
1244 474 1384 526 magni
1420 473 1579 515 laboris
1619 474 1706 514 fuit.

320 552 364 594 C.
392 551 645 593 Censorinus
671 548 845 592 Graecis
875 549 1007 591 literis
1038 550 1141 590 satis
1169 549 1312 591 doctus
1343 550 1452 604 quod
1481 564 1707 606 proposue-

317 637 381 672 rat
423 629 635 685 explicans
677 628 863 684 expedite
900 641 983 669 non
1022 628 1261 669 invenustus
1305 633 1439 678 actor3
1483 628 1558 668 sed
1595 630 1707 670 iners

319 715 358 751 et
402 709 592 749 inimicus
630 706 723 748 fori.
791 704 840 747 L.
880 705 1033 747 Turius
1074 718 1202 760 parvo
1235 706 1424 759 ingenio,
1470 704 1543 746 sed
1582 704 1708 747 multo

317 786 464 828 labore
512 797 674 841 quoquo
718 783 840 826 modo
884 789 1044 840 poterat
1090 796 1215 839 saepe
1259 782 1435 825 dicebat.
1492 784 1630 837 itaque
1670 783 1709 824 ei

318 877 476 920 paucae
503 864 713 906 centuriae
739 862 792 904 ad
819 860 1076 904 consulatum
1101 861 1328 903 defuerunt.
1371 860 1466 902 238.
1494 858 1538 901 C.
1563 859 1712 902 Macer

320 943 562 985 auctoritate
603 954 766 996 semper
803 941 933 994 eguit,
975 939 1050 982 sed
1086 939 1161 980 fuit
1189 945 1386 994 patronus
1417 938 1709 993 propemodum

320 1021 686 1074 diligentissumus.
731 1018 873 1067 huius,
906 1019 941 1059 si
965 1019 1073 1066 vita,
1102 1018 1138 1058 si
1169 1030 1331 1066 mores,
1362 1017 1398 1057 si
1427 1016 1562 1058 vultus
1594 1016 1710 1058 ‹leni-

319 1110 396 1152 que
428 1110 510 1138 non
539 1109 699 1137 omnem
730 1096 1125 1136 commendationem
1154 1095 1295 1148 ingeni
1325 1100 1544 1144 everteret,
1575 1096 1710 1137 maius

317 1187 467 1217 nomen
498 1175 540 1215 in
569 1172 755 1228 patronis
781 1171 941 1213 fuisset.
984 1184 1067 1212 non
1093 1178 1182 1212 erat
1207 1171 1445 1221 abundans,
1476 1186 1559 1214 non
1589 1174 1709 1228 inops

319 1259 478 1301 tamen,
516 1264 598 1292 non
625 1249 748 1291 valde
780 1249 936 1297 nitens,
973 1261 1057 1290 non
1086 1247 1208 1303 plane
1238 1247 1409 1290 horrida
1439 1251 1591 1300 orati03
1632 1264 1713 1292 vox

319 1336 461 1384 gestus
504 1334 544 1370 et
582 1328 716 1370 omnis
758 1327 866 1369 actio
908 1326 997 1368 sine
1027 1325 1190 1381 lepore3
1231 1332 1272 1368 at
1311 1326 1570 1368 inveniendis
1601 1340 1714 1370 com-

322 1406 607 1464 ponendisque
637 1404 762 1447 rebus
804 1405 910 1446 mira
948 1405 1181 1454 accuratio,
1213 1410 1255 1446 ut
1284 1417 1367 1446 non
1397 1404 1523 1446 facile
1554 1407 1596 1446 in
1624 1405 1711 1449 ullo

321 1485 627 1540 diligentiorem
648 1484 927 1538 maioremque
959 1483 1247 1537 cognoverim,
1278 1482 1352 1524 sed
1383 1495 1495 1532 eam,
1526 1488 1568 1523 ut
1591 1483 1711 1525 citius

319 1564 613 1606 veteratoriam
646 1575 767 1618 quam
807 1562 1032 1603 oratoriam
1062 1561 1237 1603 diceres.
1296 1560 1363 1602 hic
1394 1561 1472 1602 etsi
1504 1561 1628 1602 etiam
1667 1562 1711 1602 in

320 1642 498 1698 publicis
529 1642 669 1683 causis
698 1639 970 1697 probabatur,
1008 1646 1146 1682 tamen
1174 1640 1217 1682 in
1245 1639 1417 1696 privatis
1444 1638 1712 1682 illustriorem

323 1720 534 1763 obtinebat
564 1719 713 1762 locum.

408 1863 466 1889 238.
504 1861 657 1895 everteret]
679 1862 848 1888 evertisset.
865 1876 899 1881 --
926 1861 1128 1895 inveniendis]
1149 1862 1177 1888 in
1197 1862 1254 1888 inv.

324 1978 477 2022 inflenz‘o
504 1974 560 2009 ed.
587 1985 637 2019 pr.
672 1973 737 2018 Lg.
763 1979 909 2018 praeter
929 1973 982 2007 ΩΟ.
1009 1973 1062 2008 53.
1085 1972 1140 2007 68.
1162 1973 1237 2015 70.,
1266 1973 1349 2007 item
1375 1972 1440 2007 Gu.
1464 1973 1493 2007 l.
1521 1974 1572 2016 (is
1596 1976 1712 2017 sine),

327 2033 419 2066 Ven.
443 2034 468 2066 Ι.
488 2031 520 2064 2.
539 2049 585 2055 ——-
614 2041 663 2063 eat
690 2029 838 2072 studio]
867 2030 914 2062 (Ie
940 2029 1073 2063 studio
1099 2028 1225 2063 Lamb.
1268 2029 1587 2074 „Praepositionis
1612 2042 1712 2064 usum

322 2090 496 2122 rariorem
516 2086 713 2121 vindicavit
735 2083 970 2129 Oudendorp.
998 2086 1032 2118 in
1052 2086 1154 2119 Caes.
1172 2084 1278 2140 B'.G‘
1300 2085 1376 2119 Vll.
1392 2086 1454 2127 45,
1471 2086 1530 2120 2⁴⁶
1561 2086 1710 2131 Meyer.

414 2144 492 2177 237.
543 2142 727 2185 Murena]
753 2143 804 2175 sic
828 2153 894 2185 per
912 2154 931 2175 e
955 2141 1046 2175 libri.
1069 2161 1108 2166 —-
1148 2140 1300 2184 Tarius]
1326 2141 1376 2174 sic
1398 2142 1500 2175 codd.
1522 2149 1557 2176 et
1580 2144 1635 2177 ed.
1658 2155 1713 2188 pr.

329 2199 495 2234 Thorius
522 2198 667 2243 Pighius
693 2203 716 2233 t.
743 2198 800 2233 ΙΙΙ.
830 2210 862 2243 p.
886 2198 964 2233 ⁴272.
990 2217 1037 2224 -——
1070 2200 1205 2242 itaque
1231 2198 1281 2241 ei]
1308 2200 1445 2243 itaque
1470 2202 1507 2232 et
1535 2198 1618 2233 libri
1645 2198 1713 2245 Lg.

324 2263 469 2301 praeter
494 2255 547 2290 53.
574 2254 628 2288 63.
658 2255 733 2296 70„
764 2255 846 2288 item
872 2254 965 2288 Ven.
993 2256 1022 2288 l.
1056 2253 1140 2288 Vnt.
1179 2253 1247 2288 Gn.
1274 2255 1302 2288 l.

415 2314 492 2349 233.
546 2313 584 2349 F.
603 2311 758 2354 Macer]
784 2310 932 2344 Cancer
950 2311 1005 2345 ed.
1024 2322 1078 2354 pr.
1100 2316 1135 2344 et
1151 2310 1273 2352 codd„
1293 2316 1328 2344 ut
1342 2310 1501 2351 videtur,
1519 2321 1651 2344 omnes.
1668 2331 1713 2335 ——

325 2369 723 2411 commenclationem]
751 2368 1109 2401 commendatorem
1135 2367 1190 2401 ecl.
1214 2378 1265 2411 pr.
1280 2385 1323 2392 ·—
1353 2367 1496 2411 inqem’]
1524 2367 1575 2399 sic
1595 2366 1658 2411 Lg.
1677 2368 1712 2402 8.

324 2428 378 2462 51.
398 2427 452 2461 58.
489 2427 577 2459 Ven.
601 2427 628 2459 1.
646 2444 693 2449 -—-
727 2425 926 2466 everteret]
953 2427 1153 2457 evm-timet
1177 2423 1307 2456 inutilis
1333 2423 1538 2456 coniectura
1556 2422 1713 2465 Ernesti,

325 2484 456 2518 dudum
481 2481 685 2527 improbata
704 2480 891 2514 Garatono
917 2480 961 2514 ad
982 2480 1061 2514 Mil.
1087 2480 1138 2514 17.
1166 2492 1200 2524 p.
1218 2479 1295 2514 217.
1346 2479 1389 2513 V.
1419 2484 1544 2512 nostra
1568 2479 1603 2512 in
1623 2477 1712 2512 Bill-

325 2540 434 2574 rothii
460 2539 615 2572 Granun.
641 2537 721 2571 Lat.
750 2549 783 2582 p.
808 2537 905 2577 27ss.;
940 2541 1073 2569 certum
1108 2542 1162 2569 est
1194 2536 1287 2569 enim
1319 2535 1413 2569 illam
1447 2546 1551 2579 qnam
1578 2541 1713 2569 vocant

326 2594 529 2640 ἐναλλαγὴν
546 2594 747 2640 imperfecti
767 2600 803 2628 et
820 2592 1159 2638 plusquaulpersecti
1181 2592 1285 2626 aliter
1304 2603 1345 2625 ac
1362 2602 1428 2625 nos
1447 2591 1595 2625 fecimus
1613 2596 1714 2624 recte

326 2652 500 2699 explicari
525 2663 597 2688 non
619 2662 741 2697 posse.
757 2670 802 2678 —
836 2650 1090 2694 inveniendis]
1120 2654 1203 2683 aute
1227 2648 1297 2684 hoc
1321 2651 1362 2685 in
1386 2659 1456 2684 0111.
1480 2648 1536 2683 ed.
1555 2658 1610 2692 pr.
1642 2645 1710 2693 Lg.
