1835 3126
558 188 818 235 BRUTUS
858 189 976 235 CAP.
1007 193 1073 236 32.
1379 195 1514 242 209

125 303 334 347 audivisse
374 301 497 344 etiam
538 300 839 345 Demosthenes
874 303 1046 346 dicitur:
1092 304 1214 360 idque
1256 312 1426 362 apparet
1463 319 1514 350 ex

122 393 275 437 genere
315 386 355 422 et
392 379 625 435 granditate
662 380 896 424 verborum.
955 383 1053 425 dicit
1094 384 1217 425 etlam
1257 384 1300 425 in
1335 385 1513 440 quadam

121 457 299 515 epistola
328 458 406 502 hoc
445 460 534 515 ipse
566 458 616 501 de
647 472 753 501 sese.
815 459 889 502 sed
920 467 959 502 et
988 460 1107 504 huius
1138 462 1270 504 oratio
1307 463 1349 504 in
1378 462 1513 519 philo-

120 535 308 593 sophiam
349 537 554 579 translata
588 540 835 594 pugnacior,
876 544 918 580 ut
960 540 1018 581 ita
1055 539 1212 589 dicam,
1249 540 1431 592 videtur,
1472 547 1513 584 et

118 614 283 657 illorum
314 616 357 656 in
386 616 543 658 iudicia
571 618 770 672 pacatior.

230 691 413 735 XXXII.
467 694 561 735 122.
614 693 731 737 Nunc
781 694 1032 750 reliquorum
1082 700 1291 738 oratorum
1338 703 1511 748 aetates,

120 771 157 813 si
197 770 354 827 placet,
398 778 436 814 et
477 772 633 827 gradus
676 785 985 828 persequamur.
1043 771 1174 814 Nobis
1216 786 1337 823 vero,
1382 776 1513 830 inquit

116 849 301 899 Atticus,
342 856 381 893 et
418 849 683 893 vehementer
717 849 903 904 quidem,
943 855 986 890 ut
1021 862 1095 904 pro
1125 848 1252 892 Bruto
1284 852 1408 893 etiam
1445 865 1515 894 re-

119 928 357 984 spondeam.
418 926 543 968 Curio
586 926 661 967 suit
699 927 825 980 igitur
862 925 1048 967 eiusdem
1090 928 1239 968 aetatis
1279 927 1367 969 fere
1408 942 1511 972 sane

117 1006 291 1047 illustris
336 1011 496 1053 orator,
548 1005 665 1046 cuius
716 1003 765 1045 de
810 1004 978 1058 ingenio
1023 1017 1074 1046 ex
1117 1004 1374 1048 orationibus
1420 1007 1512 1050 eius

119 1083 358 1126 existumari
386 1088 531 1138 potest.
592 1080 697 1123 Sunt
725 1083 833 1124 enim
860 1087 899 1124 et
928 1082 1039 1124 aliae
1070 1088 1109 1124 et
1139 1094 1213 1139 pro
1241 1081 1332 1126 Ser.
1363 1082 1511 1128 Fulvio

117 1161 167 1204 de
211 1162 372 1203 incestu
421 1159 576 1202 nobilis
624 1160 771 1202 oratio.
838 1159 961 1202 nohis
1007 1161 1170 1217 quidem
1220 1163 1360 1218 pueris
1403 1161 1511 1206 haee

115 1240 293 1282 omnium
324 1245 488 1294 optuma
516 1237 754 1295 putabatur,
787 1251 893 1294 quae
917 1240 987 1281 vix
1015 1240 1098 1280 iam
1123 1236 1404 1296 comparet'in
1427 1240 1509 1285 hac

112 1317 234 1360 turba
269 1330 469 1360 novorum
500 1317 763 1360 voluminum.
825 1317 919 1359 123.
959 1316 1204 1368 Praeclare,
1243 1319 1374 1374 inquit
1403 1318 1509 1362 Bru-

111 1402 197 1445 tus,
245 1402 366 1438 teneo
415 1397 484 1451 qui
526 1396 649 1438 istam
691 1394 852 1437 turbam
895 1395 1147 1438 voluminum
1191 1395 1387 1440 effecerit.
1447 1396 1513 1455 Et

115 1486 215 1529 ego:
255 1473 472 1528 intellego,
510 1474 714 1536 inquam,
736 1472 887 1532 Brute,
911 1487 1042 1535 Αφιφτη
1061 1473 1217 1529 ὲ,(1,ἰ,(;ζσιε,,;,
1257 1482 1367 1518 certe
1399 1477 1509 1518 enIm

113 1559 153 1594 et
187 1534 286 1594 Boni
316 1535 480 1608 ¹‘aliq-uid
506 1535 723 1594 >attulimus
759 1553 976 1601 iuventuti,
1016 1552 1347 1607 magnificentius
1385 1567 1509 1609 quam

111 1630 245 1673 fuerat
280 1643 412 1685 genus
452 1630 616 1672 dicendi
658 1637 697 1672 et
735 1632 940 1681 ornatius3
983 1637 1022 1672 et
1058 1633 1273 1673 nocuimus
1310 1631 1506 1683 fortasse,

112 1709 223 1764 quod
258 1716 422 1752 veteres
462 1709 673 1751 orationes
710 1715 803 1765 post
834 1714 1023 1758 nostras,
1062 1721 1146 1750 non
1184 1721 1211 1750 a
1238 1722 1303 1751 me
1341 1710 1506 1764 quidem

111 1789 235 1840 (meis
274 1789 383 1830 enim
423 1786 522 1829 Illas
562 1787 806 1843 antepono),
850 1786 926 1828 sed
968 1799 994 1828 a
1034 1785 1245 1842 plerisque
1288 1786 1373 1843 legi
1413 1794 1507 1834 sunt

198 1934 257 1960 122.
294 1931 449 1967 intelle-90,
470 1931 607 1967 inquam]
628 1932 761 1967 lnquam,
782 1931 926 1965 intelligo.

101 2045 354 2095 philosophi,
379 2047 417 2081 εἰ
442 2044 590 2081 Graece
614 2044 820 2092 loquatur,
846 2050 905 2083 sz‘c
929 2046 1057 2092 loqui,
1081 2047 1192 2092 plane
1216 2047 1401 2085 dissentio.
1439 2047 1504 2083 Vis

106 2105 310 2139 sententiae
329 2103 422 2137 inest
442 2103 477 2137 in
497 2106 576 2142 sic,·
596 2103 892 2148 praeponendum
906 2105 1024 2149 igitur.
1040 2123 1086 2129 —
1111 2104 1366 2147 lectitavisse]
1388 2104 1506 2138 lecta-

107 2164 208 2195 vz’sse
233 2160 300 2194 Gn.
325 2160 354 2193 l.
396 2158 488 2192 Mox
514 2159 713 2194 audivisse
737 2171 805 2193 om.
827 2159 883 2194 ed.
904 2171 956 2204 pr.
978 2178 1025 2185 --
1049 2159 1222 2205 epistola
1248 2170 1315 2204 per
1332 2171 1358 2194 u
1381 2159 1448 2206 Lg.
1469 2159 1502 2194 8.

108 2216 162 2250 51.
188 2236 233 2241 —
262 2215 472 2257 translata]
500 2214 650 2248 tralata
674 2214 739 2260 Lg.
766 2216 800 2249 8.
825 2215 879 2250 35.
906 2214 960 2249 39.
986 2215 1041 2249 51.
1068 2215 1121 2249 53.
1148 2215 1202 2258 58,

200 2269 349 2305 XXXII.
400 2269 477 2305 122.
519 2273 823 2316 persequamur]
843 2283 1005 2318 proseq.
1032 2270 1097 2316 Lg.
1117 2270 1172 2306 20.
1196 2269 1250 2305 51.
1271 2269 1325 2306 53.
1353 2269 1437 2305 Vat.
1456 2289 1503 2296 -—

109 2329 248 2374 inquit]
276 2339 344 2361 oin.
371 2326 438 2372 Lg.
464 2338 609 2370 omnes,
634 2327 669 2361 in
694 2327 747 2362 20.
771 2328 853 2363 add.
880 2347 926 2353 —
961 2330 1108 2362 aetatis
1131 2327 1234 2372 fere]
1259 2327 1331 2361 inv.
1357 2326 1423 2372 Lg.
1442 2326 1500 2362 20.

109 2392 144 2420 et
165 2384 360 2419 Corradus.
378 2403 424 2408 —
450 2382 695 2419 orationibus
720 2386 821 2428 eius]
849 2395 917 2419 om.
937 2384 1102 2425 Ascens.‚
1128 2383 1194 2418 sed
1220 2389 1346 2417 tenent
1367 2382 1422 2416 ed.
1445 2393 1501 2428 pr.

109 2448 144 2476 et
167 2441 260 2475 libri.
288 2460 332 2465 —
372 2441 627 2484 eoeistumari]
657 2440 708 2474 sic
732 2440 799 2486 Lg.
825 2440 857 2477 8.
885 2441 937 2475 51.
964 2440 1018 2474 58.
1044 2440 1097 2474 70.
1122 2457 1170 2467 ι-
1203 2439 1300 2473 haec
1325 2441 1501 2473 omnium

108 2498 284 2545 optuma]
324 2496 420 2530 haec
458 2508 525 2530 om.
562 2496 689 2532 Lamb.
727 2497 825 2532 1584.
872 2497 974 2532 Grut.
1034 2495 1358 2540 Interpolationem
1392 2494 1503 2529 habet

108 2555 174 2601 Lg.
195 2554 268 2588 20.:
294 2553 390 2588 haec
410 2555 518 2587 omni
532 2553 758 2600 putabatur
783 2554 901 2589 laude
922 2552 1083 2599 referta.
1125 2551 1302 2599 Optuma
1322 2551 1502 2598 praebue-

107 2617 188 2645 runt
212 2610 278 2657 Lg.
305 2610 359 2645 51.
385 2608 439 2645 68.
465 2630 509 2635 —
547 2621 738 2646 novorum
762 2610 1020 2654 voluminum]
1048 2610 1120 2644 inv.
1147 2608 1194 2643 D.

202 2666 276 2701 123.
325 2666 520 2712 intellego]
546 2666 612 2713 Lg.
631 2670 664 2703 8.
682 2668 737 2703 39.
758 2668 813 2702 51.
841 2666 916 2703 Ott.
957 2666 1141 2701 Schuetzii
1162 2670 1198 2700 et
1218 2664 1369 2699 aliorum
1388 2660 1501 2696 collo·

109 2725 288 2761 canonem
305 2729 449 2760 secutus
466 2723 613 2772 scripsi:
633 2729 670 2761 et
688 2735 779 2773 eqo.-
800 2725 1000 2773 intellqu,
1018 2726 1181 2769 inquam
1188 2735 1203 2762 ,·
1226 2721 1338 2766 vulgo
1360 2723 1397 2754 et
1414 2727 1498 2763 39⁰,

1168 2788 1223 2832 14
