1835 3126
352 257 433 301 AD
466 256 577 300 CIC.
608 257 873 302 BRUTUM
905 260 1022 305 CAP.
1053 262 1118 305 76.
1151 263 1216 306 77.
1377 264 1485 309 412

94 371 223 411 erravi
253 370 345 410 olim
374 372 473 411 hunc
498 372 660 413 eundem
685 379 843 426 putam,
873 375 938 426 qui
959 375 1016 415 M.
1043 375 1233 416 Scaurum
1257 376 1316 417 M.
1340 376 1383 416 F.
1414 389 1481 417 ac-

93 437 287 477 cusaverit
329 437 556 479 defendente
602 441 819 490 Cicerone;
868 443 1041 482 correxit
1082 454 1255 483 errorem
1295 443 1481 496 Meyerus

91 503 299 543 secundum
327 505 537 546 Asconium
565 508 605 546 in
634 508 772 548 Scaur.
802 521 839 560 p.
870 511 932 549 19.

203 571 374 610 lucratae
402 574 610 624 senectutis]
642 587 677 613 v.
708 575 748 612 iu
779 586 810 614 c.
841 576 913 623 43,
947 577 1040 616 161.

203 638 298 678 266.
358 639 401 676 de
428 640 532 689 pace]
577 640 778 681 Ciceronis
809 640 856 680 de
884 654 982 693 pace
1012 642 1281 682 conservanda
1308 643 1480 683 auctori-

90 707 189 743 tates
219 704 355 743 landat
377 705 563 756 Meyerus
594 706 748 747 Divers.
779 707 841 748 lv.
865 710 927 748 14.
959 709 1021 750 VI.
1044 710 1082 749 6.
1114 709 1216 750 XVI.
1240 712 1304 748 12.

197 770 392 810 LXXVII.
453 773 547 810 267.
606 777 666 811 Μ.
693 774 862 824 Bibulus]
896 775 1079 814 Caesaris
1108 775 1147 813 in
1171 775 1374 815 consulatu
1397 776 1480 815 col-

86 834 182 885 lega
211 834 261 874 ad
287 835 492 876 tacendum
522 838 571 877 ab
601 838 672 879 illo
704 845 861 879 coactus
894 852 966 893 per
994 842 1187 882 iniuriam.
1244 843 1356 883 Anno
1384 844 1479 883 703.

87 902 243 952 Syriam
278 904 380 943 rexit
410 905 505 943 satis
543 906 687 956 ignave
715 906 948 946 Parthorum
977 913 1066 959 post
1097 908 1280 948 Crassum
1310 909 1480 948 occisum

85 968 329 1009 incursiones
367 976 550 1011 metuens.
609 972 723 1012 Bello
762 972 867 1011 civili
906 973 1024 1011 classi
1061 974 1324 1024 Pompeianae
1361 985 1479 1025 prae-

85 1036 235 1086 positus
263 1038 425 1076 moritur
454 1050 489 1076 a.
518 1039 619 1078 706:
647 1050 683 1078 v.
715 1037 830 1077 Caes.
859 1038 904 1077 B.
927 1038 1008 1078 Civ.
1036 1038 1102 1077 111.
1136 1039 1201 1077 18.

197 1104 271 1152 Ap.
301 1103 492 1152 Glaudtus]
525 1102 660 1142 consul
690 1114 725 1141 a.
751 1104 846 1142 700.
907 1103 1087 1143 Ciliciam
1117 1115 1218 1143 anno
1250 1108 1339 1143 ante
1368 1103 1480 1144 Cice-

84 1179 217 1207 ronem
241 1169 343 1208 rexit
366 1169 607 1209 avarissime.
649 1169 845 1210 Reversus
871 1170 952 1210 aP.
969 1170 1184 1210 Dolabella
1206 1175 1243 1209 et
1265 1171 1479 1210 maiestatis

84 1239 122 1274 et
160 1236 324 1274 ambitus
355 1241 580 1285 accusatus,
620 1235 689 1276 sed
716 1236 838 1275 Bruto
879 1241 917 1275 et
944 1236 1152 1276 Hortensio
1183 1236 1479 1277 defendentihus

84 1303 280 1342 annitente
302 1303 510 1355 Pompeio,
553 1304 660 1342 cuius
701 1303 770 1343 Cn.
800 1302 902 1342 filius
932 1304 1051 1355 Appii
1082 1303 1203 1343 filiam
1236 1304 1401 1344 alteram
1438 1305 1478 1344 in

84 1369 328 1409 matrimonio
359 1370 548 1418 habebat,
581 1369 781 1410 absolutus
813 1375 850 1409 et
880 1381 1019 1410 censor
1047 1375 1200 1410 creatus
1231 1376 1289 1410 est
1318 1384 1353 1410 a.
1383 1371 1478 1413 705.

82 1437 182 1474 Ante
225 1447 397 1487 pugnam
439 1437 708 1476 Pharsalicam
752 1437 887 1477 morbo
932 1437 1060 1489 periit.
1127 1438 1235 1478 Haec
1277 1438 1478 1489 Meyerus.

82 1501 177 1542 Eius
221 1502 261 1541 in
304 1502 507 1542 consulatu
552 1503 709 1554 collega
750 1503 823 1543 suit
864 1504 910 1543 L.
948 1504 1140 1543 Domitius
1180 1504 1478 1554 Ahenobarbus,

83 1569 217 1619 gravis
247 1568 430 1609 Caesaris
467 1570 751 1618 adversarium·
782 1583 806 1610 a
842 1583 919 1623 quo
958 1582 1040 1610 cum
1073 1570 1234 1612 Corfinii
1267 1577 1403 1623 captus
1441 1577 1478 1612 et

83 1635 262 1676 dimissus
302 1642 424 1685 esset,
471 1637 576 1689 apud
612 1637 845 1678 Pharsalum
883 1639 1042 1678 Antonii
1085 1650 1200 1677 manu
1239 1638 1396 1678 cecidit:
1439 1651 1475 1679 v.

82 1703 196 1743 Caes.
225 1704 270 1743 B.
303 1704 386 1744 Civ.
416 1704 483 1744 III.
513 1705 580 1745 98.

196 1772 291 1812 268,
351 1771 424 1808 dno
453 1771 619 1820 Lentuli]
652 1771 693 1811 P.
716 1770 903 1811 Lentulus
931 1771 1116 1823 Spinther
1146 1770 1283 1810 consul
1312 1782 1398 1810 cum
1427 1770 1474 1821 Q.

81 1838 247 1878 Metello
273 1837 423 1889 Nepote
453 1837 500 1877 de
523 1838 712 1878 Cicerone
742 1838 876 1878 exsule
906 1837 1143 1877 restituendo
1170 1837 1313 1888 optime
1338 1837 1478 1876 meruit

82 1917 117 1943 a.
141 1906 238 1944 697.
284 1904 445 1945 Corfinii
475 1918 499 1944 a
522 1905 694 1945 Caesare
718 1910 852 1956 captus
884 1909 921 1943 et
950 1903 1129 1942 dimissus
1150 1903 1327 1956 Pompeii
1351 1904 1477 1956 parti-

81 1972 152 2010 bus
183 1982 225 2010 se
255 1971 429 2010 adiunxit
459 1976 495 2010 et
523 1971 561 2009 in
591 1972 771 2023 Aegypto
803 1976 975 2011 mortuus
1007 1975 1064 2009 est
1094 1983 1130 2009 a.
1161 1972 1264 2011 707:
1302 1984 1337 2012 v.
1369 1971 1475 2010 Dru-

81 2050 206 2077 mann.
234 2038 331 2077 Hist.
356 2037 404 2077 R.
435 2042 462 2078 t.
486 2037 533 2077 II.
562 2050 599 2090 p.
619 2039 714 2078 533.
774 2038 885 2078 Alter
913 2037 1102 2077 Lentulus
1133 2041 1190 2075 est
1217 2037 1262 2077 L.
1285 2037 1474 2077 Lentulus

81 2105 193 2146 Crus.
219 2116 298 2144 cos.
317 2117 352 2144 a.
370 2105 472 2153 705,
498 2105 565 2156 qui
588 2110 751 2157 propter
775 2105 879 2144 aeris
902 2104 1023 2142 alieni
1045 2103 1122 2143 vim
1143 2103 1249 2143 bello
1274 2103 1380 2144 civili
1405 2115 1473 2144 ex-

81 2171 235 2211 citando
257 2171 404 2211 favisse
425 2171 564 2211 fertur.
595 2171 691 2211 Cum
705 2171 891 2223 Pompeio
914 2169 1114 2221 iugulatus
1139 2174 1197 2209 est
1218 2171 1258 2209 in
1271 2171 1474 2224 Aegypto;

81 2251 114 2278 v.
142 2238 274 2277 Drum.
303 2237 330 2276 l.
358 2249 389 2276 c.
420 2249 458 2289 p.
487 2237 584 2277 548.

191 2308 231 2342 in
260 2317 299 2342 re
321 2304 481 2354 publica]
514 2303 686 2343 abutitur
713 2304 787 2343 hoc
809 2303 899 2344 loco
921 2304 1108 2355 Meyer-us
1139 2315 1261 2354 genus
1288 2304 1474 2345 iudiciale

80 2370 232 2410 dicendi
260 2370 516 2411 deliberativo
541 2372 664 2410 maius
695 2376 731 2410 et
761 2371 956 2410 difficilius
981 2382 1067 2410 esse
1096 2372 1345 2423 probaturus,
1395 2371 1475 2412 Sed

82 2439 220 2480 Cicero
244 2437 341 2477 nihil
364 2437 472 2477 aliud
495 2437 599 2486 dicit,
621 2450 736 2490 quam
751 2437 918 2478 Lentulo
942 2442 1089 2477 tantum
1107 2438 1229 2477 fuisse
1251 2438 1472 2486 facundiae,

82 2511 265 2558 quantum
305 2505 453 2545 habere
498 2506 702 2546 conveniat
743 2506 868 2546 virum
917 2505 977 2543 rei
1019 2504 1202 2556 publicae
1242 2505 1471 2557 principem.

80 2572 260 2613 Ceterum
294 2572 367 2612 illa
403 2572 467 2610 sed
497 2572 684 2622 coyitandi
723 2585 796 2610 non
827 2571 970 2619 ferebat
998 2571 1162 2609 laborem
1199 2570 1473 2622 distinguenda

81 2645 186 2690 sunt,
227 2645 268 2680 ut
306 2639 480 2679 fecimus.
550 2639 649 2679 Sunt
687 2640 786 2679 enim
821 2634 1078 2692 παρὲνθετα
1113 2643 1151 2677 et
1188 2638 1360 2677 minuunt
1396 2638 1473 2678 vim

79 2707 393 2760 praecedentium
421 2708 517 2744 satis
539 2712 620 2744 erat
648 2706 761 2754 fortis
784 2712 930 2750 orator,
961 2707 995 2742 si
1022 2705 1131 2743 modo
1157 2711 1305 2743 orator:
1338 2709 1473 2744 orator

82 2774 181 2814 enim
221 2773 418 2826 cogitandi
462 2773 637 2815 laborem
677 2773 816 2825 sugere
860 2784 937 2813 non
978 2770 1102 2814 dehet.
1170 2772 1238 2813 Sic
1281 2771 1472 2811 sententia

1136 2848 1193 2891 27
