1835 3126
242 208 358 254 144
454 202 651 247 BREVIS
682 201 1075 256 ELOQUENTIAE
1105 202 1239 248 ROM.
1271 203 1413 247 HIST.

238 321 391 361 nescius
427 316 656 365 exercendi,
693 322 733 357 ut
772 319 825 358 ait
859 319 1018 358 Tacitus
1045 315 1132 370 (⁴⁰),
1175 324 1212 359 et
1242 323 1369 360 recte:
1408 329 1485 358 non
1525 317 1628 370 quod

240 386 396 437 ingenio
435 384 560 423 minor
593 383 810 433 videretur,
853 384 922 423 sed
960 386 1053 436 quia
1086 391 1316 437 potestatem
1351 386 1459 425 illam
1493 397 1630 438 parum

240 453 390 493 civilem
431 456 599 503 putaret.
666 450 838 499 Deinde,
883 463 968 490 cnm
1010 463 1073 490 res
1113 452 1214 491 domi
1255 453 1430 504 forisque
1467 452 1630 502 egregie

239 520 445 571 gessisset,
474 518 646 569 privatus
675 518 867 569 reliquam
890 518 1006 558 vitam
1032 519 1111 568 egit
1139 519 1178 557 in
1200 519 1344 558 literis:
1378 525 1420 559 ut
1441 522 1632 569 Augusto,

241 589 274 626 si
297 599 373 625 non
399 585 707 636 acceptissimus,
738 590 865 623 tamen
886 585 1204 624 honoratissimus
1227 587 1450 626 haberetur.
1491 587 1633 626 Lectus

241 659 298 692 cst
338 653 437 691 enim
476 664 499 690 a
538 656 696 698 senatu,
737 652 802 702 qui
830 652 1046 701 Augustum
1081 656 1229 703 patrem
1266 654 1420 704 patriae
1451 653 1633 691 consalu-

239 726 341 760 taret
367 717 447 770 (41).
508 719 689 758 Mortuus
731 724 787 757 est
824 730 924 757 anno
956 718 1058 766 757,
1095 723 1301 770 postquam
1338 718 1488 757 duobus
1525 719 1635 756 annis

241 793 330 827 ante
356 799 404 826 ex
423 786 535 835 gravi
560 786 693 824 morbo
718 786 903 834 omnium,
930 787 1044 825 etiam
1070 786 1234 824 nominis
1254 785 1395 825 oblitus
1411 782 1633 836 suerat(⁴¹2).

352 855 488 894 Mores
518 852 736 892 Messallae
765 853 934 892 candore
965 858 1001 892 et
1026 853 1208 892 libertate
1240 852 1336 892 adeo
1366 853 1634 904 praestabant,

243 926 281 961 ut
312 921 390 960 alio
422 919 552 959 seculo
585 919 728 969 dignae
757 919 992 960 viderentur.
1039 920 1217 959 Cassium
1242 920 1340 958 enim
1363 919 1636 970 imperatorem

243 1000 353 1028 suum
381 987 513 1039 palam
540 986 783 1038 praedicavit
810 983 879 1037 (⁴²³)
913 992 949 1026 et
980 999 1111 1026 coram
1137 987 1313 1036 Augusto
1346 986 1516 1025 Caesare
1541 998 1635 1038 pro-

240 1055 341 1093 fiteri
385 1065 501 1092 ausus
540 1059 597 1092 est
643 1065 728 1092 sese
768 1065 919 1105 semper
958 1054 1092 1105 optimi
1129 1054 1313 1104 cuiusque
1356 1054 1479 1105 partis
1525 1053 1636 1105 sequi

242 1121 414 1167 solitum,
453 1132 536 1158 cum
570 1121 609 1158 in
646 1121 783 1159 castris
815 1121 926 1159 Bruti
965 1126 1001 1159 et
1026 1120 1152 1160 Cassii
1189 1120 1327 1158 suisset
1363 1125 1399 1159 et
1428 1121 1636 1159 Antonium

243 1193 394 1227 secutus
437 1191 558 1233 esset,
601 1191 688 1225 ante
728 1199 841 1237 quam
872 1186 921 1225 ad
952 1186 1232 1226 Caesarianam
1263 1198 1418 1225 causam
1449 1198 1534 1226 sese
1565 1199 1636 1238 ap-

240 1256 418 1307 plicaret.
476 1253 625 1293 Plinius
654 1258 780 1292 autem
809 1253 1050 1303 indignatum
1080 1258 1236 1301 narrat,
1277 1252 1380 1305 quod
1411 1252 1636 1292 adulatores

242 1322 392 1360 alienas
438 1321 698 1360 Laevinorum
740 1321 930 1371 imagines
976 1321 1082 1371 genti
1129 1321 1251 1372 ipsius
1303 1321 1520 1359 insererent
1549 1318 1636 1371 (⁴⁴).

241 1389 322 1428 Nec
365 1388 542 1439 profecto
585 1393 702 1438 poeta
744 1388 1006 1427 Romanorum
1049 1388 1276 1426 tenerrimus
1322 1387 1501 1425 Tibullus
1551 1399 1636 1426 eum

240 1459 349 1494 tanta
380 1455 541 1493 caritate
566 1453 765 1504 amplexus
788 1454 910 1500 soret,
941 1453 1016 1491 nisi
1038 1453 1176 1492 fuisset
1198 1465 1242 1492 eo
1270 1454 1396 1491 animo
1423 1452 1637 1505 praeditus,

243 1523 309 1573 qui
350 1520 554 1571 dignorum
585 1532 754 1559 amorem
789 1525 825 1559 et
847 1520 1012 1558 sentiret
1042 1524 1078 1558 et
1106 1521 1196 1572 pari
1225 1519 1412 1560 beneficio
1442 1519 1636 1561 redderet.

241 1589 302 1628 De
335 1588 459 1627 literis
498 1592 624 1626 autem
653 1587 838 1628 Romanis
879 1591 915 1625 et
950 1587 1168 1627 hominibus
1207 1587 1373 1627 literatis
1413 1598 1457 1626 eo
1501 1587 1637 1626 melius

243 1656 430 1694 meruisse
459 1654 631 1702 videtur,
672 1667 787 1705 quam
816 1654 970 1699 Pollio,
1003 1667 1078 1706 quo
1112 1656 1174 1695 hic
1202 1655 1541 1705 vaniloquentior,
1568 1654 1639 1693 ille

242 1722 454 1762 modestior
482 1721 566 1760 suit.
627 1721 840 1761 Maecenas
871 1726 1015 1770 autem,
1048 1734 1129 1761 cum
1161 1727 1197 1761 et
1226 1722 1479 1761 maximarum
1507 1732 1638 1760 rerum

244 1801 338 1829 cura
383 1788 577 1827 districtus
620 1793 815 1828 teneretur
860 1793 896 1826 et
938 1794 1130 1840 perpetua
1162 1788 1384 1828 valetudine
1425 1788 1639 1837 laboraret,

242 1856 367 1895 literis
410 1855 534 1904 magis
578 1854 681 1905 quod
715 1854 908 1893 hominum
944 1855 1234 1904 ingeniosorum
1273 1868 1345 1894 usu
1376 1855 1641 1895 oblectaretur

242 1923 360 1970 favit,
393 1934 504 1973 quam
540 1921 645 1972 quod
673 1921 899 1971 dignitatem
922 1932 1054 1959 earum
1078 1927 1183 1960 recte
1205 1922 1480 1973 perspexisset.
1525 1922 1638 1961 Mes-

244 1989 348 2029 salla
389 2000 466 2027 non
503 1987 616 2027 modo
656 1993 791 2027 orator
829 1987 921 2036 fuit,
963 1987 1031 2026 sed
1074 1988 1188 2026 etiam
1220 1989 1392 2026 carmina
1420 1987 1536 2036 fecit,
1574 1999 1638 2027 res

244 2056 518 2106 grammaticas
548 2059 731 2094 accurate
759 2059 1025 2106 perscrutatus
1053 2059 1131 2104 est,
1160 2055 1363 2094 historiam
1394 2066 1469 2094 non
1501 2055 1640 2095 leviter

336 2173 395 2216 40)
433 2173 524 2206 Αηη.
548 2171 611 2207 VI.
641 2172 691 2206 ll.
809 2172 868 2215 41)
907 2172 1008 2208 Suet.
1033 2173 1122 2219 Aug.
1149 2173 1203 2208 58.
1253 2173 1410 2210 Quando
1439 2173 1570 2207 sactum
1594 2175 1640 2208 sit

244 2241 318 2266 non
344 2233 495 2263 constat.
548 2228 784 2263 casaubonus
809 2229 831 2263 l.
858 2240 888 2263 c.
914 2229 1054 2275 lapides
1079 2229 1228 2274 protulit
1253 2240 1331 2263 rem
1355 2229 1543 2263 undecimo
1568 2229 1641 2262 Au-

246 2287 338 2332 gusti
363 2284 560 2319 consulatui
586 2285 832 2330 assignantes,
857 2286 879 2320 i.
899 2296 928 2319 e.
952 2297 983 2320 a.
1006 2285 1082 2321 731.
1131 2286 1200 2319 Alii
1226 2286 1410 2320 consulem
1428 2285 1639 2320 Messallam

248 2354 280 2377 a.
307 2342 374 2375 758
402 2353 445 2375 eo
472 2340 613 2375 honore
638 2340 795 2375 sunctum
822 2342 1010 2376 dixerunt:
1045 2342 1110 2376 sed
1139 2348 1223 2376 tunc
1242 2343 1313 2376 iam
1338 2343 1535 2376 exstinctus
1562 2348 1641 2376 erat

247 2399 328 2440 ille,
355 2398 398 2431 de
418 2409 488 2441 quo
514 2409 581 2431 nos
602 2403 807 2432 tractamus.
854 2397 935 2432 Nec
959 2398 1068 2431 video
1095 2410 1156 2432 cur
1186 2410 1207 2432 a
1231 2404 1540 2432 monumentorum
1566 2397 1641 2431 fide

248 2454 483 2488 discedamus.
525 2454 563 2487 Si
582 2455 707 2488 consul
737 2466 780 2488 eo
802 2466 896 2488 anno
915 2452 1093 2487 Messalla
1112 2460 1209 2497 erat,
1235 2454 1352 2488 honor
1376 2454 1436 2487 ille
1461 2454 1492 2487 ei
1514 2454 1640 2488 deberi

246 2511 457 2551 videbatur,
484 2516 518 2543 et
540 2521 606 2544 nec
630 2511 701 2556 legi
727 2522 749 2543 a
768 2516 894 2545 senatu
913 2521 990 2545 eum
1017 2522 1107 2555 opus
1126 2516 1222 2552 erat,
1249 2511 1346 2556 quod
1372 2511 1407 2544 in
1431 2510 1640 2543 consulibus

246 2567 464 2613 ignobilibus
487 2567 630 2611 placere
649 2568 784 2612 potuit,
809 2579 876 2601 nec
895 2567 931 2601 id
948 2567 1141 2601 Suetonius
1159 2570 1339 2602 tacuisset.
1458 2566 1517 2609 42)
1543 2566 1637 2602 Plin.

246 2623 291 2657 Η.
309 2623 355 2658 N.
372 2622 450 2655 Vll.
466 2623 520 2656 ‘2-1.
563 2623 622 2657 De
641 2623 840 2658 Messallae
861 2624 1035 2669 progenie
1058 2623 1142 2657 vide
1159 2623 1301 2657 Rulmk.
1320 2623 1366 2658 ad
1384 2622 1480 2657 Vell.
1500 2621 1542 2655 ll.
1562 2621 1636 2655 112.

248 2679 365 2725 lntpp.
386 2677 494 2713 Ovid.
514 2678 621 2714 Pom.
641 2679 686 2716 ll.
707 2680 747 2724 2,
764 2680 818 2715 87.
852 2680 913 2714 111.
939 2679 960 2713 2
991 2679 1064 2715 init.
1087 2679 1253 2714 Masson.
1279 2681 1343 2714 vit.
1367 2677 1478 2715 ovid.
1503 2689 1537 2723 p.
1562 2677 1636 2713 107.

248 2735 307 2779 43)
333 2735 418 2770 Tac.
435 2735 527 2770 Ann.
546 2734 605 2771 lv.
624 2736 677 2772 34.
800 2737 859 2783 44)
888 2737 982 2774 Ptin.
1001 2735 1045 2771 Π.
1062 2735 1111 2772 Ν.
1130 2735 1284 2771 XXXV.
1303 2735 1335 2772 2.
