1835 3126
275 213 362 258 32
482 205 677 251 BREVIS
707 203 1101 258 ELOQUENTIAE
1130 206 1266 250 ROM.
1297 207 1439 251 HIST.

276 339 300 365 a
325 325 370 373 Q.
392 318 597 373 Pompeio,
630 330 794 371 quocum
823 324 992 360 veterem
1019 321 1324 362 familiaritatem
1353 322 1565 371 habuerat,
1596 322 1664 362 de-

275 396 406 443 ceptus
444 386 641 439 repulsam
678 385 766 425 tulit
795 387 1142 440 magistratumque
1172 401 1271 429 anno
1301 388 1449 429 demum
1479 395 1665 440 sequente

272 457 394 508 gessit
432 454 486 505 (a.
517 453 633 504 614).
690 452 897 505 Pompeius
937 455 1055 504 enim,
1093 467 1176 494 cum
1204 456 1439 495 familiarem
1479 468 1587 495 suum
1622 457 1664 494 in

273 522 441 577 petendo
473 532 514 560 se
545 519 765 559 adiuturum
794 520 994 571 pollicitus
1025 527 1151 570 esset,
1181 534 1254 574 pro
1288 534 1330 562 se
1359 523 1444 574 ipse
1467 522 1667 576 prensavit

273 590 551 640 suffragiisque
587 587 725 627 civium
762 585 909 638 perfide
947 588 1111 640 captatis
1149 588 1211 627 illi
1247 589 1447 640 praelatus
1478 594 1549 629 est.
1606 588 1666 628 De

271 657 401 698 Laelii
430 659 553 695 morte
581 653 678 692 nihil
707 652 811 705 apud
837 653 1048 705 scriptores
1079 655 1373 693 commemorari
1401 655 1569 695 memini.

387 722 548 763 Laelius
574 720 796 772 Scipionem
825 720 989 759 amicum
1018 721 1263 772 praestantia
1292 733 1440 760 morum
1468 726 1504 760 et
1529 721 1666 760 litera-

275 804 359 831 rum
390 800 522 830 amore
553 788 772 840 aequabat,
807 787 966 837 ingenio
994 787 1150 827 mitiore
1181 792 1288 835 erat,
1318 787 1425 827 fama
1453 788 1669 840 sapientiae

275 860 376 898 inter
415 856 601 908 aequales
643 855 882 907 praestabat.
940 853 1039 893 Hinc
1073 853 1135 893 illi
1173 854 1370 904 gravitas,
1408 855 1497 894 huic
1526 855 1668 894 lenitas

277 938 302 964 a
333 925 522 965 Cicerone
550 923 732 962 tribuitur
748 920 831 973 (9⁷).
880 920 959 961 Sed
988 931 1114 972 neque
1144 932 1371 969 causarum,
1402 934 1499 974 quas
1530 922 1669 972 egerit,

275 996 435 1044 praeter
463 1001 631 1042 paucas,
661 989 848 1028 memoria
877 992 914 1027 et
941 988 1136 1039 reliquiae
1165 993 1391 1039 supersunt,
1430 993 1468 1027 et
1496 989 1537 1027 in
1564 988 1671 1027 fama

277 1057 452 1109 quamvis
498 1056 646 1095 maiore
681 1055 813 1095 Laelii
857 1055 1055 1093 orationes
1098 1058 1226 1092 tamen
1269 1053 1511 1093 horridiores
1556 1065 1671 1107 quam

276 1123 473 1176 Scipionis
503 1122 628 1162 videri
657 1122 742 1174 ipse
767 1121 905 1161 Cicero
935 1120 1199 1172 pronuntiavit
1222 1116 1304 1170 (9⁸).
1350 1120 1574 1160 Orationem
1601 1134 1671 1171 pro

276 1204 315 1229 se
353 1203 377 1228 a
408 1190 589 1229 Carbone
628 1193 665 1228 et
696 1187 933 1229 Gracchanis
959 1187 1098 1227 ceteris
1124 1187 1345 1239 postulatus
1376 1193 1443 1227 aut
1473 1189 1513 1227 in
1543 1188 1671 1240 suspi-

278 1257 427 1296 cIonem
465 1256 603 1308 populi
642 1255 828 1295 adductus
864 1254 1050 1294 habuisse
1078 1253 1231 1295 videtur
1258 1251 1338 1306 (¹³9).
1399 1254 1598 1295 Orationis
1629 1254 1673 1291 de

278 1324 442 1372 collegiis
481 1322 555 1362 duo
594 1322 716 1362 verba
744 1321 892 1361 Nonius
928 1321 1121 1369 servavit3
1156 1321 1285 1360 locum
1324 1321 1565 1373 longiorem,
1604 1320 1672 1361 sed

277 1402 355 1428 non
383 1389 478 1440 ipsis
500 1388 630 1428 Laelii
657 1389 787 1430 verbis
808 1388 1038 1428 Macrobius
1056 1384 1155 1438 (²⁰⁰).
1199 1388 1349 1427 Deinde
1375 1389 1673 1440 publicanorum

279 1467 437 1494 causam
462 1455 661 1494 homicidii
683 1456 744 1493 bis
769 1455 851 1505 egit
881 1466 916 1493 a.
942 1455 1045 1501 616;
1081 1466 1196 1504 quam
1226 1467 1310 1494 cum
1337 1455 1496 1504 gravius
1521 1454 1671 1493 acrius-

280 1534 355 1574 que
385 1534 410 1560 a
440 1518 529 1560 Ser.
563 1521 692 1561 Galba
722 1520 799 1560 dici
827 1531 944 1572 posse
970 1519 1140 1568 videret,
1177 1521 1262 1573 ipse
1293 1532 1440 1560 summa
1467 1533 1559 1559 usus
1590 1532 1673 1560 mo-

279 1588 405 1629 destia
434 1588 672 1640 publicanis,
713 1591 754 1627 ut
782 1586 892 1625 illum
921 1586 997 1625 sibi
1023 1591 1229 1638 patronum
1258 1592 1469 1636 sumerent,
1502 1588 1674 1627 suasisse

279 1660 462 1695 narratur
482 1652 565 1704 (¹);
602 1654 700 1693 nihil
730 1666 779 1694 ex
807 1665 855 1693 ea
885 1658 1022 1693 exstat.
1073 1653 1169 1694 Post
1200 1667 1236 1696 a.
1266 1656 1346 1695 623
1377 1667 1460 1694 cum
1484 1654 1672 1694 Africano

279 1723 393 1771 legem
432 1724 629 1771 Papiriam
664 1720 711 1760 de
748 1720 967 1761 reficiendis
1001 1722 1167 1761 tribunis
1204 1721 1407 1770 dissuasit,
1446 1722 1555 1761 cuius
1593 1721 1673 1760 dis-

282 1788 476 1828 suasionis
519 1799 654 1826 rursus
698 1793 856 1839 praeter
896 1788 1120 1828 memoriam
1164 1788 1261 1828 nihil
1297 1789 1473 1828 relictum
1512 1794 1568 1828 est
1595 1786 1674 1840 (2),

281 1856 458 1907 Denique
483 1854 719 1893 laudationes
741 1858 784 1892 P.
804 1855 981 1902 Africani
1002 1856 1143 1894 mortui
1164 1855 1263 1895 duas
1290 1856 1465 1908 scripsit;
1497 1856 1674 1903 alteram,

281 1935 360 1974 qua
401 1921 446 1970 Q.
478 1921 635 1961 Tubero
675 1922 824 1961 sororis
861 1921 961 1961 filius
988 1919 1071 1974 (3),
1118 1922 1300 1971 alteram,
1344 1934 1423 1974 qua
1461 1922 1584 1961 frater
1625 1921 1673 1971 Q.

281 1989 481 2028 Maximus
505 1988 745 2029 Aemilianus
775 1994 966 2038 utcretur;
995 1990 1108 2029 huius
1138 1990 1358 2042 particulae
1379 1988 1570 2043 quaedam
1590 2000 1675 2029 ser-

281 2060 396 2097 vatae
425 2060 512 2095 sunt
529 2052 609 2106 (⁴).

914 2134 949 2187 ξ.
982 2137 1046 2176 16.

861 2210 939 2245 Ser.
969 2210 1097 2246 Galba.

393 2278 473 2318 Hos
503 2277 609 2319 viros
639 2279 775 2330 paucis
803 2279 913 2318 annis
939 2279 1192 2319 antecedebat
1208 2279 1294 2320 Ser.
1311 2279 1509 2333 Sulpicius
1528 2280 1675 2329 Galba;

282 2350 411 2384 natum
443 2346 542 2385 enim
573 2346 678 2384 circa
708 2359 744 2385 a.
766 2359 803 2386 u.
828 2346 910 2386 565
941 2347 1165 2386 consulatus
1201 2352 1379 2399 tempora
1415 2347 1675 2387 consideranti

371 2453 431 2496 97)
449 2452 522 2488 Cic.
535 2452 580 2486 de
595 2451 659 2489 Or.
675 2453 736 2490 Ill.
751 2455 783 2497 7,
793 2454 849 2490 28.
968 2454 1027 2498 98)
1043 2455 1116 2490 Cic.
1130 2454 1233 2490 Brut.
1248 2455 1367 2498 21,83.
1479 2456 1537 2498 99)
1552 2455 1677 2489 Verba

284 2509 380 2554 apud
403 2509 548 2543 Festum
572 2521 608 2545 v.
634 2515 772 2545 satura
793 2511 954 2546 Sallustii
977 2520 1058 2546 sunt
1082 2511 1156 2556 lug.
1178 2510 1255 2553 29.;
1284 2512 1461 2546 excidisse
1483 2511 1600 2546 Laelii
1626 2512 1677 2546 vi-

283 2566 426 2599 dentur.
473 2565 589 2599 Aliam
613 2567 826 2611 particulam
850 2579 886 2602 v.
906 2567 1003 2602 Fest.
1027 2578 1062 2603 ν.
1088 2566 1297 2603 obsidium.
1413 2569 1497 2612 200)
1521 2568 1621 2603 Non.
1639 2579 1675 2602 v.

288 2620 482 2656 Samium.
518 2620 685 2657 Macrob.
710 2624 785 2660 Sat.
811 2623 837 2659 l.
860 2624 893 2660 6.
1012 2624 1046 2667 l)
1071 2624 1145 2659 Cic.
1163 2622 1266 2659 Brut.
1288 2624 1344 2667 22,
1363 2625 1418 2659 85.
1538 2625 1575 2669 2)
1602 2625 1674 2660 Cic.

285 2678 387 2713 Lael.
405 2677 460 2719 25,
481 2677 537 2712 96.
653 2679 689 2722 3)
713 2680 786 2714 Cic.
805 2680 850 2715 de
867 2678 931 2718 Or.
948 2680 992 2718 11.
1011 2680 1068 2725 84,
1085 2681 1161 2716 341.
1280 2682 1317 2724 4)
1342 2681 1417 2720 Cic.
1430 2681 1529 2719 Mur.
1547 2682 1603 2724 36,
1619 2682 1673 2715 75.

285 2734 407 2769 Schol.
431 2733 515 2769 Vat.
541 2735 588 2770 ad
613 2734 692 2771 Mil.
720 2736 750 2778 7,
776 2736 808 2772 2.
