1835 3126
584 143 756 187 BRUT
771 143 845 186 US
887 143 1006 187 GAP.
1037 145 1104 187 26.
1422 145 1541 188 199

150 259 297 306 fuisse,
339 257 446 311 quod
488 255 669 298 Fannius
709 256 752 297 in
787 254 1065 297 mediocribus
1106 254 1340 298 oratoribus
1376 252 1540 295 habitus

147 341 276 384 esset;
311 335 443 377 oratio
475 340 609 376 autem
638 333 706 375 vel
736 340 900 389 optuma
930 340 1041 376 esset
1071 334 1144 376 illo
1169 333 1333 390 quidem
1355 339 1537 388 tempore

145 414 377 456 orationum
403 412 594 454 omnium.
655 410 742 454 Sed
771 426 848 454 nec
879 412 1082 455 eiusmodi
1113 418 1193 460 est,
1223 417 1265 453 ut
1296 424 1321 453 a
1348 410 1535 467 pluribus

144 491 319 534 confusa
348 490 537 533 videatur
568 491 689 540 (unus
721 492 828 533 enim
861 505 987 534 sonus
1019 497 1081 533 est
1111 491 1234 534 totius
1263 490 1463 532 orationis
1495 495 1535 530 et

142 570 250 611 idem
287 569 443 620 stilus),
488 583 566 612 nec
612 569 662 611 dc
701 569 846 613 Persio
889 570 1123 612 reticuisset
1161 567 1394 615 Gracchus,
1441 580 1531 609 cum

141 646 322 689 Fannius
358 648 407 690 de
441 647 640 690 Menelao
671 647 918 690 Maratheno
950 655 988 690 et
1020 648 1069 689 de
1103 649 1252 690 ceteris
1285 646 1529 689 obiecisset:

140 728 382 781 praesertim
429 740 519 769 cum
560 725 741 769 Fannius
786 740 993 782 nunquam
1039 727 1091 767 sit
1134 725 1299 766 habitus
1336 724 1528 778 elinguis.

140 818 234 846 nani
272 812 310 846 et
341 817 493 846 causas
524 804 787 846 del'ensitavit
824 811 864 845 et
898 804 1128 844 tribunatus
1159 804 1248 844 eius
1280 802 1451 843 arbitrio
1492 810 1531 843 et

140 885 383 925 auctoritate
406 881 450 923 P.
471 881 660 923 Africani
692 887 835 934 gestus
866 893 948 921 11011
970 879 1171 921 obscurus
1194 879 1280 920 fuit.
1327 879 1420 920 101.
1453 879 1529 919 Al-

138 968 200 1002 ter
236 967 369 1002 autem
407 958 451 1000 C.
482 957 683 1007 Fannius,
721 957 780 999 M.
816 957 925 999 filius
966 955 1011 998 C.
1042 955 1164 998 Laeli
1202 969 1333 1010 gener
1369 963 1408 998 et
1442 969 1529 998 mo-

136 1038 251 1080 ribus
288 1044 327 1079 et
366 1038 457 1093 ipso
501 1049 655 1091 genere
698 1036 859 1080 dicendi
893 1036 1044 1078 durior.
1104 1033 1145 1077 Is
1177 1036 1314 1077 soceri
1346 1035 1528 1076 instituto

136 1117 293 1171 (quem,
340 1116 437 1171 quia
474 1121 687 1171 cooptatus
725 1116 768 1157 in
811 1127 1011 1168 augurum
1049 1113 1270 1168 collegium
1307 1127 1390 1155 non
1427 1120 1528 1163 erat,

135 1207 217 1236 11011
256 1194 473 1236 admodum
505 1193 727 1248 diligebat,
760 1195 1004 1250 praesertim
1036 1206 1128 1235 cum
1154 1192 1226 1234 ille
1259 1191 1308 1243 Q.
1342 1190 1529 1234 Scaevo-

135 1272 220 1313 lam
258 1272 339 1314 sibi
377 1274 575 1314 minorem
613 1280 710 1314 natu
743 1286 941 1327 generum
971 1271 1256 1328 praetulisset:
1296 1272 1360 1313 cui
1390 1278 1529 1312 tamen

135 1349 308 1393 Laelius
353 1365 397 1393 se
444 1364 649 1393 excusans
687 1365 770 1393 11011
809 1364 965 1405 genero
1004 1352 1154 1393 minori
1192 1349 1291 1391 dixit
1328 1363 1373 1391 se
1413 1348 1529 1397 illud,

137 1428 212 1470 sed
243 1430 390 1471 maiori
420 1429 531 1470 filiae
564 1429 806 1481 detulisse),
847 1431 883 1470 is
914 1437 1052 1470 tamen
1081 1430 1264 1470 instituto
1295 1425 1416 1468 Laeli
1447 1425 1528 1467 Pa-

134 1510 315 1549 naetium
347 1507 574 1549 audiverat.
633 1508 722 1549 eius
755 1508 887 1549 omnis
916 1508 959 1548 in
989 1506 1163 1548 dicendo
1193 1505 1372 1548 facultas
1399 1504 1529 1546 histo-

135 1587 200 1627 ria
237 1587 366 1641 ipsius
404 1599 487 1628 non
527 1585 788 1641 ineleganter
824 1587 978 1641 scripta
1014 1586 1194 1641 perspici
1230 1590 1382 1641 potest,
1420 1596 1526 1638 quae

222 1719 282 1745 101.
316 1719 462 1754 historia]
483 1727 521 1745 ex
538 1720 670 1746 historia.

134 1831 296 1865 Handius
324 1836 440 1865 autem
465 1831 615 1864 Turseli.
636 1830 678 1864 11.
707 1842 739 1875 p.
758 1832 836 1865 512.
863 1836 899 1865 et
924 1831 1081 1875 explicat
1109 1828 1230 1868 auch,
1257 1829 1400 1862 minime
1425 1827 1526 1863 Cice-

135 1888 284 1922 roniano
301 1899 413 1921 more.
447 1887 590 1932 Sequor
604 1886 880 1932 Bernhardyum
897 1892 933 1921 et
948 1891 1223 1932 expungentem.
1242 1904 1286 1910 —
1311 1885 1525 1930 nunquam]

135 1955 203 1978 0111.
230 1943 296 1988 Lg.
315 1942 371 1978 35.
390 1942 444 1978 39.
466 1942 542 1985 68„
570 1948 604 1976 et
622 1943 676 1977 53.
695 1943 748 1977 58.
772 1944 825 1978 70.
861 1943 953 1978 Ven.
974 1944 1003 1977 l.
1032 1949 1114 1987 post
1134 1942 1304 1988 elinquis
1324 1941 1469 1976 habent.

227 2000 302 2034 101.
351 1998 480 2043 Laeli]
513 2005 574 2033 aut
599 2000 650 2033 sic
674 2005 736 2033 aut
760 1999 826 2035 leli
847 1998 913 2046 Lg.
940 1999 973 2034 8.
997 1999 1051 2034 35.
1079 1999 1134 2033 39.
1160 1999 1215 2033 51.
1240 1997 1295 2032 58.
1322 1997 1376 2032 70.
1404 1998 1526 2042 itaque

132 2058 248 2091 eidem
272 2068 368 2091 mox,
403 2056 499 2091 laeti
522 2056 614 2091 Ven.
636 2058 666 2091 1.
690 2078 735 2082 ——
772 2057 921 2092 (lm-ior.
966 2056 1020 2100 Is]
1049 2056 1220 2090 clarioris
1245 2054 1311 2088 Gu.
1338 2055 1367 2089 l.
1404 2053 1469 2099 Lg.
1491 2054 1524 2090 8.

130 2114 185 2148 39.
206 2114 259 2147 51.
284 2114 339 2148 56.
361 2113 416 2148 58.
434 2134 478 2138 ——-
504 2116 598 2158 quia
624 2116 846 2160 cooptatus]
874 2117 966 2159 quia
993 2113 1041 2146 ab
1065 2124 1108 2146 eo
1134 2115 1341 2157 cooptatus
1367 2109 1526 2144 Orellius

133 2176 216 2215 post
240 2171 330 2203 alios
356 2170 587 2203 desideravit.
639 2170 723 2204 Non
747 2170 913 2203 concedit
933 2169 1176 2206 Quintilianus
1201 2166 1281 2200 Vll.
1299 2166 1340 2208 9,
1363 2166 1415 2199 12.
1441 2172 1526 2210 apte

133 2227 308 2260 excitatus
335 2238 357 2259 a
378 2226 554 2270 Meyero:
579 2225 792 2266 Pluribm,
818 2226 950 2270 inquit,
975 2224 1099 2258 verbis
1124 2222 1433 2265 emendandum,
1460 2221 1528 2255 ubi

132 2284 196 2324 id,
230 2282 337 2328 quod
361 2293 433 2327 quo
458 2281 679 2326 referatur,
714 2281 877 2317 dubium
902 2287 959 2316 est
984 2285 1021 2314 ec
1048 2283 1177 2327 ipsum
1202 2283 1261 2313 est
1285 2278 1523 2324 ambiqunm.

134 2339 181 2374 In
206 2339 309 2384 quod
332 2350 452 2385 qenus
476 2338 618 2373 incidit
642 2338 773 2372 Cicero
799 2339 959 2384 loquens
983 2337 1031 2371 de
1056 2336 1093 2371 C.
1116 2336 1293 2370 Fannio:
1321 2362 1344 2378 „
1354 2335 1383 2369 is
1407 2335 1525 2368 soceri

132 2396 313 2436 instituto,
348 2406 472 2439 quem,
505 2395 586 2440 quia
616 2400 806 2440 cooptatus
841 2396 876 2429 in
906 2406 1079 2440 augurum
1109 2393 1301 2439 collegium
1335 2402 1407 2426 non
1435 2397 1523 2432 erat.

132 2463 205 2485 non
237 2451 428 2485 admodum
460 2452 651 2497 diligebat;
687 2452 902 2498 praesertim
934 2463 1013 2485 cum
1042 2451 1103 2484 ille
1135 2449 1181 2487 Q.
1208 2448 1425 2484 Scaevolam
1457 2447 1524 2482 sibi
1572 2475 1575 2477 .

133 2509 308 2542 minorem
332 2514 418 2542 natu
440 2520 607 2554 generum
632 2509 872 2554 praetulisset.
885 2510 908 2527 ‘⁶
957 2508 1066 2543 Nam
1092 2507 1136 2542 id
1160 2505 1259 2541 sibi
1283 2510 1318 2540 et
1343 2504 1398 2539 ad
1421 2515 1524 2539 soce-

132 2577 221 2600 rum
244 2565 389 2610 referri
419 2569 457 2600 et
481 2566 535 2600 ad
560 2565 759 2601 Fannium
777 2570 922 2613 potest.
949 2585 994 2590 —-
1031 2563 1201 2599 historia
1234 2563 1371 2610 ipsius]
1404 2560 1524 2595 delevi

135 2634 184 2656 ex
209 2628 352 2657 secutus
375 2622 441 2669 Lg.
465 2634 610 2666 omnes,
637 2622 703 2658 Gu.
721 2625 748 2658 1.
774 2622 867 2658 Ven.
886 2623 914 2658 l.
943 2620 1068 2657 ottob.
1109 2620 1168 2655 De
1191 2630 1327 2666 genere
1350 2616 1524 2664 loquendi

134 2690 172 2715 v.
195 2678 390 2724 Explicatt.
416 2680 463 2714 ad
485 2680 531 2715 de
555 2678 620 2716 Or.
644 2679 670 2716 1.
692 2680 731 2722 3,
758 2679 810 2716 12.
855 2682 897 2715 in
920 2678 1093 2714 historia
1118 2676 1174 2713 ed.
1200 2687 1255 2722 pr.
