1835 3126
350 206 547 250 BREVIS
578 206 971 259 ELOQUENTIAE
1003 206 1137 250 ROM.
1170 207 1311 251 IIIST.
1411 209 1528 254 125

139 326 215 361 stat
244 320 369 360 oratio
388 318 463 371 (5).
509 321 705 360 Tribunus
736 321 861 373 plebis
889 320 958 362 Cn.
982 322 1166 374 Pompeio
1190 323 1343 362 tertium
1371 323 1529 363 consule

140 389 223 427 sine
253 387 410 438 collega
440 399 524 426 cum
552 388 665 427 bonis
697 389 800 427 stetit
830 389 992 428 Milonis
1023 389 1205 429 defensor
1235 394 1271 428 et
1302 390 1384 439 legi
1412 391 1528 429 Poni-

138 454 252 506 peiae
291 454 337 493 de
379 455 419 494 vi
458 454 773 495 intercessionem
810 457 1009 504 minitans,
1055 469 1168 508 quam
1202 457 1450 508 privilegium
1489 457 1528 495 iu

136 520 325 560 Milonem
367 521 465 560 ferri
502 521 655 561 dicebat
678 520 754 573 (θ’).
821 523 945 572 Quam
985 524 1033 563 ob
1074 535 1155 563 rem
1191 536 1353 571 summa,
1398 528 1438 562 ut
1474 524 1529 562 ait

138 587 302 637 Cicero,
345 588 534 628 bonorum
574 589 772 630 voluntate
806 596 895 629 ante
925 603 1063 629 annum
1099 603 1207 629 suum
1235 590 1374 630 aedilis
1400 590 1526 629 factus

135 658 193 694 est
241 666 276 692 a.
319 656 418 703 704,
469 657 533 707 qui
574 662 658 695 erat
698 657 951 709 provincialis
989 657 1201 697 Ciceronis.
1268 657 1366 696 Huic
1406 657 1528 707 igitur

134 720 272 760 aedilis
298 721 608 772 elegantissimas
635 724 726 762 illas
750 725 789 762 in
815 724 992 764 Ciliciam
1017 724 1203 775 epistolas
1230 724 1396 774 scripsit,
1427 734 1528 774 quae

135 793 272 827 octavo
310 788 412 828 libro
445 789 788 829 Ciceronianamm
827 791 1079 829 continentur.
1139 789 1217 828 Sed
1255 800 1338 827 cum
1365 794 1528 840 propter

135 866 261 893 mores
297 854 508 894 dissolutos
539 867 631 894 aere
659 856 788 894 alieno
818 856 976 894 obrutus
1006 855 1084 893 iam
1112 855 1152 892 in
1179 855 1265 905 ipso
1296 854 1528 903 magistratu

136 920 320 960 Caesaris
352 931 495 959 causae
520 932 606 960 sese
636 920 819 960 addicere
843 921 1055 972 coepisset,
1086 932 1199 971 quam
1231 920 1279 959 ob
1309 931 1390 958 rem
1415 919 1526 959 Cice-

132 988 240 1027 ronis
279 987 452 1026 discessu
488 1000 512 1026 a
546 999 589 1026 se
620 987 706 1039 ipso
738 987 963 1027 discessisse
991 987 1131 1026 dicitur
1159 984 1249 1038 (⁷),
1287 985 1392 1025 bello
1423 986 1527 1026 civili

136 1059 221 1093 orto
261 1058 395 1105 aperte
434 1053 484 1093 ad
512 1054 617 1093 illius
647 1053 856 1093 factionem
883 1055 1050 1093 transiit.
1108 1054 1207 1093 Hinc
1237 1053 1286 1092 ab
1316 1064 1361 1092 eo
1391 1051 1526 1092 ductus

134 1121 174 1160 in
203 1120 429 1172 Hispaniam
463 1120 569 1160 bello
601 1120 818 1160 Afraniano
854 1126 1080 1173 praeturam
1117 1120 1236 1160 multo
1268 1124 1357 1159 ante
1388 1130 1529 1159 annum

132 1188 281 1239 accepit
324 1199 360 1226 a.
393 1189 475 1227 706
514 1187 558 1228 C.
599 1187 775 1228 Caesare
816 1188 1023 1227 secundum
1059 1189 1104 1228 P.
1145 1186 1314 1228 Servilio
1351 1186 1527 1225 Isaurico

136 1253 358 1293 consulibus
376 1250 456 1305 (⁶³).
516 1254 595 1295 Sed
625 1266 710 1294 cum
733 1254 906 1295 Caesare
935 1255 975 1294 iu
1000 1254 1167 1295 Graecia
1193 1253 1340 1293 bellum
1367 1257 1528 1303 gerente

132 1326 294 1373 propter
331 1322 408 1361 vim
447 1322 550 1360 aeris
592 1322 709 1361 alieni
740 1322 982 1361 turbulentas
1022 1322 1132 1372 leges
1170 1320 1276 1359 ferre
1305 1320 1528 1371 tabulisque

132 1388 242 1428 novis
286 1388 531 1427 instituendis
574 1400 733 1440 operam
778 1389 872 1428 dare
911 1389 1121 1441 coepisset,
1164 1388 1262 1427 urbe
1305 1387 1440 1439 pulsus
1478 1391 1527 1433 et,

135 1465 219 1493 cum
264 1455 387 1493 accito
428 1455 581 1496 Milone
625 1457 784 1496 servitia
826 1468 898 1508 per
932 1456 1087 1496 Italiam
1126 1454 1377 1501 concitasset,
1422 1453 1529 1492 circa

135 1521 303 1561 Thurios
333 1521 557 1560 interfectus
588 1527 645 1561 est
673 1535 813 1561 annum
843 1534 964 1573 agens
998 1521 1234 1560 tricesimum
1259 1521 1428 1571 quintum
1446 1516 1526 1570 (⁹).

248 1588 430 1627 Moribus
470 1588 677 1628 iracundus
717 1594 801 1628 erat
836 1589 885 1628 ad
921 1588 1112 1628 insaniam
1136 1583 1205 1638 (¹⁰)
1247 1592 1302 1635 et,
1346 1598 1430 1626 cum
1465 1587 1528 1625 in-

136 1655 285 1705 signem
311 1654 462 1694 formae
487 1654 712 1706 dignitatem
733 1655 840 1695 foedi
862 1656 1035 1695 homines
1052 1660 1088 1694 et
1104 1654 1285 1693 mulieres
1307 1653 1527 1704 impudicae

137 1726 380 1773 expeterent,
412 1722 537 1772 magis
568 1722 690 1760 seculi
721 1734 835 1773 quam
865 1734 938 1761 sua
971 1721 1089 1772 culpa
1117 1721 1236 1759 vitam
1265 1719 1370 1759 vitiis
1398 1719 1528 1770 inqui-

132 1793 263 1827 natam
294 1788 375 1838 egit
391 1785 474 1838 (¹¹).
532 1788 722 1838 Magnam
749 1789 848 1827 enim
878 1787 1087 1827 Catilinam
1117 1786 1300 1825 assectati
1328 1785 1528 1824 infamiam

135 1866 221 1894 esse
247 1854 470 1905 oportebat,
495 1865 566 1892 nec
590 1859 735 1893 tantam
760 1854 952 1894 iudicibus
980 1853 1188 1903 caliginem
1202 1853 1243 1891 in
1263 1863 1383 1891 causa
1399 1852 1528 1892 Caelii

133 1920 332 1961 offundere
358 1921 484 1972 potuit
508 1920 645 1961 Cicero
660 1952 670 1969 ,
703 1921 795 1973 quin
821 1921 925 1973 quod
945 1932 1077 1961 verum
1102 1923 1204 1958 esset
1224 1919 1526 1970 perspiceretur.

132 1987 392 2036 Saltatorem,
430 1987 534 2039 quod
574 2000 687 2039 quam
724 1994 837 2041 turpe
866 1987 1052 2029 Romanis
1084 1986 1297 2026 convicium
1325 1986 1449 2025 visum
1478 1985 1529 2025 sit

132 2055 226 2094 satis
265 2055 405 2103 scitur,
450 2055 690 2106 antiquiores
728 2060 879 2095 secutus
917 2058 1033 2095 vocat
1072 2053 1302 2093 Macrobius
1327 2049 1417 2103 (12),
1455 2062 1527 2092 nec

128 2121 373 2161 honestiores
402 2126 489 2160 sunt
515 2121 682 2161 feminae
703 2122 1048 2162 libidinosissimae
1074 2119 1238 2159 Clodiae
1259 2130 1411 2158 amores
1429 2115 1526 2168 (¹3);

130 2187 352 2238 inquinatos
380 2199 509 2227 mores
537 2188 659 2239 ipsius
685 2189 821 2240 paucis
850 2191 1015 2238 tangunt
1045 2186 1127 2224 alii.
1174 2185 1235 2223 De
1265 2195 1357 2223 aere
1381 2183 1525 2232 alieno,

226 2339 261 2382 5)
296 2338 355 2373 De
380 2337 504 2373 Caelio
538 2350 560 2372 a
595 2344 708 2373 semet.
739 2339 819 2384 ipso
854 2337 1004 2373 defenso
1037 2336 1139 2371 testis
1172 2336 1370 2371 Suetonius
1403 2335 1449 2370 de
1480 2336 1524 2370 cl.

134 2394 241 2429 rhett.
264 2395 297 2428 2.
414 2394 450 2438 6)
482 2394 613 2430 Ascon.
644 2395 680 2428 in
706 2396 893 2440 prooemio
919 2394 965 2428 ad
988 2393 1250 2434 Milonianam,
1276 2391 1320 2426 cf.
1346 2392 1419 2426 Cic.
1441 2391 1523 2428 Mil.

135 2451 200 2492 33,
225 2451 280 2485 81.
319 2450 424 2486 Brut.
452 2449 514 2493 79,
538 2451 616 2486 273.
701 2464 704 2465 ⁷
736 2452 770 2494 7)
809 2451 882 2486 Cic.
908 2449 1012 2485 Brut.
1040 2450 1063 2484 l.
1089 2460 1119 2485 e.
1234 2448 1271 2491 8)
1310 2447 1419 2482 Errat
1442 2447 1526 2482 Ma·

135 2506 255 2541 nutius
281 2513 511 2550 quaestorem
535 2507 701 2542 Curionis
732 2508 768 2542 in
791 2507 915 2541 Africa
943 2506 1053 2540 fuisse
1075 2502 1292 2546 arbitratus,
1328 2505 1389 2549 qui
1413 2504 1525 2549 ipsius

138 2562 299 2606 aequalis
335 2568 424 2597 erat.
539 2563 576 2607 9)
610 2563 714 2598 Caes.
740 2563 788 2599 B.
814 2564 892 2598 Civ.
924 2561 985 2596 111.
1009 2561 1055 2597 20
1077 2571 1155 2606 sqq.
1199 2559 1281 2595 Liv.
1318 2562 1402 2605 epit.
1430 2559 1522 2596 CXI.

136 2618 232 2652 Vell.
249 2618 293 2652 11.
311 2618 367 2654 68.
394 2624 429 2653 et
450 2619 499 2654 ibi
518 2620 631 2665 intpp.
647 2620 721 2655 Dio
739 2619 851 2654 XLII.
867 2619 924 2653 22.
1041 2617 1099 2660 10)
1124 2616 1268 2651 Seneca
1286 2615 1331 2650 de
1346 2617 1402 2650 ira
1415 2615 1474 2650 111.
1489 2616 1523 2652 8.

136 2674 194 2717 11)
213 2674 286 2709 Cic.
301 2675 371 2710 Att.
387 2674 448 2709 Vl.
465 2675 494 2711 l.
517 2675 711 2712 VaLMax.
727 2676 788 2711 IV.
801 2676 835 2719 2,
850 2676 881 2710 7.
900 2673 1051 2713 Quintil.
1065 2672 1092 2708 1.
1106 2672 1140 2715 6,
1152 2671 1211 2707 29.
1312 2672 1368 2716 12)
1392 2672 1469 2708 Sat.
1482 2670 1523 2706 11.

135 2742 170 2776 p.
192 2730 271 2768 389.
297 2731 352 2769 ed.
375 2731 489 2767 Zeun.
608 2732 665 2777 13)
689 2733 734 2771 P.
753 2732 936 2770 Victorius
959 2730 1047 2766 Var.
1071 2727 1188 2766 Lectt.
1213 2727 1312 2765 XVI.
1341 2729 1371 2765 l.
