1835 3126
266 243 339 287 12
482 240 678 283 BREVIS
709 239 1104 293 ELOQUENTIAE
1135 241 1270 286 ROM.
1302 243 1446 287 HIST.

907 386 941 440 ς.
973 389 1010 429 s.

567 461 738 495 Secunda
762 468 863 496 aetas
893 463 1122 507 eloquentiae
1146 464 1344 501 Romanae.

374 543 582 580 Secmnlam
626 543 873 595 eloquentiae
911 544 1110 585 Romanae
1148 552 1313 585 aetatem
1355 560 1379 586 a
1419 546 1525 587 finito
1563 547 1651 587 inde

262 610 366 649 bello
406 609 665 648 Hannibalico
713 609 763 649 ad
802 610 998 651 Gracchos
1041 624 1163 664 usque
1207 614 1402 664 pertinere
1438 615 1649 662 voluimus3

262 689 339 728 qua
383 681 511 715 aetate
553 677 691 716 notitia
735 677 925 728 quaedam
969 678 1172 717 literarum
1210 676 1448 719 Graecarum
1486 681 1648 721 Romam

260 743 415 795 perlata
452 748 526 791 est,
572 748 613 782 ut
648 743 789 783 cultior
825 745 1043 784 humanitas
1079 745 1316 784 incrementa
1355 752 1531 798 caperet,
1581 747 1649 786 sed

261 809 468 861 eloquendi
504 822 568 849 ars
606 822 731 861 paene
767 811 873 850 rudis
912 817 1084 851 maneret
1124 824 1194 851 nec
1233 814 1452 865 praeceptis
1489 818 1525 852 et
1564 814 1650 852 imi-

257 877 405 916 tatione
448 878 683 917 Graecorum
712 878 787 917 nisi
819 878 922 931 apud
952 890 1098 931 paucos
1130 884 1166 918 et
1194 880 1235 918 in
1265 880 1399 931 paucis
1430 879 1648 932 proficeret.

258 944 458 995 Principia
502 943 678 984 culturae
723 949 759 985 et
806 945 1008 985 literarum
1053 946 1290 986 Graecarum
1335 958 1418 985 cum
1462 947 1648 986 Romanis

260 1011 540 1050 communicata
576 1012 682 1050 circa
710 1010 823 1051 finem
850 1013 946 1051 belli
978 1013 1114 1052 Punici
1149 1013 1264 1064 primi
1297 1013 1538 1063 accepimus;
1581 1013 1648 1052 sed

257 1082 366 1116 tanta
416 1082 499 1116 erat
537 1077 799 1117 Romanorum
840 1079 879 1117 in
921 1079 1103 1117 institutis
1140 1079 1219 1117 suis
1260 1078 1410 1118 tuendis
1447 1079 1650 1128 tenacitas,

256 1149 297 1183 ut
343 1143 392 1182 ad
429 1143 566 1184 Sullae
609 1156 731 1195 usque
775 1150 940 1184 aetatem
981 1157 1029 1184 ne
1078 1150 1278 1184 senatores
1327 1145 1480 1196 quidem
1517 1157 1647 1185 omnes

258 1211 407 1250 Graece
444 1211 586 1249 scirent
624 1217 660 1250 et
695 1211 808 1252 Molo
838 1211 1012 1251 Rhodius
1053 1212 1199 1263 primus
1243 1212 1325 1251 sine
1362 1212 1572 1264 interprete
1606 1213 1647 1252 iu

256 1283 390 1316 senatu
437 1277 589 1316 auditus
635 1278 695 1317 sit.
763 1279 948 1318 Fortasse
994 1278 1219 1327 dolendum,
1264 1278 1367 1331 quod
1409 1279 1532 1318 cultus
1576 1278 1646 1318 do-

254 1345 402 1383 mestici
455 1344 557 1395 apud
609 1345 804 1385 Romanos
853 1347 943 1394 fios,
993 1358 1075 1384 cum
1126 1346 1294 1385 nondum
1344 1351 1479 1384 enatus
1531 1351 1645 1395 esset,

252 1413 468 1450 interventu
516 1411 751 1451 Graecorum
797 1413 1005 1452 exstinctus
1049 1425 1244 1464 nunquam
1290 1411 1339 1451 ad
1387 1413 1644 1452 maturitatem

254 1478 446 1529 quandam
489 1479 721 1529 pervenerit.
787 1475 931 1518 Verum
974 1479 1008 1517 si
1044 1479 1208 1519 Romani
1252 1479 1291 1517 in
1327 1479 1480 1517 summis
1518 1479 1644 1532 poetis

253 1549 289 1583 et
327 1543 522 1583 historicis
562 1544 730 1584 Homero
766 1545 964 1596 Sophocle
1002 1545 1227 1595 Thucydide
1263 1545 1521 1596 Xenophonte
1558 1545 1643 1584 imi-

251 1610 378 1650 tandis
410 1611 620 1658 stetissent,
652 1622 722 1650 nec
752 1612 791 1650 in
815 1613 927 1663 poesi
959 1612 1008 1650 ad
1036 1612 1322 1652 versificatores
1348 1609 1642 1651 Alexandrinos

251 1678 445 1717 doctiores
500 1690 613 1729 quam
665 1679 951 1728 ingeniosiores
1002 1678 1289 1719 descendissent
1340 1690 1411 1718 nec
1453 1679 1642 1718 historiae

249 1743 477 1783 scribendae
529 1744 707 1796 exempla
746 1757 769 1784 a
803 1745 1059 1796 scriptoribus
1095 1745 1311 1785 Alexandri
1349 1750 1538 1785 sumentes
1578 1757 1641 1785 res

252 1816 391 1850 ornatu
443 1811 633 1851 extollere
686 1823 800 1862 quam
854 1824 1018 1851 narrare
1072 1818 1108 1851 et
1162 1824 1357 1864 exponere
1396 1812 1639 1860 maluissent,

250 1877 387 1916 melior
417 1878 593 1929 profecto
626 1883 662 1917 et
690 1879 919 1930 prosperior
942 1879 1142 1917 literarum
1173 1880 1401 1918 Latinarum
1432 1885 1640 1930 proventus

248 1945 396 1984 fuisset.
464 1944 542 1985 Sed
584 1956 653 1984 nec
701 1946 797 1984 haec
841 1945 965 1985 fusius
1005 1946 1164 1997 exsequi
1201 1958 1297 1998 opus
1343 1951 1400 1984 est
1444 1958 1513 1985 nec
1557 1946 1639 1985 elo-

248 2012 442 2063 quentiam
485 2012 673 2051 Graecam
712 2013 785 2052 hac
824 2018 952 2052 aetate
989 2013 1202 2051 imitatione
1241 2012 1527 2064 exprimendam
1559 2012 1639 2052 Ro-

247 2079 348 2117 mani
385 2079 459 2117 sibi
497 2084 758 2131 sumpserunt;
799 2079 848 2119 ad
886 2091 1001 2131 quam
1038 2081 1069 2118 si
1113 2079 1204 2131 quid
1245 2091 1293 2118 ex
1324 2079 1482 2119 Graecis
1514 2079 1639 2118 literis

246 2146 518 2196 profecerunt,
556 2147 629 2185 hoc
667 2147 824 2196 ingenio
869 2146 918 2185 ad
958 2146 1177 2188 universam
1206 2147 1481 2186 humanitatem
1511 2147 1637 2196 magis

246 2213 449 2264 magisque
480 2213 632 2251 exculto
665 2213 836 2251 debetur.

892 2332 926 2385 §-
958 2336 996 2374 9.

688 2410 979 2445 Adolescentiuin
1005 2409 1189 2442 institutio.

356 2498 461 2539 Viris
495 2503 730 2554 principibus
767 2504 851 2541 iure
887 2502 1011 2540 maius
1052 2506 1088 2539 et
1118 2501 1317 2539 honestius
1348 2500 1469 2540 visum
1502 2504 1558 2539 est
1595 2502 1632 2539 in

248 2569 399 2617 legibus
454 2574 490 2606 et
542 2570 721 2608 institutis
766 2570 918 2621 patriae
962 2568 1115 2607 tuendis
1160 2572 1196 2605 et
1245 2568 1406 2619 imperio
1453 2567 1632 2617 augendo

247 2635 572 2686 temperandoque
602 2637 750 2676 versari
783 2642 818 2676 et
847 2636 1037 2676 senatoris
1068 2635 1314 2686 imperatoris
1346 2634 1440 2673 iuris
1468 2634 1633 2674 consulti

246 2702 463 2741 humeribus
508 2703 758 2750 satisfacere,
805 2716 919 2754 quam
956 2703 1071 2742 rebus
1102 2700 1262 2740 ludicris
1304 2706 1340 2740 et
1376 2702 1454 2741 otio
1494 2713 1629 2741 consu-

244 2768 380 2808 mendo
411 2768 559 2809 idoneis
590 2769 685 2809 dare
715 2783 885 2823 operam.
945 2770 1053 2811 Hanc
1082 2768 1316 2811 voluntatem
1346 2768 1447 2821 apud
1477 2768 1630 2820 pleros-
