1835 3126
338 242 420 285 AD
454 241 570 285 CIC.
601 242 869 287 BRUTUM
902 246 1020 290 CAP.
1056 248 1118 291 18.
1153 249 1216 290 19.
1348 250 1471 296 355

81 356 248 409 quitatis.
301 355 344 396 V.
377 355 638 398 Weichertum
667 359 706 397 in
736 357 859 399 Poett.
888 360 989 400 Rell.
1020 374 1058 414 p.
1089 363 1156 402 25.
1205 363 1300 404 Cum
1331 364 1472 405 Cicero

77 426 213 461 iterata
254 402 408 460 7ectionwe
447 426 513 461 vix
551 424 686 474 digmus
723 426 835 474 dicit,
876 427 1036 468 lenitate
1076 430 1289 470 sententiae
1325 431 1472 472 indicat

78 489 230 528 omnino
268 500 335 528 eas
373 490 477 531 culto
521 490 660 531 lectori
697 493 855 545 placere
893 507 970 534 non
1005 506 1135 546 posse.
1201 496 1260 535 De
1296 502 1470 550 tempore

77 556 258 595 carminis
291 557 455 609 primum
495 559 534 597 in
574 570 728 599 scenam
767 561 912 612 prolati
952 561 1060 613 apud
1090 562 1286 603 Romanos
1325 564 1470 604 similia

75 622 253 662 dicuntur
277 623 391 664 Tusc.
415 625 444 665 Ι.
465 628 513 674 1.,
540 627 610 666 etsi
636 639 776 666 annum
801 627 885 667 fere
911 629 1258 680 quingentesimum
1281 629 1470 672 decimum

74 690 128 729 ibi
166 690 327 730 tradidit
370 692 525 732 eosdem
564 693 690 734 fontes
728 700 901 744 secutus,
943 707 1041 747 quos
1072 697 1206 736 Livius
1235 697 1382 738 XXXI.
1417 700 1466 745 1.,

75 768 157 796 cum
196 756 309 797 finem
347 759 441 799 belli
471 760 607 800 Punici
650 762 808 802 secundi
846 774 946 803 anno
989 764 1095 803 urbis
1124 763 1226 804 DLI.
1268 765 1469 816 assignat;

73 824 161 863 vide
192 826 308 864 etiam
338 826 504 867 Gellium
531 827 652 869 XVII.
684 831 750 868 21.

185 893 251 931 72.
310 893 461 943 Accius]
494 895 532 933 in
555 894 839 943 Didascalicis3
868 894 916 934 de
946 895 1085 946 quibus
1116 895 1232 935 docta
1262 901 1320 936 est
1348 896 1464 936 Mad-

71 959 168 1011 vigii
199 960 408 1014 disputatio
440 962 478 999 in
509 961 714 1013 Opusculis
743 973 780 1012 p.
812 962 866 1000 87
897 973 983 1012 sqq.

183 1029 249 1067 73.
309 1030 464 1065 Senensi
486 1027 645 1076 praelio]
671 1026 722 1065 ad
738 1027 960 1066 Metaurum
976 1027 1131 1068 fluvium
1147 1039 1183 1066 a.
1199 1026 1304 1067 547:
1329 1040 1364 1068 v.
1380 1028 1466 1068 Liv.

70 1093 227 1135 XXVII.
252 1095 305 1132 47
337 1105 422 1144 sqq.
467 1093 613 1132 Aedem
641 1093 852 1133 Iuventatis
881 1094 1016 1135 Livius
1047 1094 1215 1136 sedecim
1245 1095 1356 1135 annis
1379 1101 1468 1148 post

70 1170 209 1200 censor
242 1158 455 1199 dedicavit:
485 1172 521 1200 v.
552 1160 637 1200 Liv.
668 1160 850 1201 XXXVI.
887 1162 951 1201 36.

177 1240 283 1265 error
309 1226 414 1275 Acci]
453 1232 588 1280 captus
617 1227 752 1268 Livius
785 1227 947 1267 Tarenti
979 1241 1004 1267 a
1035 1227 1077 1269 G.
1107 1228 1268 1280 Papirio
1302 1241 1338 1267 a.
1368 1229 1466 1277 482,

70 1305 147 1333 non
178 1306 202 1333 a
232 1293 279 1343 Q.
307 1293 484 1333 Maximo
516 1307 552 1334 a.
583 1294 677 1335 545.
721 1294 833 1334 Accii
861 1296 962 1335 ratio
995 1296 1029 1335 si
1056 1307 1153 1336 vera
1181 1300 1301 1344 esset,
1331 1295 1466 1336 Livius

69 1372 146 1400 non
188 1360 480 1412 antiquissimus
522 1366 724 1413 poetarum
752 1361 874 1410 foret,
914 1362 983 1402 sed
1010 1362 1127 1402 Ennii
1156 1362 1357 1414 aequalis,
1400 1363 1466 1415 qui

66 1432 179 1466 natus
211 1433 268 1466 est
298 1439 332 1466 a.
360 1427 466 1475 515,
498 1429 623 1468 minor
653 1434 779 1468 autem
803 1428 972 1477 Naevio,
1006 1429 1071 1482 qui
1099 1430 1262 1481 primam
1292 1429 1465 1469 fabulam

68 1493 198 1534 docuit
228 1506 262 1532 a.
294 1494 399 1542 519,
439 1500 475 1534 et
503 1495 674 1535 fortasse
704 1496 820 1535 etiam
849 1496 1011 1544 Plauto,
1054 1508 1165 1548 quem
1195 1496 1352 1536 fabulas
1383 1496 1465 1537 edi-

69 1560 172 1601 disse
206 1566 294 1601 ante
326 1573 361 1600 a.
393 1562 476 1601 538
506 1564 589 1602 veri
620 1563 745 1602 simile
776 1568 844 1602 est.

177 1628 285 1668 XIX.
345 1630 411 1669 74.
472 1634 580 1680 (μιμεῖ
610 1631 809 1680 notatione]
836 1630 1098 1678 „modestiam
1127 1629 1312 1670 simulans
1343 1630 1464 1670 inter-

66 1696 196 1748 posuit
225 1699 356 1746 quasi,
392 1709 468 1749 quo
499 1699 736 1737 notationem
765 1698 941 1737 innueret
970 1710 1047 1737 non
1071 1697 1121 1738 ad
1151 1698 1396 1738 severitatem
1428 1703 1465 1737 et

68 1764 302 1816 compositos
335 1763 534 1803 doctorum
567 1764 740 1804 calculos
773 1764 1004 1816 exigendam
1039 1766 1170 1803 esse.“
1229 1764 1463 1810 Bernhardy.

66 1831 161 1871 Rem
194 1831 324 1882 potius
357 1827 401 1871 ἓν
430 1829 638 1885 παρέργῳ
668 1832 882 1870 institutam
912 1830 1120 1881 significat.

180 1898 246 1938 75.
307 1898 374 1935 illa-
418 1898 601 1946 carmimt]
650 1904 854 1934 usamenta
896 1910 926 1936 s.
967 1902 1183 1935 assumentem
1219 1896 1464 1936 vocabantur

66 1965 115 2003 ab
155 1964 318 2002 assando
355 1964 380 2002 i.
415 1975 447 2003 e.
479 1963 666 2002 canendo.
728 1964 882 2003 Similia
917 1964 1102 2015 leguntur
1136 1963 1252 2002 Tusc.
1283 1959 1314 2002 Ι.
1345 1966 1392 2012 2,
1424 1965 1462 2002 3.

66 2037 102 2071 et
126 2031 188 2072 IV.
213 2033 251 2078 2,
277 2032 332 2078 3.;
365 2042 415 2070 ex
442 2031 580 2082 quihus
603 2031 824 2070 tibicinibus
849 2031 1028 2070 discimus
1057 2030 1186 2069 datam
1209 2030 1463 2082 provinciam,

64 2110 179 2150 quam
207 2097 295 2149 lyra
323 2103 472 2137 utentes
500 2098 640 2138 Graeci
670 2098 856 2138 convivae
885 2098 960 2137 sibi
989 2097 1191 2136 sumebant
1219 2097 1316 2149 ipsi,
1347 2109 1383 2137 v.
1415 2096 1461 2136 de

65 2166 130 2206 Or.
158 2165 226 2205 ΙΙΙ.
252 2166 327 2213 51,
356 2167 468 2213 197.;
498 2165 663 2204 maxime
694 2169 820 2203 autem
845 2165 1035 2206 Varronis
1063 2164 1185 2204 verba
1213 2163 1463 2216 respicienda

65 2232 169 2284 apud
198 2232 363 2271 Nonium
392 2245 427 2271 v.
459 2245 546 2268 assa
578 2245 664 2269 voce
695 2244 732 2283 p.
765 2233 831 2270 77.
875 2237 911 2270 et
941 2244 1106 2271 summus
1137 2231 1196 2271 vir
1225 2231 1461 2271 Niebuhrius

66 2300 162 2339 Hist.
194 2298 273 2338 vol.
300 2299 329 2337 I.
363 2311 398 2349 p.
431 2298 649 2337 283--485
710 2298 941 2350 Quanquam
978 2299 1011 2337 is
1043 2298 1350 2349 antiquissimam
1378 2298 1459 2340 Ro-

65 2378 264 2405 manorum
303 2365 505 2404 historiam
546 2376 594 2404 ex
631 2365 690 2404 his
722 2365 957 2404 carminibus
988 2365 1193 2404 conflatam
1224 2377 1310 2405 esse
1338 2365 1459 2419 paulo

65 2433 229 2472 calidius
255 2431 461 2472 contendit.
505 2431 724 2472 Carminum
748 2433 847 2472 enim
871 2432 1025 2484 aliquas
1048 2432 1089 2471 in
1117 2443 1165 2471 ea
1180 2438 1313 2485 partes
1336 2432 1459 2474 fuisse

66 2507 165 2541 totus
201 2500 309 2539 illius
338 2500 527 2539 historiae
555 2500 707 2539 habitus
738 2500 833 2539 satis
865 2499 997 2548 docet;
1035 2498 1103 2539 sed
1134 2505 1356 2539 assamenta
1387 2499 1461 2539 illa

64 2569 185 2607 fuisse
232 2579 308 2620 quo
362 2568 485 2606 minus
524 2572 726 2619 putemus,
777 2572 918 2606 natura
970 2571 1150 2607 cantuum
1201 2565 1460 2606 convivalium

64 2635 256 2688 prohibet.

177 2705 217 2739 in
245 2702 392 2740 vatibus
421 2707 454 2739 et
486 2702 640 2752 Faunis]
683 2701 906 2741 cantoribus
935 2699 1226 2752 antiquissimis.
1283 2699 1462 2739 Marcio-

66 2783 148 2811 rum
186 2775 315 2810 vatum
351 2767 426 2809 duo
464 2769 661 2810 volumina
698 2770 909 2809 carminum
945 2768 1067 2808 fuisse
1097 2766 1330 2808 Macrobius
1369 2765 1462 2806 dicit

1096 2844 1183 2886 23*
