1835 3126
263 160 351 204 92
473 152 669 198 BREVIS
698 150 1091 203 ELOQUENTIAE
1122 152 1256 196 ROM.
1287 152 1430 195 HIST.

263 269 462 311 suetudine
492 271 595 306 artes
624 266 681 305 rei
711 266 894 318 publicae
923 267 1038 306 utiles
1069 267 1247 307 disceret.
1304 267 1384 307 Nec
1414 266 1451 306 id
1481 271 1559 306 tam
1588 267 1646 306 rei

261 336 442 389 publicae
471 333 619 380 nocuit,
659 344 773 383 quam
809 345 858 372 ex
886 338 1032 372 mutata
1067 335 1125 372 rei
1152 335 1333 386 publicae
1365 335 1491 374 forma
1521 334 1646 381 fluxit,

262 407 303 440 ut
333 401 497 440 devitari
534 411 611 438 non
650 404 795 451 posset.
850 399 911 439 Ea
948 400 1047 438 enim
1079 412 1155 439 non
1189 401 1266 439 iam
1296 407 1450 441 senatus
1482 400 1645 440 consilio

261 467 397 519 populi
422 466 537 505 iussis
564 466 858 516 magistratuum
878 471 1071 518 potestate
1100 468 1330 518 regebatur,
1363 469 1432 508 sed
1462 481 1485 507 a
1509 467 1646 520 paucis

261 534 518 586 principibus,
554 533 620 585 qui
649 533 869 583 ingentibus
905 532 1046 573 divitiis
1077 535 1306 586 magnisque
1336 535 1524 574 clientelis
1555 535 1646 573 sub-

261 601 342 640 nixi
376 601 539 651 primum
576 600 787 639 domestica
823 600 1054 651 largitione,
1093 600 1230 639 deinde
1261 602 1300 641 vi
1337 602 1496 640 militari
1526 601 1647 639 domi-

261 669 455 707 nationem
493 668 766 719 arripuerunt;
809 666 912 718 quod
947 667 1088 706 malum
1127 667 1244 706 altius
1278 668 1493 715 insederat,
1535 679 1650 718 quam

261 735 367 787 'quod
389 734 525 776 Sullae
554 735 708 785 legibus
740 735 913 786 quamvis
939 734 1125 786 cupientis
1154 734 1370 774 tolleretur.
1417 735 1484 774 Sic
1507 734 1650 773 factum

263 808 343 850 est,
380 807 420 841 ut
448 802 608 840 militum
639 813 713 853 ope
741 802 905 853 primum
935 801 1105 850 Caesar,
1144 801 1281 841 deinde
1311 802 1544 842 Octavianus
1569 801 1650 840 Au-

262 874 397 920 gustus
438 869 593 908 sublata
629 868 810 908 libertate
852 868 901 907 ad
941 868 1116 919 regalem
1153 870 1364 921 potentiam
1401 869 1647 907 eniterentur.

261 936 305 975 In
335 948 380 975 eo
410 937 531 987 igitur
560 948 689 975 rerum
719 936 979 975 Romanarum
1011 940 1130 983 statu,
1167 936 1200 974 si
1230 948 1254 975 a
1285 936 1473 976 Cicerone
1502 935 1650 975 Catone

263 1009 300 1043 et
329 1003 572 1055 paucissimis
604 1003 692 1041 aliis
724 1002 920 1050 discedas,
958 1002 1050 1053 quid
1080 1002 1346 1041 adolescentes
1386 1015 1410 1041 a
1437 1002 1531 1041 viris
1561 1006 1650 1039 tunc

262 1071 301 1109 in
344 1082 388 1108 re
426 1070 584 1121 publica
623 1070 774 1120 magnis
817 1069 910 1108 boni
955 1074 991 1108 et
1030 1069 1181 1108 honesti
1220 1069 1370 1108 discere
1407 1068 1649 1121 potuerunt?

262 1137 407 1177 Eratne
435 1137 529 1175 honi
558 1137 724 1188 exempli
750 1136 818 1177 Cn.
839 1135 1014 1188 Pompeii
1042 1135 1201 1184 levitas,
1234 1148 1311 1188 qua
1335 1136 1448 1176 modo
1477 1140 1650 1175 senatum

262 1204 459 1250 tuebatur,
498 1204 610 1243 modo
641 1204 778 1256 populi
807 1204 976 1254 gratiam
1006 1204 1188 1255 captabat
1218 1208 1255 1242 et
1282 1204 1382 1243 inter
1413 1203 1650 1255 optimatium

264 1276 300 1310 et
331 1270 577 1322 popularium
607 1271 815 1310 factionem
846 1271 959 1322 quasi
987 1270 1132 1309 medius
1159 1271 1385 1310 constitutus
1416 1271 1564 1310 arbiter
1592 1269 1652 1308 rei

261 1338 443 1390 publicae
474 1338 548 1375 sibi
577 1339 681 1377 risus
714 1344 788 1386 est,
828 1338 950 1377 donec
979 1350 1126 1378 omnem
1155 1338 1230 1377 vim
1259 1339 1299 1376 in
1329 1338 1536 1377 Caesarem
1567 1348 1651 1376 ces-

263 1405 361 1443 sisse
391 1404 692 1444 animadvertit?
753 1405 884 1453 Quid?
926 1405 968 1444 C.
1001 1406 1170 1452 Caesar,
1211 1406 1384 1455 quamvis
1417 1416 1560 1442 summo
1592 1404 1651 1442 in-

263 1471 379 1521 genio
409 1469 627 1522 praeditus,
658 1483 746 1509 num
771 1471 1036 1509 adolescentia
1060 1472 1182 1521 regiis
1204 1472 1363 1521 flagitiis
1387 1470 1651 1519 dehonestata,

262 1538 431 1578 violento
464 1535 667 1576 consulatu
704 1541 741 1575 et
772 1537 1028 1577 Catilinariae
1059 1538 1338 1590 perduellionis
1367 1539 1586 1590 suspicione
1616 1543 1653 1577 et

264 1604 443 1644 credibili
473 1609 509 1643 et
540 1602 688 1642 credita
716 1616 803 1642 num
827 1606 1072 1657 antiquorum
1095 1606 1356 1645 Romanorum
1385 1606 1520 1645 similis
1543 1605 1650 1646 vide-

262 1672 405 1711 batur?
452 1670 583 1719 Quid?
613 1671 739 1709 inanis
764 1671 810 1720 Q.
832 1673 1030 1712 Hortensii
1059 1673 1258 1723 elegantia
1287 1678 1323 1712 et
1342 1673 1504 1725 puerilis
1533 1673 1651 1712 luxu-

263 1740 325 1778 ria
354 1750 443 1777 num
472 1737 627 1776 laudari
655 1739 838 1788 poterat?
874 1745 914 1778 ut
947 1740 1106 1779 Clodios
1139 1746 1174 1779 et
1198 1741 1374 1781 Vatinios
1404 1745 1440 1779 et
1461 1740 1651 1780 Curiones

264 1811 301 1845 et
340 1805 529 1845 Milouem
567 1816 660 1842 casu
704 1805 828 1854 magis
865 1806 998 1844 utilem
1038 1807 1095 1845 rei
1135 1807 1317 1857 publicae
1362 1820 1475 1858 quam
1511 1808 1652 1846 bonum

264 1874 384 1912 civem
412 1877 627 1919 taceamuS,
675 1876 710 1910 et
747 1871 939 1923 reliquam
978 1873 1129 1911 turham
1165 1873 1357 1912 hominum
1387 1873 1651 1911 consulatibus

264 1945 300 1979 et
329 1939 501 1979 censuris
531 1939 759 1989 insignium,
792 1939 859 1978 sed
888 1940 997 1978 nulla
1024 1952 1067 1979 re
1099 1940 1226 1978 libera
1255 1951 1297 1978 re
1324 1940 1481 1992 publica
1512 1940 1651 1990 digno-

263 2019 360 2045 rum.
419 2005 625 2056 Reliquum
677 2006 798 2056 igitur
840 2019 954 2046 unum
998 2006 1095 2045 illud
1141 2012 1247 2054 erat,
1302 2012 1341 2045 ut
1385 2007 1651 2047 adolescentes

266 2073 502 2112 Graecorum
525 2072 650 2111 literis
682 2078 718 2111 et
747 2085 770 2111 a
795 2073 954 2113 Graecis
985 2074 1149 2113 instituti
1177 2074 1295 2126 plane
1318 2086 1456 2115 novam
1478 2074 1651 2114 discendi

263 2140 366 2180 viam
395 2139 549 2178 inirent.

891 2250 924 2304 ς.
958 2253 1022 2291 37.

695 2328 822 2361 Sermo
848 2326 1033 2361 Romanus
1059 2327 1232 2362 excultus.

377 2409 633 2459 Praecipuum
673 2409 918 2460 eloquentiae
962 2409 1251 2447 instrumentum
1295 2409 1459 2447 accessit
1497 2408 1650 2448 exculto

268 2479 304 2514 et
337 2474 455 2514 ditato
493 2487 669 2515 sermone
708 2476 843 2516 latino.
904 2475 1004 2515 Olim
1036 2476 1134 2514 enim
1173 2476 1294 2515 latine
1322 2476 1432 2527 loqui
1461 2488 1537 2515 non
1569 2481 1653 2515 erat

268 2542 362 2581 artis
394 2547 430 2581 et
455 2542 588 2591 studii,
620 2543 687 2582 sed
717 2556 808 2582 usus
840 2549 955 2595 atque
980 2542 1285 2590 consuetudinis;
1317 2542 1428 2582 domo
1460 2544 1525 2595 qui
1554 2555 1651 2582 nun-

269 2622 383 2660 quam
406 2610 580 2648 exierant
610 2622 680 2650 nec
702 2623 871 2663 peregre
896 2611 1100 2662 quicquam
1121 2609 1299 2650 viderant
1326 2611 1389 2650 vel
1412 2610 1650 2657 audiverant,

269 2687 336 2716 eos
366 2676 552 2716 familiari
584 2678 748 2730 quodam
780 2684 817 2720 et
845 2678 1083 2719 hereditario
1112 2677 1214 2717 hono
1244 2677 1366 2717 latine
1393 2677 1544 2718 locutos
1574 2687 1650 2715 non
