1892 3116
332 207 438 236 XVIII

810 184 1243 229 CORRIGENDA.

688 729 1362 787 GORRIGENDA.

332 992 422 1037 Pag.
475 990 530 1025 47.
557 999 666 1025 versu
695 988 746 1022 19.
772 987 890 1022 scribe
916 980 1163 1020 oratoria'e
1189 996 1257 1030 pro
1283 987 1536 1021 oratorias.

471 1047 526 1082 54.

458 1158 514 1194 84.

450 1215 526 1250 115.

448 1327 512 1362 145

366 1405 378 1411 -
447 1355 527 1418 162..
600 1403 612 1410 -

450 1439 525 1474 163.
596 1458 609 1466 -

448 1552 521 1587 176.

364 1631 376 1637 -
441 1609 509 1644 ead

369 1798 381 1804 -
447 1777 525 1812 204.

364 1854 376 1860 -
445 1833 525 1868 218.

365 1912 376 1917 -
446 1889 524 1925 228.

364 1968 376 1975 .
446 1946 511 1980 247

366 2025 377 2031 -
447 1972 525 2037 279..

364 2080 375 2085 -
445 2059 523 2093 304.

362 2136 374 2142 -
445 2114 524 2150 309.

364 2250 375 2255 -
444 2227 523 2262 316.

366 2305 377 2311 -
447 2284 525 2318 330.

446 2340 524 2373 345.

366 2418 377 2423 -
448 2396 522 2429 412.

366 2474 376 2479 -
447 2452 524 2486 414.

450 2508 525 2541 417.

451 1635 528 1699 185..

449 1722 527 1757 197.

704 1045 736 1079 4.
763 1042 904 1087 punctis
925 1042 1215 1087 distinguendum
1231 1047 1315 1086 post
1331 1041 1465 1076 Curio
1488 1045 1521 1089 ⁸?
1541 1047 1622 1088 post
1641 1043 1720 1079 Ca-

760 1099 901 1133 tulus.

675 1156 725 1191 10.
754 1161 836 1201 post
862 1155 893 1198 ς.
915 1153 970 1190 32.
996 1165 1093 1199 pone
1114 1154 1254 1188 titulum
1280 1154 1319 1189 C.
1347 1154 1498 1189 Curio.

599 1232 609 1238 -
680 1212 735 1246 22.
761 1211 878 1245 scribe
905 1212 1113 1256 partium
1140 1222 1207 1256 pro
1232 1212 1410 1255 partim.

450 1271 526 1306 143.
596 1289 609 1296 -

676 1269 731 1304 26.
758 1269 876 1302 scribe
903 1266 1180 1301 celebratus
1205 1278 1273 1312 pro
1299 1267 1588 1302 celebratos.

705 1326 735 1361 l.
761 1325 879 1359 scribe
905 1324 1119 1358 tributos
1144 1334 1209 1367 pro
1236 1323 1460 1358 tributas.

703 1382 736 1416 9.
761 1381 877 1415 scribe
902 1380 1124 1424 facisque
1150 1391 1217 1424 pro
1242 1379 1478 1423 facesque.

682 1438 735 1471 14.
760 1438 1221 1477 scribemaxumarum,
1242 1437 1325 1469 item
1342 1447 1376 1479 p.
1400 1434 1474 1469 196.
1489 1446 1524 1468 v.
1542 1434 1594 1468 12.
1615 1445 1719 1468 con-

762 1494 1113 1533 stantissumus,
1141 1497 1305 1525 nentrum
1332 1491 1527 1536 igitu1·.pe1·
1551 1492 1575 1525 i.

698 1550 730 1586 3.
757 1562 780 1584 n
792 1561 845 1584 on
861 1550 883 1583 d
894 1560 915 1582 u
927 1559 959 1581 m
976 1548 1203 1582 scribendum
1218 1548 1378 1589 divisim3
1393 1548 1477 1581 item
1490 1559 1525 1592 p.
1536 1546 1614 1583 200.
1625 1547 1716 1583 v.19.

593 1627 605 1634 -
675 1606 730 1640 22.
757 1606 873 1639 scribe
899 1610 1125 1639 constans
1150 1615 1216 1648 pro
1244 1609 1477 1638 constant.

705 1662 738 1696 8.
764 1661 882 1695 scribe
906 1662 937 1694 A
953 1661 1020 1694 cci
1043 1672 1110 1705 pro
1137 1660 1276 1694 Accii.

684 1718 736 1752 15.
762 1722 895 1762 puncto
922 1716 1210 1761 distinguendum
1234 1721 1317 1761 post
1342 1716 1672 1751 sublevabant.

598 1795 609 1802 -
679 1774 734 1808 28.
760 1773 879 1808 scribe
901 1774 962 1807 sit
991 1784 1055 1817 pro
1081 1773 1159 1807 sic.

597 1850 609 1858 -
678 1831 733 1865 28.
759 1830 877 1864 insere
905 1840 1067 1864 carere
1092 1834 1173 1873 post
1206 1828 1467 1873 figurarum.

698 1887 730 1921 9.
756 1887 896 1932 virgula
923 1885 1207 1930 distinguendum
1232 1889 1315 1929 post
1345 1885 1523 1920 laudas.

697 1943 730 1978 8.
756 1943 898 1988 virgula
923 1942 1209 1987 distinguendum
1233 1947 1316 1986 post
1341 1942 1543 1985 inquam.

704 2000 736 2036 5,
763 1999 880 2033 scribe
905 1999 1158 2033 barbaries
1185 2009 1251 2042 pro
1277 1997 1513 2032 barbaria.

697 2056 730 2090 2.
758 2055 897 2100 virgula
922 2054 1208 2100 distinguendum
1232 2059 1315 2098 post
1339 2055 1555 2088 maiores.

704 2112 733 2147 l.
759 2111 876 2145 scribe
912 2111 1052 2146 divisim
1086 2122 1138 2145 re
1174 2110 1384 2154 publica,
1409 2110 1494 2144 item
1520 2122 1555 2145 v.
1582 2111 1614 2145 4.
1642 2120 1719 2144 res

760 2168 971 2211 publica.

680 2224 733 2260 12.
760 2224 957 2257 semicolon
983 2224 1070 2257 tolle
1095 2229 1178 2268 post
1202 2234 1248 2257 se
1263 2223 1296 2257 d.

599 2301 610 2307 -
681 2280 735 2315 11.
762 2279 880 2313 scribe
904 2279 1174 2313 lectoribus
1203 2290 1270 2323 pro
1295 2278 1602 2313 lectioribus.

596 2357 608 2364 ·
673 2331 1716 2380 ult.scribeAscxsdccfluoutos·proAccxsd‘cct‘uevwn

595 2414 606 2421 -
677 2394 732 2427 24.
758 2392 876 2426 scribe
900 2393 1063 2436 Wopk.
1092 2402 1158 2436 pro
1186 2392 1306 2435 wop
1319 2397 1343 2425 t.

700 2449 732 2483 2.
760 2449 876 2482 scribe
902 2449 1026 2482 dixit
1049 2459 1115 2493 pro
1144 2447 1274 2481 dicti.

681 2505 738 2541 27.
765 2505 852 2539 tolle
878 2510 1047 2549 punctum
1071 2509 1155 2550 post
1185 2503 1314 2538 Crus.

807 2640 1251 2658 ww*
