<?xml version="1.0" encoding="UTF-8"?>
<!DOCTYPE html PUBLIC "-//W3C//DTD XHTML 1.0 Transitional//EN"
    "http://www.w3.org/TR/xhtml1/DTD/xhtml1-transitional.dtd">
<html xmlns="http://www.w3.org/1999/xhtml" xml:lang="en" lang="en">
 <head>
  <title>
</title>
<meta http-equiv="Content-Type" content="text/html;charset=utf-8" />
  <meta name='ocr-system' content='tesseract 3.04.00' />
  <meta name='ocr-capabilities' content='ocr_page ocr_carea ocr_par ocr_line ocrx_word'/>
</head>
<body>
  <div class='ocr_page' id='page_1' title='image "./brutussivedeclar00ciceuoft/brutussivedeclar00ciceuoft_0467.png"; bbox 0 0 1835 3126; ppageno 0'>
   <div class='ocr_carea' id='block_1_1' title="bbox 244 941 1542 1108">
    <p class='ocr_par' dir='ltr' id='par_1_1' title="bbox 244 941 1542 1108">
     <span class='ocr_line' id='line_1_1' title="bbox 603 941 1185 997; baseline -0.005 0"><span class='ocrx_word' id='word_1_1' title='bbox 603 943 957 997; x_wconf 78' lang='lat' dir='ltr'><strong>INDEX</strong></span> <span class='ocrx_word' id='word_1_2' title='bbox 1032 941 1185 995; x_wconf 86' lang='grc' dir='ltr'><strong>ΙΙΙ.</strong></span> 
     </span>
     <span class='ocr_line' id='line_1_2' title="bbox 244 1061 1542 1108; baseline -0.002 0"><span class='ocrx_word' id='word_1_3' title='bbox 244 1064 435 1108; x_wconf 80' lang='lat' dir='ltr'>RERUM</span> <span class='ocrx_word' id='word_1_4' title='bbox 465 1064 522 1107; x_wconf 89' lang='lat' dir='ltr'><em>IN</em></span> <span class='ocrx_word' id='word_1_5' title='bbox 550 1061 1057 1106; x_wconf 81' lang='lat' dir='ltr'><strong>EXPLICATIONIBUS</strong></span> <span class='ocrx_word' id='word_1_6' title='bbox 1089 1061 1542 1107; x_wconf 77' lang='lat' dir='ltr'><strong>TRAGTATARUM.</strong></span> 
     </span>
    </p>
   </div>
   <div class='ocr_carea' id='block_1_2' title="bbox 778 1186 1001 1192">
    <p class='ocr_par' dir='ltr' id='par_1_2' title="bbox 778 1186 1001 1192">
     <span class='ocr_line' id='line_1_3' title="bbox 778 1186 1001 1192; baseline 0 0"><span class='ocrx_word' id='word_1_7' title='bbox 778 1186 1001 1192; x_wconf 95' lang='lat' dir='ltr'><em> </em></span> 
     </span>
    </p>
   </div>
   <div class='ocr_carea' id='block_1_3' title="bbox 374 1265 1412 1372">
    <p class='ocr_par' dir='ltr' id='par_1_3' title="bbox 374 1265 1412 1372">
     <span class='ocr_line' id='line_1_4' title="bbox 374 1265 1412 1320; baseline -0.002 -13"><span class='ocrx_word' id='word_1_8' title='bbox 374 1266 534 1307; x_wconf 88' lang='lat' dir='ltr'><em>Numeri</em></span> <span class='ocrx_word' id='word_1_9' title='bbox 562 1267 754 1307; x_wconf 84' lang='lat' dir='ltr'><strong>sectiones</strong></span> <span class='ocrx_word' id='word_1_10' title='bbox 785 1266 867 1307; x_wconf 83' lang='lat' dir='ltr'><em>sive</em></span> <span class='ocrx_word' id='word_1_11' title='bbox 895 1266 1173 1320; x_wconf 82' lang='lat' dir='ltr'><em>paragraphos</em></span> <span class='ocrx_word' id='word_1_12' title='bbox 1203 1265 1412 1306; x_wconf 85' lang='lat' dir='ltr'>editionum</span> 
     </span>
     <span class='ocr_line' id='line_1_5' title="bbox 798 1332 983 1372; baseline 0 0"><span class='ocrx_word' id='word_1_13' title='bbox 798 1332 983 1372; x_wconf 70' lang='lat' dir='ltr'>indicant.</span> 
     </span>
    </p>
   </div>
   <div class='ocr_carea' id='block_1_4' title="bbox 757 1454 1033 1460">
    <p class='ocr_par' dir='ltr' id='par_1_4' title="bbox 757 1454 1033 1460">
     <span class='ocr_line' id='line_1_6' title="bbox 757 1454 1033 1460; baseline 0 0"><span class='ocrx_word' id='word_1_14' title='bbox 757 1454 1033 1460; x_wconf 95' lang='lat' dir='ltr'><em> </em></span> 
     </span>
    </p>
   </div>
   <div class='ocr_carea' id='block_1_5' title="bbox 195 1532 1591 2834">
    <p class='ocr_par' dir='ltr' id='par_1_5' title="bbox 197 1532 876 1580">
     <span class='ocr_line' id='line_1_7' title="bbox 197 1532 876 1580; baseline 0 -1"><span class='ocrx_word' id='word_1_15' title='bbox 197 1532 360 1580; x_wconf 78' lang='lat' dir='ltr'><em>Abesse</em></span> <span class='ocrx_word' id='word_1_16' title='bbox 385 1548 421 1579; x_wconf 87' lang='lat' dir='ltr'><em>et</em></span> <span class='ocrx_word' id='word_1_17' title='bbox 447 1544 578 1578; x_wconf 81' lang='lat' dir='ltr'><em>deesse</em></span> <span class='ocrx_word' id='word_1_18' title='bbox 603 1543 772 1578; x_wconf 85' lang='lat' dir='ltr'><em>distincta</em></span> <span class='ocrx_word' id='word_1_19' title='bbox 797 1544 876 1580; x_wconf 82' lang='lat'><strong>276.</strong></span> 
     </span>
    </p>

    <p class='ocr_par' dir='ltr' id='par_1_6' title="bbox 198 1598 1125 1636">
     <span class='ocr_line' id='line_1_8' title="bbox 198 1598 1125 1636; baseline 0 -1"><span class='ocrx_word' id='word_1_20' title='bbox 198 1598 401 1636; x_wconf 80' lang='lat' dir='ltr'><em>Ablatz&#39;vus</em></span> <span class='ocrx_word' id='word_1_21' title='bbox 425 1600 707 1636; x_wconf 79' lang='lat' dir='ltr'><em>adverbiascens</em></span> <span class='ocrx_word' id='word_1_22' title='bbox 735 1603 776 1636; x_wconf 78' lang='lat' dir='ltr'><em>in</em></span> <span class='ocrx_word' id='word_1_23' title='bbox 797 1611 872 1636; x_wconf 88' lang='lat' dir='ltr'><em>non</em></span> <span class='ocrx_word' id='word_1_24' title='bbox 896 1599 1020 1636; x_wconf 85' lang='lat' dir='ltr'>addito</span> <span class='ocrx_word' id='word_1_25' title='bbox 1049 1599 1125 1635; x_wconf 82' lang='grc'><strong>144.</strong></span> 
     </span>
    </p>

    <p class='ocr_par' dir='ltr' id='par_1_7' title="bbox 197 1656 649 1703">
     <span class='ocr_line' id='line_1_9' title="bbox 197 1656 649 1703; baseline 0 -11"><span class='ocrx_word' id='word_1_26' title='bbox 197 1657 242 1693; x_wconf 87' lang='lat' dir='ltr'><em>L.</em></span> <span class='ocrx_word' id='word_1_27' title='bbox 267 1657 412 1693; x_wconf 76' lang='lat' dir='ltr'><em>Accius</em></span> <span class='ocrx_word' id='word_1_28' title='bbox 435 1659 546 1703; x_wconf 77' lang='lat' dir='ltr'><em>poe&#39;ta</em></span> <span class='ocrx_word' id='word_1_29' title='bbox 573 1656 649 1692; x_wconf 90' lang='grc'><strong>107.</strong></span> 
     </span>
    </p>

    <p class='ocr_par' dir='ltr' id='par_1_8' title="bbox 197 1712 727 1749">
     <span class='ocr_line' id='line_1_10' title="bbox 197 1712 727 1749; baseline 0 0"><span class='ocrx_word' id='word_1_30' title='bbox 197 1714 442 1749; x_wconf 75' lang='lat' dir='ltr'><em>Acclamatio</em></span> <span class='ocrx_word' id='word_1_31' title='bbox 468 1713 627 1749; x_wconf 78' lang='lat' dir='ltr'><em>adversa</em></span> <span class='ocrx_word' id='word_1_32' title='bbox 648 1712 727 1749; x_wconf 80' lang='lat'><strong>256.</strong></span> 
     </span>
    </p>

    <p class='ocr_par' dir='ltr' id='par_1_9' title="bbox 196 1769 1366 1816">
     <span class='ocr_line' id='line_1_11' title="bbox 196 1769 1366 1816; baseline 0 -10"><span class='ocrx_word' id='word_1_33' title='bbox 196 1770 310 1807; x_wconf 75' lang='lat' dir='ltr'><em>Actio</em></span> <span class='ocrx_word' id='word_1_34' title='bbox 333 1777 500 1811; x_wconf 84' lang='lat' dir='ltr'><em>veterum</em></span> <span class='ocrx_word' id='word_1_35' title='bbox 525 1775 710 1805; x_wconf 82' lang='lat' dir='ltr'><em>oratorum</em></span> <span class='ocrx_word' id='word_1_36' title='bbox 734 1776 858 1805; x_wconf 80' lang='lat' dir='ltr'><em>nostra</em></span> <span class='ocrx_word' id='word_1_37' title='bbox 882 1770 990 1816; x_wconf 86' lang='lat' dir='ltr'><em>longe</em></span> <span class='ocrx_word' id='word_1_38' title='bbox 1013 1769 1265 1806; x_wconf 76' lang='lat' dir='ltr'><em>vehementior</em></span> <span class='ocrx_word' id='word_1_39' title='bbox 1289 1769 1366 1806; x_wconf 80' lang='lat'>278.</span> 
     </span>
    </p>

    <p class='ocr_par' dir='ltr' id='par_1_10' title="bbox 196 1826 664 1862">
     <span class='ocr_line' id='line_1_12' title="bbox 196 1826 664 1862; baseline 0 0"><span class='ocrx_word' id='word_1_40' title='bbox 196 1826 260 1862; x_wconf 77' lang='lat' dir='ltr'><em>Ad</em></span> <span class='ocrx_word' id='word_1_41' title='bbox 284 1826 393 1862; x_wconf 84' lang='lat' dir='ltr'><em>horas</em></span> <span class='ocrx_word' id='word_1_42' title='bbox 417 1827 560 1861; x_wconf 87' lang='lat' dir='ltr'><em>mittere</em></span> <span class='ocrx_word' id='word_1_43' title='bbox 584 1826 664 1862; x_wconf 76' lang='lat'><strong>200.</strong></span> 
     </span>
    </p>

    <p class='ocr_par' dir='ltr' id='par_1_11' title="bbox 196 1882 766 1929">
     <span class='ocr_line' id='line_1_13' title="bbox 196 1882 766 1929; baseline -0.004 -11"><span class='ocrx_word' id='word_1_44' title='bbox 196 1883 259 1918; x_wconf 76' lang='lat' dir='ltr'><em>Ad</em></span> <span class='ocrx_word' id='word_1_45' title='bbox 282 1883 426 1929; x_wconf 85' lang='lat' dir='ltr'><strong>plebem</strong></span> <span class='ocrx_word' id='word_1_46' title='bbox 451 1883 684 1918; x_wconf 84' lang='lat' dir='ltr'>transitiones</span> <span class='ocrx_word' id='word_1_47' title='bbox 711 1882 766 1917; x_wconf 76' lang='lat'><em>62.</em></span> 
     </span>
    </p>

    <p class='ocr_par' dir='ltr' id='par_1_12' title="bbox 196 1938 764 1985">
     <span class='ocr_line' id='line_1_14' title="bbox 196 1938 764 1985; baseline -0.005 -10"><span class='ocrx_word' id='word_1_48' title='bbox 196 1939 260 1975; x_wconf 79' lang='lat' dir='ltr'><em>Ad</em></span> <span class='ocrx_word' id='word_1_49' title='bbox 283 1939 454 1985; x_wconf 89' lang='lat' dir='ltr'><em>populum</em></span> <span class='ocrx_word' id='word_1_50' title='bbox 479 1940 502 1974; x_wconf 86' lang='lat' dir='ltr'><em>i.</em></span> <span class='ocrx_word' id='word_1_51' title='bbox 528 1951 562 1985; x_wconf 89' lang='lat' dir='ltr'><em>q.</em></span> <span class='ocrx_word' id='word_1_52' title='bbox 591 1938 686 1984; x_wconf 79' lang='lat' dir='ltr'><em>apud</em></span> <span class='ocrx_word' id='word_1_53' title='bbox 710 1938 764 1973; x_wconf 88' lang='lat'><em>56.</em></span> 
     </span>
    </p>

    <p class='ocr_par' dir='ltr' id='par_1_13' title="bbox 195 1995 680 2037">
     <span class='ocr_line' id='line_1_15' title="bbox 195 1995 680 2037; baseline -0.006 -6"><span class='ocrx_word' id='word_1_54' title='bbox 195 1996 304 2031; x_wconf 77' lang='lat' dir='ltr'><em>Adeo</em></span> <span class='ocrx_word' id='word_1_55' title='bbox 327 2006 426 2037; x_wconf 88' lang='lat' dir='ltr'><em>non,</em></span> <span class='ocrx_word' id='word_1_56' title='bbox 454 1995 580 2031; x_wconf 86' lang='lat' dir='ltr'><em>nullus</em></span> <span class='ocrx_word' id='word_1_57' title='bbox 603 1995 680 2029; x_wconf 79' lang='lat'>217.</span> 
     </span>
    </p>

    <p class='ocr_par' dir='ltr' id='par_1_14' title="bbox 196 2049 1062 2089">
     <span class='ocr_line' id='line_1_16' title="bbox 196 2049 1062 2089; baseline -0.006 -1"><span class='ocrx_word' id='word_1_58' title='bbox 196 2052 432 2089; x_wconf 77' lang='lat' dir='ltr'><em>Adolescens</em></span> <span class='ocrx_word' id='word_1_59' title='bbox 458 2058 494 2088; x_wconf 85' lang='lat' dir='ltr'><em>et</em></span> <span class='ocrx_word' id='word_1_60' title='bbox 518 2051 679 2087; x_wconf 80' lang='lat' dir='ltr'><em>adultus</em></span> <span class='ocrx_word' id='word_1_61' title='bbox 703 2051 749 2086; x_wconf 89' lang='lat' dir='ltr'><em>de</em></span> <span class='ocrx_word' id='word_1_62' title='bbox 774 2050 980 2086; x_wconf 82' lang='lat' dir='ltr'><em>civitatibus</em></span> <span class='ocrx_word' id='word_1_63' title='bbox 1007 2049 1062 2084; x_wconf 83' lang='lat'><em>39.</em></span> 
     </span>
    </p>

    <p class='ocr_par' dir='ltr' id='par_1_15' title="bbox 196 2106 910 2153">
     <span class='ocr_line' id='line_1_17' title="bbox 196 2106 910 2153; baseline -0.001 -10"><span class='ocrx_word' id='word_1_64' title='bbox 196 2108 240 2145; x_wconf 92' lang='lat' dir='ltr'><em>L.</em></span> <span class='ocrx_word' id='word_1_65' title='bbox 264 2109 399 2145; x_wconf 80' lang='lat' dir='ltr'><em>Aelius</em></span> <span class='ocrx_word' id='word_1_66' title='bbox 424 2107 529 2143; x_wconf 77' lang='lat' dir='ltr'><em>Stilo</em></span> <span class='ocrx_word' id='word_1_67' title='bbox 557 2107 808 2153; x_wconf 83' lang='lat' dir='ltr'><em>grammaticus</em></span> <span class='ocrx_word' id='word_1_68' title='bbox 835 2106 910 2142; x_wconf 87' lang='grc'><strong>169.</strong></span> 
     </span>
    </p>

    <p class='ocr_par' dir='ltr' id='par_1_16' title="bbox 200 2163 696 2208">
     <span class='ocr_line' id='line_1_18' title="bbox 200 2163 696 2208; baseline -0.006 -8"><span class='ocrx_word' id='word_1_69' title='bbox 200 2165 246 2208; x_wconf 81' lang='lat' dir='ltr'><em>Q.</em></span> <span class='ocrx_word' id='word_1_70' title='bbox 272 2164 410 2200; x_wconf 79' lang='lat' dir='ltr'><em>Aelius</em></span> <span class='ocrx_word' id='word_1_71' title='bbox 442 2163 594 2199; x_wconf 85' lang='lat' dir='ltr'><em>Tubero</em></span> <span class='ocrx_word' id='word_1_72' title='bbox 619 2163 696 2197; x_wconf 89' lang='lat'>117.</span> 
     </span>
    </p>

    <p class='ocr_par' dir='ltr' id='par_1_17' title="bbox 197 2218 850 2258">
     <span class='ocr_line' id='line_1_19' title="bbox 197 2218 850 2258; baseline -0.006 -1"><span class='ocrx_word' id='word_1_73' title='bbox 197 2220 406 2258; x_wconf 77' lang='lat' dir='ltr'><em>Aeschines</em></span> <span class='ocrx_word' id='word_1_74' title='bbox 432 2219 599 2255; x_wconf 88' lang='lat' dir='ltr'><em>Milesius</em></span> <span class='ocrx_word' id='word_1_75' title='bbox 623 2218 750 2254; x_wconf 88' lang='lat' dir='ltr'><strong>rhetor</strong></span> <span class='ocrx_word' id='word_1_76' title='bbox 773 2218 850 2254; x_wconf 78' lang='lat'><strong>325.</strong></span> 
     </span>
    </p>

    <p class='ocr_par' dir='ltr' id='par_1_18' title="bbox 197 2275 758 2313">
     <span class='ocr_line' id='line_1_20' title="bbox 197 2275 758 2313; baseline -0.007 0"><span class='ocrx_word' id='word_1_77' title='bbox 197 2278 435 2313; x_wconf 77' lang='lat' dir='ltr'><em>Aeserninus</em></span> <span class='ocrx_word' id='word_1_78' title='bbox 458 2276 657 2311; x_wconf 81' lang='lat' dir='ltr'><em>Marcellus</em></span> <span class='ocrx_word' id='word_1_79' title='bbox 683 2275 758 2311; x_wconf 82' lang='lat'><strong>136.</strong></span> 
     </span>
    </p>

    <p class='ocr_par' dir='ltr' id='par_1_19' title="bbox 196 2331 740 2382">
     <span class='ocr_line' id='line_1_21' title="bbox 196 2331 740 2382; baseline -0.006 -11"><span class='ocrx_word' id='word_1_80' title='bbox 196 2335 363 2382; x_wconf 70' lang='lat' dir='ltr'><em>Ayitare</em></span> <span class='ocrx_word' id='word_1_81' title='bbox 389 2334 412 2367; x_wconf 91' lang='lat' dir='ltr'><em>i.</em></span> <span class='ocrx_word' id='word_1_82' title='bbox 437 2345 471 2379; x_wconf 89' lang='lat' dir='ltr'><em>q.</em></span> <span class='ocrx_word' id='word_1_83' title='bbox 497 2343 636 2368; x_wconf 78' lang='lat' dir='ltr'><em>vexare</em></span> <span class='ocrx_word' id='word_1_84' title='bbox 665 2331 740 2368; x_wconf 83' lang='lat'>109.</span> 
     </span>
    </p>

    <p class='ocr_par' dir='ltr' id='par_1_20' title="bbox 197 2388 725 2427">
     <span class='ocr_line' id='line_1_22' title="bbox 197 2388 725 2427; baseline -0.008 0"><span class='ocrx_word' id='word_1_85' title='bbox 197 2392 241 2427; x_wconf 86' lang='grc' dir='ltr'><em>Α.</em></span> <span class='ocrx_word' id='word_1_86' title='bbox 268 2390 432 2426; x_wconf 82' lang='lat' dir='ltr'><em>Albinus</em></span> <span class='ocrx_word' id='word_1_87' title='bbox 456 2389 648 2425; x_wconf 87' lang='lat' dir='ltr'><em>historicus</em></span> <span class='ocrx_word' id='word_1_88' title='bbox 669 2388 725 2424; x_wconf 87' lang='grc'><em>81.</em></span> 
     </span>
    </p>

    <p class='ocr_par' dir='ltr' id='par_1_21' title="bbox 197 2446 532 2495">
     <span class='ocr_line' id='line_1_23' title="bbox 197 2446 532 2495; baseline -0.006 -12"><span class='ocrx_word' id='word_1_89' title='bbox 197 2446 269 2495; x_wconf 77' lang='lat' dir='ltr'><em>Sp.</em></span> <span class='ocrx_word' id='word_1_90' title='bbox 295 2446 455 2483; x_wconf 82' lang='lat' dir='ltr'><em>Albinus</em></span> <span class='ocrx_word' id='word_1_91' title='bbox 477 2447 532 2481; x_wconf 86' lang='grc'><em>94.</em></span> 
     </span>
    </p>

    <p class='ocr_par' dir='ltr' id='par_1_22' title="bbox 203 2502 782 2549">
     <span class='ocr_line' id='line_1_24' title="bbox 203 2502 782 2549; baseline -0.01 -9"><span class='ocrx_word' id='word_1_92' title='bbox 203 2504 243 2540; x_wconf 88' lang='grc' dir='ltr'><em>Τ.</em></span> <span class='ocrx_word' id='word_1_93' title='bbox 268 2503 455 2540; x_wconf 79' lang='lat' dir='ltr'><em>Albucius</em></span> <span class='ocrx_word' id='word_1_94' title='bbox 478 2502 681 2549; x_wconf 88' lang='lat' dir='ltr'><em>Epicureus</em></span> <span class='ocrx_word' id='word_1_95' title='bbox 709 2502 782 2536; x_wconf 86' lang='lat'><strong>131.</strong></span> 
     </span>
    </p>

    <p class='ocr_par' dir='ltr' id='par_1_23' title="bbox 196 2558 691 2597">
     <span class='ocr_line' id='line_1_25' title="bbox 196 2558 691 2597; baseline -0.008 0"><span class='ocrx_word' id='word_1_96' title='bbox 196 2561 310 2597; x_wconf 80' lang='lat' dir='ltr'><em>Altus</em></span> <span class='ocrx_word' id='word_1_97' title='bbox 334 2560 611 2596; x_wconf 84' lang='lat' dir='ltr'><em>ciceronianum</em></span> <span class='ocrx_word' id='word_1_98' title='bbox 635 2558 691 2594; x_wconf 88' lang='grc'><em>39.</em></span> 
     </span>
    </p>

    <p class='ocr_par' dir='ltr' id='par_1_24' title="bbox 197 2615 718 2662">
     <span class='ocr_line' id='line_1_26' title="bbox 197 2615 718 2662; baseline -0.004 -8"><span class='ocrx_word' id='word_1_99' title='bbox 197 2617 434 2653; x_wconf 80' lang='lat' dir='ltr'><em>Amatorum</em></span> <span class='ocrx_word' id='word_1_100' title='bbox 460 2616 613 2662; x_wconf 86' lang='lat' dir='ltr'><em>impetus</em></span> <span class='ocrx_word' id='word_1_101' title='bbox 638 2615 718 2652; x_wconf 88' lang='lat'><strong>330.</strong></span> 
     </span>
    </p>

    <p class='ocr_par' dir='ltr' id='par_1_25' title="bbox 198 2668 1591 2776">
     <span class='ocr_line' id='line_1_27' title="bbox 198 2668 1591 2718; baseline -0.003 -8"><span class='ocrx_word' id='word_1_102' title='bbox 198 2674 259 2710; x_wconf 81' lang='lat' dir='ltr'><em>An</em></span> <span class='ocrx_word' id='word_1_103' title='bbox 291 2675 328 2709; x_wconf 90' lang='lat' dir='ltr'><em>in</em></span> <span class='ocrx_word' id='word_1_104' title='bbox 352 2673 533 2709; x_wconf 84' lang='lat' dir='ltr'><em>sententia</em></span> <span class='ocrx_word' id='word_1_105' title='bbox 562 2672 826 2718; x_wconf 81' lang='lat' dir='ltr'><em>interrogativa</em></span> <span class='ocrx_word' id='word_1_106' title='bbox 850 2669 960 2706; x_wconf 83' lang='lat' dir='ltr'>dubia</span> <span class='ocrx_word' id='word_1_107' title='bbox 983 2675 1019 2704; x_wconf 81' lang='lat' dir='ltr'><em>et</em></span> <span class='ocrx_word' id='word_1_108' title='bbox 1042 2670 1182 2705; x_wconf 79' lang='lat' dir='ltr'><em>incerta</em></span> <span class='ocrx_word' id='word_1_109' title='bbox 1209 2668 1265 2706; x_wconf 83' lang='lat'><em>89.</em></span> <span class='ocrx_word' id='word_1_110' title='bbox 1290 2689 1336 2695; x_wconf 94' lang='lat'>—</span> <span class='ocrx_word' id='word_1_111' title='bbox 1370 2669 1431 2706; x_wconf 81' lang='lat' dir='ltr'><em>An</em></span> <span class='ocrx_word' id='word_1_112' title='bbox 1460 2675 1495 2705; x_wconf 84' lang='lat' dir='ltr'><em>et</em></span> <span class='ocrx_word' id='word_1_113' title='bbox 1522 2673 1591 2707; x_wconf 77' lang='lat' dir='ltr'><em>aul</em></span> 
     </span>
     <span class='ocr_line' id='line_1_28' title="bbox 242 2725 1420 2776; baseline -0.003 -11"><span class='ocrx_word' id='word_1_114' title='bbox 242 2731 279 2765; x_wconf 89' lang='lat' dir='ltr'><em>in</em></span> <span class='ocrx_word' id='word_1_115' title='bbox 301 2728 650 2776; x_wconf 84' lang='lat' dir='ltr'><em>interrogationibus</em></span> <span class='ocrx_word' id='word_1_116' title='bbox 677 2740 751 2763; x_wconf 90' lang='lat' dir='ltr'><em>non</em></span> <span class='ocrx_word' id='word_1_117' title='bbox 776 2727 944 2770; x_wconf 83' lang='lat' dir='ltr'><em>confusa,</em></span> <span class='ocrx_word' id='word_1_118' title='bbox 972 2726 1039 2762; x_wconf 70' lang='lat' dir='ltr'><em>secl</em></span> <span class='ocrx_word' id='word_1_119' title='bbox 1061 2727 1099 2762; x_wconf 93' lang='lat' dir='ltr'><em>vi</em></span> <span class='ocrx_word' id='word_1_120' title='bbox 1124 2726 1270 2762; x_wconf 82' lang='lat' dir='ltr'><em>diversa</em></span> <span class='ocrx_word' id='word_1_121' title='bbox 1296 2725 1370 2762; x_wconf 79' lang='lat'>162.</span> <span class='ocrx_word' id='word_1_122' title='bbox 1418 2744 1420 2748; x_wconf 39' lang='grc' dir='ltr'><em>ν</em></span> 
     </span>
    </p>

    <p class='ocr_par' dir='ltr' id='par_1_26' title="bbox 197 2784 915 2834">
     <span class='ocr_line' id='line_1_29' title="bbox 197 2784 915 2834; baseline -0.004 -12"><span class='ocrx_word' id='word_1_123' title='bbox 197 2786 462 2834; x_wconf 71' lang='lat' dir='ltr'><em>Anaxaqoras</em></span> <span class='ocrx_word' id='word_1_124' title='bbox 484 2785 639 2821; x_wconf 88' lang='lat' dir='ltr'><em>Periclis</em></span> <span class='ocrx_word' id='word_1_125' title='bbox 666 2785 836 2831; x_wconf 85' lang='lat' dir='ltr'><em>magister</em></span> <span class='ocrx_word' id='word_1_126' title='bbox 860 2784 915 2819; x_wconf 84' lang='grc'><em>44.</em></span> 
     </span>
    </p>
   </div>
   <div class='ocr_carea' id='block_1_6' title="bbox 8 0 59 3126">
    <p class='ocr_par' dir='ltr' id='par_1_27' title="bbox 8 0 59 3126">
     <span class='ocr_line' id='line_1_30' title="bbox 8 0 59 3126; baseline 0 0"><span class='ocrx_word' id='word_1_127' title='bbox 8 0 59 3126; x_wconf 95' lang='lat' dir='ltr'><em> </em></span> 
     </span>
    </p>
   </div>
  </div>
 </body>
</html>
