1835 3126
322 227 449 293 aas
745 239 1280 286 EXPLIGATIONES

322 357 372 397 ad
404 367 538 408 quem,
580 353 707 406 qualis
745 359 824 400 est,
864 353 1103 392 efficiendum
1143 356 1272 394 omnia
1310 354 1456 394 collata
1486 358 1590 402 sunt,
1627 353 1709 405 pri·

322 435 421 463 mum
461 433 486 460 a
522 425 679 467 natura,
718 418 856 458 deinde
896 419 1011 458 etiam
1048 419 1097 457 ab
1136 425 1231 459 arte.
1291 422 1357 460 Sic
1402 420 1578 460 dicuntur
1616 420 1709 466 facti

320 490 598 541 imperatoreS,
643 486 724 526 Cic.
753 484 874 525 Aead.
906 485 953 525 II.
986 487 1029 533 l,
1060 487 1117 532 2.;
1155 486 1279 532 factus
1310 486 1359 525 ad
1393 486 1541 538 aliquid
1570 485 1710 522 tutelli-

320 555 479 605 yendum
507 553 789 602 faciendumque
829 551 918 591 Mil.
947 552 986 590 4.
1021 553 1110 598 10.;
1148 551 1198 588 ad
1229 552 1421 588 dicendum
1449 553 1573 598 factus
1600 552 1708 590 Brut.

320 622 396 669 45,
427 622 544 667 168.;
573 625 685 657 natus
709 619 886 656 educatus
910 618 1035 665 factus
1057 620 1181 655 animo
1205 624 1237 655 ct
1262 631 1414 667 corpore
1436 618 1546 658 Verr.
1571 619 1709 657 Aecus.

321 687 387 727 III.
418 687 494 734 57,
522 687 635 733 137.;
665 686 753 724 hinc
785 690 822 725 et
851 684 942 724 dolo
971 685 1221 724 subornatum
1248 690 1284 723 et
1314 685 1528 723 institutum
1558 683 1608 721 ad
1637 684 1711 722 ali-

322 753 415 805 quid
445 751 741 792 ementiendum:
782 755 845 801 qul
881 752 970 789 illuc
1004 752 1130 798 factus
1159 757 1193 788 ct
1228 754 1421 789 institutus
1450 753 1608 788 venisset
1634 750 1711 788 Att.

321 820 368 860 Π.
399 821 464 858 24.
523 820 558 858 A
586 820 712 871 prima
740 818 923 859 vocabuli
949 818 988 858 vi
1018 817 1205 857 deflexum
1236 823 1314 865 est,
1355 816 1458 868 quod
1486 816 1648 868 politum
1678 820 1715 854 et

322 892 407 926 arte
432 886 572 925 cultum
596 886 800 936 significat,
824 890 867 925 ut
890 886 929 924 in
945 885 1110 922 verstbns
1126 885 1239 932 factis
1253 884 1347 923 Hor.
1365 884 1488 923 Serm.
1505 883 1534 922 Ι.
1550 882 1616 930 50,
1633 882 1713 928 58.,

323 953 529 1000 artificibus
570 953 668 991 domi
706 956 808 990 natis
837 953 1006 1001 domlque
1039 952 1152 998 sactls
1181 950 1277 1002 Nep.
1307 952 1386 990 Att.
1419 951 1504 997 13.‚
1547 951 1713 986 oratione

321 1020 427 1066 facta
463 1025 496 1055 ct
530 1019 649 1067 pollta
689 1019 848 1068 quodam
884 1018 992 1054 modo
1025 1017 1071 1056 (le
1103 1018 1169 1057 ΟΥ.
1197 1017 1265 1056 ΠΙ.
1297 1017 1371 1064 48,
1405 1017 1497 1055 184.
1556 1014 1714 1055 Erravit

322 1084 566 1124 Heindorfius
595 1085 635 1122 in
657 1084 750 1123 Hor.
781 1084 807 1123 l.
839 1095 870 1122 c.
900 1084 1108 1135 participio
1132 1083 1207 1122 soli
1231 1094 1315 1121 eam
1337 1083 1413 1122 vim
1435 1082 1711 1122 vindicaturus.

322 1148 422 1189 Nam
462 1150 607 1200 legitur
647 1151 772 1196 facere
807 1155 840 1186 et
877 1150 996 1198 polire
1031 1153 1236 1187 orationem
1275 1148 1321 1188 de
1361 1150 1426 1189 Or.
1466 1148 1494 1187 I.
1534 1150 1605 1196 14,
1644 1149 1709 1187 63.

322 1218 446 1264 facere
476 1221 510 1252 ct
540 1227 676 1253 ornare
706 1216 772 1254 Or.
803 1215 875 1262 51,
905 1217 997 1253 172.

433 1284 642 1319 Leontinus
673 1279 847 1329 Gorytas]
879 1280 920 1318 in
946 1280 1059 1318 huius
1090 1284 1127 1318 et
1147 1279 1333 1318 Demetrii
1354 1280 1539 1318 Phalerei
1562 1281 1713 1320 nomine

323 1360 405 1389 mos
439 1352 497 1386 est
526 1346 727 1386 Ciceronis
755 1357 1000 1398 praeponere
1029 1346 1175 1396 gentile
1209 1344 1307 1384 illud
1336 1346 1517 1397 proprio;
1557 1347 1712 1398 quippe,

325 1426 410 1454 cum
448 1414 604 1453 nomina
640 1414 729 1465 ipsa
765 1413 924 1453 Graecis
958 1413 1211 1452 usitatissima
1248 1418 1394 1460 essent,
1435 1412 1510 1452 duo
1546 1412 1607 1452 illi
1639 1413 1714 1452 viri

324 1481 574 1532 cognomines
605 1491 696 1519 suos
727 1479 959 1519 claritudine
990 1481 1047 1519 ita
1077 1484 1328 1531 superarunt,
1359 1484 1401 1518 ut
1431 1491 1549 1532 saepe
1579 1479 1717 1530 gentili

324 1548 478 1587 nomine
508 1547 593 1587 solo
625 1546 863 1595 dicerentur,
902 1541 924 1587 ὁ
956 1546 1217 1594 Λεοντῖνος,
1249 1540 1271 1586 ὁ
1305 1542 1547 1599 Φαληρεύς.
1606 1546 1713 1586 Raro

323 1615 463 1655 Cicero
503 1614 584 1653 alia
611 1614 686 1662 sic,
723 1614 829 1654 velut
856 1614 987 1650 Eleum
1026 1616 1206 1663 Hippiam
1243 1612 1289 1652 de
1321 1613 1388 1653 Or.
1418 1613 1483 1653 III.
1515 1615 1587 1661 32,
1622 1614 1713 1653 127.

324 1682 384 1721 De
422 1681 606 1733 sophistis
643 1681 724 1720 illis
765 1680 917 1720 dicendi
954 1680 1152 1731 magistris
1194 1680 1337 1718 similia
1377 1679 1602 1731 praedicat,
1648 1680 1714 1731 qui

326 1748 552 1788 Ciceronem
580 1753 668 1787 ante
698 1748 832 1788 oculos
859 1748 1014 1796 habuit,
1048 1747 1307 1796 Quintilianus
1336 1747 1401 1786 III.
1431 1749 1474 1795 l,
1506 1748 1544 1786 8.
1592 1747 1715 1784 Causa

324 1814 482 1860 inferior
522 1819 562 1851 ut
593 1818 763 1863 superior
802 1815 988 1852 videretur
1025 1820 1208 1866 tanquam
1248 1826 1355 1852 suam
1393 1813 1584 1865 quandam
1620 1824 1714 1865 pro-

324 1880 491 1920 vinciam
514 1879 678 1918 docendi
700 1880 775 1917 sibi
801 1881 962 1930 sumpsit
984 1881 1240 1930 Protagoras,
1264 1881 1425 1920 Aristot.
1450 1881 1562 1920 Rhet.
1577 1879 1624 1918 II.
1648 1880 1713 1918 24.

327 1945 427 1986 Gell.
458 1945 504 1986 V.
534 1947 571 1984 3.
634 1945 802 1995 Gorgias
836 1951 962 1984 autem
1001 1951 1037 1984 et
1066 1947 1228 1997 Hippias
1267 1946 1314 1985 de
1352 1948 1454 1985 omni
1492 1959 1556 1993 re,
1594 1957 1714 1997 quae-

327 2023 476 2063 cunque
499 2011 550 2050 ad
572 2011 868 2064 disputationem
889 2018 1183 2064 proponeretur,
1209 2024 1256 2051 ex
1278 2018 1450 2064 tempore
1475 2024 1515 2051 se
1543 2012 1713 2051 dicturos

324 2078 627 2132 profitebantur,
659 2090 879 2129 quanquam
900 2080 939 2117 in
965 2080 1114 2129 Gorgia
1131 2084 1234 2117 certe
1258 2079 1411 2118 easdem
1433 2079 1525 2118 illos
1549 2078 1712 2118 fallendi

326 2145 503 2195 argutias
534 2144 730 2195 vituperat
758 2144 872 2183 Plato
902 2144 1070 2184 Phaedr.
1102 2157 1140 2196 p.
1172 2147 1265 2184 267.
1298 2147 1343 2184 A.

438 2210 646 2259 Abderites]
692 2210 872 2249 Formam
910 2211 1090 2248 Abdcrtta
1130 2217 1235 2250 recte
1271 2211 1423 2252 videtur
1465 2224 1489 2250 a
1522 2211 1713 2251 Cicerone

326 2277 553 2317 abiudicare
580 2276 759 2327 Madvig.
789 2278 828 2315 in
856 2277 940 2316 Fin.
971 2290 1008 2328 p.
1041 2278 1134 2317 306.

437 2345 504 2383 31.
562 2344 729 2390 refellere
767 2344 909 2381 solebat
949 2343 1093 2392 [verbis]
1135 2346 1373 2389 ‚,Insliluta,
1411 2345 1485 2383 hoc
1515 2349 1572 2383 est
1600 2357 1712 2393 prae-

326 2416 431 2460 cepta
461 2410 734 2461 Sophistarum
769 2410 890 2448 verbis
920 2409 1094 2450 Socratis
1132 2410 1275 2450 referri
1303 2422 1348 2450 eo
1375 2411 1496 2449 minus
1528 2410 1713 2449 credibile

322 2476 495 2524 videtur,
531 2476 633 2528 quod
670 2477 827 2516 illorum
857 2476 1136 2528 disputationes
1167 2478 1277 2529 ipsae
1305 2478 1435 2517 verbis
1465 2477 1712 2516 contineban-

322 2547 405 2590 tur,
442 2542 510 2582 sed
548 2543 726 2582 oratione
768 2548 958 2595 perpetua
995 2541 1179 2591 diductis;
1220 2556 1429 2595 eorumque
1465 2539 1622 2595 λόγους
1649 2542 1712 2582 vel

323 2603 481 2660 λόγους
516 2606 713 2663 μακροὺς
753 2611 867 2650 Plato
915 2610 1153 2661 distinguere
1196 2611 1296 2650 solet
1340 2611 1388 2649 ab
1434 2611 1611 2661 magistri
1653 2609 1712 2648 sui

321 2671 600 2730 ἐρωτήσεσιν.
655 2676 766 2726 Quod
797 2678 830 2716 si
860 2682 1027 2716 tutamur
1055 2678 1196 2726 verbis,
1223 2677 1336 2716 debet
1363 2677 1403 2716 id
1433 2677 1483 2717 ad
1514 2676 1711 2728 colloquia

320 2742 497 2782 Socratis
538 2743 698 2792 referri,
743 2744 809 2795 qui
843 2755 973 2784 coram
1018 2756 1148 2784 omnes
1189 2745 1435 2796 quaestiones
1474 2744 1707 2794 transigeret
