1835 3126
544 163 804 208 BRUTUS
844 163 964 209 GAP.
993 164 1061 208 46.
1092 164 1162 208 47.
1419 167 1546 210 233

160 284 282 321 retur.
349 274 525 319 Omnino
571 277 655 328 sic,
697 283 740 319 ut
784 279 948 333 opinor,
991 278 1033 319 in
1074 278 1230 320 nostris
1274 282 1337 319 est
1381 276 1547 332 quidam

160 355 425 405 urbanorum,
477 355 582 397 sicut
630 355 718 397 illic
761 356 990 398 Atticorum
1042 369 1181 398 sonus.
1255 353 1342 397 Sed
1387 355 1556 418 dom-um*

158 432 398 493 redeamus,
428 433 469 475 id
501 440 564 475 est
595 433 647 475 ad
678 440 841 476 nostros
875 441 1140 478 revertamur.
1270 418 1293 424 μ
1332 415 1386 423 -.-

162 497 185 506 ⁸
269 509 436 553 XLVII.
482 512 575 554 173.
618 511 787 555 Duobus
823 515 949 568 igitur
983 514 1151 555 summis
1189 510 1344 553 Crasso
1383 516 1422 553 et
1459 509 1548 552 An-

157 591 270 631 tonio
302 588 350 630 L.
380 589 590 646 Philippus
621 605 839 647 proxumus
874 592 1121 642 accedebat,
1161 591 1234 633 sed
1264 590 1391 644 longo
1422 590 1549 631 inter-

158 667 272 710 vallo
317 674 453 710 tamen
497 682 730 724 proxumus.
797 672 934 726 itaque
978 684 1092 720 eum,
1141 671 1218 712 etsi
1259 681 1380 710 nemo
1423 669 1549 709 inter-

162 745 354 796 cedebat,
395 747 464 802 qui
503 760 547 789 se
587 747 649 788 illi
689 748 931 798 anteferret,
976 760 1108 803 neque
1149 747 1372 788 secundum
1411 753 1549 787 tamen

158 837 291 880 neque
326 826 488 867 tertium
518 825 704 866 dixerim.
762 824 848 866 Nec
881 826 989 866 enim
1030 826 1072 866 iu
1103 824 1317 879 quadrigis
1351 836 1442 863 eum
1481 835 1550 864 se-

160 902 335 944 cundum
372 903 673 943 numeraverim
713 908 781 943 aut
816 904 1000 952 tertium,
1040 903 1108 956 qui
1144 903 1213 943 vix
1249 914 1271 942 e
1309 899 1549 942 carceribus

159 982 324 1030 exierit,
363 993 451 1022 cum
489 979 668 1034 palmam
699 981 782 1020 iam
817 980 971 1034 primus
1003 980 1232 1034 acceperit,
1271 991 1349 1020 nec
1382 979 1424 1018 in
1455 990 1551 1019 ora-

155 1057 334 1106 toribus,
369 1059 438 1112 qui
466 1063 622 1098 tantum
653 1056 762 1099 absit
795 1070 820 1098 a
848 1058 1001 1113 primo,
1037 1058 1107 1099 vix
1136 1064 1178 1098 ut
1207 1058 1249 1098 in
1280 1055 1426 1099 eodem
1458 1069 1552 1098 cur-

156 1135 289 1178 riculo
328 1148 424 1177 esse
460 1135 662 1178 videatur.
721 1134 808 1177 Sed
849 1142 986 1177 tamen
1024 1142 1142 1178 erant
1179 1149 1232 1177 ea
1269 1136 1311 1176 in
1348 1134 1549 1190 Philippo,

158 1228 263 1271 quae
290 1218 358 1270 qui
383 1216 471 1255 sine
495 1216 804 1270 comparatione
827 1214 992 1257 illorum
1015 1221 1240 1270 spectaret,
1270 1215 1373 1255 satis
1396 1226 1550 1268 magna

161 1293 335 1335 diceret:
367 1305 527 1334 summa
548 1292 721 1335 libertas
746 1294 788 1334 in
812 1294 1020 1343 oratione,
1043 1293 1194 1335 multae
1218 1293 1420 1342 facetiae,
1447 1293 1550 1333 satis

161 1371 307 1413 creber
342 1372 386 1412 in
418 1371 698 1426 reperiendis,
738 1371 895 1413 solutus
935 1373 977 1412 in
1017 1371 1274 1427 explicandis
1315 1371 1551 1421 sententiis3

162 1456 251 1491 erat
274 1451 398 1491 etiam
422 1450 463 1490 in
484 1450 648 1505 primis,
671 1456 713 1491 ut
736 1449 987 1505 temporibus
1011 1450 1119 1500 illis,
1153 1448 1328 1491 Graecis
1353 1449 1551 1491 doctrinis

161 1528 387 1578 institutus,
427 1528 469 1568 in
501 1527 741 1570 altercando
781 1541 871 1570 cum
902 1527 1042 1583 aliquo
1075 1527 1222 1570 aculeo
1262 1534 1301 1569 et
1330 1527 1552 1569 maledicto

160 1606 333 1648 facetus.
394 1604 488 1647 174.
530 1604 684 1647 Horum
723 1608 849 1647 aetati
882 1620 1008 1661 prope
1042 1607 1281 1648 coniunctus
1311 1604 1359 1647 L.
1390 1604 1552 1647 Gellius

159 1697 244 1726 non
279 1690 362 1725 tam
399 1682 623 1725 vendibilis
663 1690 823 1734 orator,
865 1686 1027 1738 [quam]
1067 1690 1109 1724 ut
1145 1684 1333 1725 nescires
1374 1683 1471 1738 quid
1512 1684 1552 1725 ei

163 1762 341 1806 deesset.
398 1774 476 1803 nec
515 1763 624 1802 enim
662 1768 751 1803 erat
780 1761 969 1804 indoctus
1008 1774 1086 1803 nec
1116 1761 1260 1804 tardus
1299 1760 1353 1803 ad
1382 1762 1552 1815 excogi-

246 1884 305 1910 174.
344 1882 461 1917 [quam]
482 1882 527 1917 nl]
549 1884 613 1909 sine
633 1884 728 1910 uncis.

161 1961 235 1998 Ott.
258 1981 306 1990 ·-—
344 1962 576 2008 loqueretur.
631 1961 798 1998 Omnino
824 1963 896 2007 sic]
922 1964 991 2007 sic,
1015 1968 1054 1997 ut
1076 1963 1225 1998 volebat
1248 1962 1393 2005 Rivius,
1424 1963 1491 2009 Lg.
1515 1963 1550 1999 8.

159 2019 214 2055 39.
235 2019 289 2055 51.
309 2019 363 2054 56.
381 2019 436 2053 58.
470 2019 562 2054 Ven.
584 2020 614 2054 l.
642 2018 717 2056 Ott.
770 2020 993 2064 loqueretur
1018 2022 1205 2054 omnium.
1256 2018 1328 2054 Sic
1351 2024 1396 2053 ut
1421 2020 1476 2054 ed.
1496 2031 1551 2064 pr.

159 2075 225 2121 Lg.
252 2081 334 2110 cett.
368 2075 449 2111 vat.
501 2074 620 2110 Sicut
646 2088 712 2121 pro
740 2080 798 2111 sic
821 2082 863 2111 ut
891 2076 957 2122 Lg.
985 2083 1132 2121 praeter
1159 2076 1214 2110 20.
1240 2076 1295 2110 35.
1321 2076 1374 2110 53.
1402 2076 1455 2109 68.
1482 2076 1551 2117 70.,

158 2134 244 2166 item
270 2133 360 2166 Ven.
388 2133 417 2166 l.
442 2150 488 2157 »-
526 2132 622 2176 illic]
651 2133 730 2166 illis
756 2133 840 2166 Par.
865 2133 911 2166 D.
961 2133 1024 2166 ille
1049 2132 1114 2177 Lg.
1140 2132 1194 2166 20.
1224 2132 1279 2166 51.
1304 2131 1358 2165 56.
1409 2133 1448 2165 z‘n
1474 2131 1553 2165 illis

160 2188 245 2222 sch.
271 2208 317 2213 —
350 2189 612 2231 revertamur]
637 2193 885 2222 revortamur
906 2186 982 2223 Ott.
1024 2188 1149 2222 Verba
1175 2188 1217 2222 id
1242 2192 1298 2221 est
1323 2187 1376 2221 ad
1397 2192 1553 2222 nostros

161 2249 408 2278 revertamur
441 2244 648 2287 interpretis
680 2255 822 2278 manum
854 2245 1014 2289 pluribus
1045 2245 1215 2278 redolere
1246 2244 1327 2278 visa
1356 2250 1456 2285 sunt,
1489 2244 1554 2278 sed

161 2311 229 2334 nec
255 2305 334 2333 sunt
358 2311 649 2342 supervacanea,
677 2306 714 2333 ut
735 2300 951 2334 Ruhnkenio
976 2301 1090 2334 visum
1111 2301 1172 2344 (ad
1191 2301 1284 2334 Vell.
1301 2299 1342 2334 11.
1365 2300 1459 2343 23),
1488 2312 1554 2334 nec

161 2357 213 2391 sic
232 2355 485 2400 intelligenda,
508 2361 544 2389 ut
562 2355 670 2401 vulgo
690 2354 748 2396 fit;
774 2367 845 2390 non
864 2354 1067 2401 significant
1089 2356 1181 2390 enim
1202 2356 1363 2390 Athenis
1383 2356 1553 2390 Romam

160 2412 387 2452 redeamus,
425 2411 490 2445 sed
523 2423 544 2445 a
575 2411 679 2445 sociis
712 2418 747 2446 et
772 2412 903 2446 Latino
930 2413 1073 2447 nomine
1105 2413 1150 2446 ad
1177 2413 1359 2447 Romanos
1387 2419 1554 2448 oratores

161 2475 401 2502 revertamur.
451 2468 652 2512 Utrumque
677 2469 783 2502 docte
809 2470 977 2513 exposuit
1000 2469 1233 2514 Bernhardy.

253 2523 399 2559 XLvll.
452 2524 526 2560 173.
570 2526 806 2572 proxumus]
842 2526 893 2559 sic
922 2525 989 2571 Lg.
1014 2525 1047 2559 8.
1081 2525 1134 2560 39.
1169 2526 1224 2560 51.
1250 2525 1304 2559 53.
1338 2525 1393 2560 58.
1426 2525 1480 2559 68.
1518 2531 1554 2559 et

162 2592 247 2614 mox
274 2580 389 2614 eidem
416 2586 451 2614 et
474 2580 528 2616 35.
552 2582 606 2616 70.
642 2585 843 2616 mamimus
869 2581 936 2616 Gu.
958 2583 986 2617 l.
1011 2602 1056 2607 —
1091 2582 1304 2628 acceperit]
1335 2584 1553 2627 accepisset

164 2636 221 2672 ed.
246 2648 298 2682 pr.
324 2656 371 2661 —-
404 2639 446 2671 in
465 2638 625 2683 primis]
649 2638 701 2672 sic
725 2639 865 2673 divisim
891 2638 994 2674 codd.
1020 2644 1167 2684 praeter
1191 2637 1257 2683 Lg.
1283 2637 1339 2670 53.
1363 2638 1418 2671 58.

258 2692 332 2727 174.
380 2704 460 2729 non
482 2698 568 2730 cam
589 2695 811 2741 vendibilis]
845 2695 1022 2742 Meyerus
1047 2695 1228 2742 explieat:
1256 2705 1335 2730 non,
1360 2698 1445 2729 tam
1472 2695 1551 2729 eati-
