1835 3126
0 3003 13 3126 μ-εςτ..

360 116 555 160 BREVlS
586 113 981 168 ELOQUENTIAE
1013 113 1148 158 ROM.
1179 114 1323 158 HIST.
1463 118 1542 162 82

151 235 190 273 in
219 236 417 273 oratorum
454 242 651 271 numerum
680 226 884 282 venit(⁴³).
943 229 1041 269 Hinc
1076 231 1294 271 orationum
1323 230 1406 270 eius
1442 242 1541 282 pau-

151 312 282 340 carum
319 299 474 339 nomina
510 304 548 338 et
585 303 718 351 partes
759 302 934 337 retentae
972 301 1058 336 sunt
1095 310 1119 337 a
1159 297 1427 350 scriptoribus.
1494 298 1541 335 In

153 370 334 405 Titinium
364 378 437 419 pro
464 366 551 406 Ser.
571 365 720 405 Naevio
753 364 882 404 dicens
913 369 1049 403 contra
1074 364 1226 404 Cottam
1255 369 1292 404 et
1314 363 1541 405 Ciceronem

149 439 307 485 repente
342 433 484 473 oblitus
515 437 572 472 est
603 444 703 484 quae
732 431 904 472 (licturus
935 436 1019 471 erat
1044 428 1133 481 (⁴⁴);
1169 431 1234 471 (liu
1261 436 1350 470 ante
1375 432 1540 478 fratrum

149 501 347 538 Cossorum
389 512 545 539 causam
589 505 724 539 contra
763 500 821 539 M.
858 499 1065 539 Antonium
1107 499 1187 549 egit
1212 495 1300 549 (¹¹5);
1344 498 1539 535 Metellum

144 569 327 617 Nepotem
350 567 550 607 Balearici
579 566 698 606 filium
729 579 808 606 cos.
838 580 872 606 a.
901 567 984 606 656
1014 566 1211 606 accusavit
1240 571 1292 613 et,
1324 577 1408 604 cum
1431 563 1538 604 illius

145 633 247 673 filius
278 634 413 673 eodem
448 635 678 685 cognomine
706 634 906 687 praeditus
936 633 1054 673 simili
1081 633 1122 672 in
1148 632 1355 673 Curionem
1385 632 1539 671 actione

144 701 332 740 intentata
354 706 506 753 patrem
528 701 679 741 ulturus
704 706 827 750 esset,
850 701 919 740 ille
941 694 1304 752 ἇντικατηγορίαν
1327 697 1537 738 minitando

144 768 358 820 periculum
399 768 513 807 elusit
543 765 626 818 (4⁶).
685 768 917 818 Quanquam
962 767 1099 804 harum
1143 766 1337 804 actionum
1380 770 1538 817 praeter

142 846 281 875 nomen
309 833 406 873 nihil
435 833 614 872 relictum
643 838 712 872 est.

772 942 806 995 ς.
839 944 905 982 33.

480 1019 601 1055 Ceteri
627 1024 792 1054 oratores
821 1018 980 1065 priorum
1008 1017 1192 1063 aequales.

251 1102 508 1154 Reliquorum
547 1106 706 1155 praeter
743 1102 855 1150 illos,
900 1101 947 1140 de
986 1100 1126 1152 quibus
1166 1098 1421 1146 absolvimus,
1465 1098 1536 1138 alii

141 1171 266 1222 magis
289 1170 537 1223 popularium
558 1174 709 1222 partes,
733 1169 803 1209 alii
824 1168 1064 1221 optimatium
1086 1167 1209 1207 secuti
1232 1170 1331 1206 sunt.
1373 1165 1535 1205 Illorum

139 1239 421 1279 vetustissimus
452 1242 511 1277 est
543 1239 608 1275 Cn.
632 1240 821 1276 Domitius
846 1235 1134 1280 Ahenobarbus,
1177 1234 1243 1286 qui
1277 1238 1381 1272 certe
1409 1233 1535 1272 tribu-

139 1317 210 1344 nus
241 1317 276 1344 a.
308 1305 387 1345 651
422 1316 489 1344 eas
518 1310 651 1357 partes
687 1303 888 1356 amplexus
920 1308 995 1350 est,
1031 1313 1115 1341 cum
1145 1306 1315 1341 veterem
1345 1305 1534 1352 cooptan-

141 1372 276 1411 dorum
303 1372 549 1412 sacerdotum
573 1384 718 1412 morem
746 1372 838 1422 lege
865 1370 1082 1418 sustulerit,
1112 1381 1190 1420 qua
1214 1368 1393 1420 cooptari
1422 1367 1534 1406 iube-

138 1439 258 1478 batur
302 1450 413 1490 quem
459 1440 582 1478 tribus
633 1444 778 1490 septem
824 1443 861 1476 et
905 1437 1036 1476 decem
1079 1435 1339 1475 sacerdotium
1387 1434 1535 1474 habere

138 1506 365 1546 voluissent.
409 1505 446 1544 Is
473 1511 562 1557 post
592 1505 832 1547 consulatum
863 1516 946 1543 cum
970 1504 1016 1543 L.
1043 1502 1180 1542 Cassio
1211 1507 1361 1552 gestum
1391 1514 1427 1540 a.
1449 1502 1533 1542 658

139 1572 308 1612 ridicula
338 1573 608 1624 triumphantis
646 1573 776 1624 specie
804 1577 936 1611 vectus
975 1576 1033 1609 est
1064 1582 1135 1622 per
1165 1569 1407 1621 provinciam
1438 1567 1532 1608 Gal·

137 1638 342 1690 liam(‘¹⁷);
384 1651 549 1679 censura
583 1640 665 1679 eius
703 1639 853 1678 discors
895 1649 980 1676 cum
1014 1636 1158 1677 Crasso
1194 1641 1289 1674 nota
1318 1640 1386 1673 est.
1445 1634 1534 1674 Non

137 1708 211 1747 fuit
239 1708 310 1747 ille
343 1707 495 1759 quidem
531 1708 572 1746 in
601 1711 800 1746 oratorum
829 1715 1008 1751 numero,
1045 1702 1113 1741 sed
1151 1702 1246 1741 satis
1277 1702 1313 1740 ei
1342 1702 1531 1741 orationis

139 1780 257 1827 atque
304 1775 453 1825 ingenii
495 1774 750 1826 suppetebat,
801 1783 877 1824 quo
923 1769 1167 1810 consularem
1212 1773 1249 1808 et
1294 1769 1532 1808 senatoriam

136 1842 363 1893 (lignitatem
384 1846 558 1881 tueretur
573 1838 657 1892 (⁴3).
700 1843 760 1878 M.
784 1842 918 1877 Livius
943 1842 1088 1876 Drusus
1108 1837 1149 1876 in
1170 1837 1369 1876 tribunatu
1394 1849 1430 1876 a.
1448 1838 1530 1876 663

136 1922 162 1949 a
191 1909 238 1959 Q.
267 1909 408 1957 Vario,
446 1914 488 1948 ut
519 1908 626 1947 fama
656 1912 761 1954 erat,
802 1907 975 1953 occisus,
1017 1905 1086 1944 etsi
1118 1909 1274 1944 senatus
1303 1903 1532 1955 dignitatem

136 1989 162 2016 a
182 1977 414 2016 turbulentis
436 1976 610 2029 Philippi
636 1974 807 2015 consulis
831 1973 1091 2013 moliminibus
1115 1971 1359 2019 defendebat,
1388 1976 1530 2020 tamen,

135 2055 221 2084 cum
248 2044 405 2097 populis
432 2043 572 2084 Italiae
604 2044 665 2083 ius
695 2043 862 2084 civitatis
890 2040 1091 2094 pollicitus
1119 2040 1187 2088 sit,
1221 2040 1307 2079 iure
1334 2039 1375 2078 in
1402 2051 1530 2092 popu-

229 2208 287 2250 43)
316 2208 388 2244 Cic.
413 2206 517 2241 Brut.
543 2206 698 2248 59‚'·216
721 2216 799 2250 sqq.
840 2203 904 2240 Or.
930 2204 987 2245 37,
1015 2202 1089 2236 129.
1138 2202 1383 2239 Quintilianus
1408 2202 1527 2237 faceto

138 2264 321 2302 Ciceronis
348 2263 444 2297 dicto
471 2273 554 2296 usus
574 2261 633 2296 VI.
658 2261 699 2304 3,
723 2261 777 2296 76.
803 2272 948 2306 semper
971 2259 1099 2294 eadem
1123 2259 1265 2293 exordii
1287 2258 1405 2293 forma
1427 2270 1529 2293 usum

135 2320 387 2368 reprehendit:
419 2319 614 2364 incipiebat
644 2319 738 2352 enim
764 2318 809 2352 ab
836 2317 1068 2352 excusatione
1101 2316 1242 2351 aetatis.
1357 2316 1415 2358 44)
1451 2315 1526 2352 Cic.

135 2378 246 2414 Brut.»
266 2378 332 2419 60,
356 2376 434 2412 217.
553 2376 611 2418 45)
646 2375 718 2411 Cic.
753 2375 799 2409 de
831 2373 895 2410 Or.
920 2373 963 2409 11.
989 2373 1055 2415 23,
1081 2372 1136 2408 98.
1253 2372 1313 2415 46)
1348 2372 1527 2407 Asconius

137 2436 184 2471 ad
201 2436 278 2472 Cic.
298 2433 444 2470 cornel.
468 2445 504 2479 p.
524 2432 580 2467 63.
601 2431 716 2468 Orell.
752 2432 796 2466 cf.
816 2432 1008 2478 Apuleium
1027 2430 1072 2465 de
1090 2440 1182 2476 mag.
1207 2441 1242 2475 p.
1261 2429 1338 2464 511.
1358 2428 1526 2464 Elmenh.

137 2492 194 2527 Ex
214 2492 345 2538 ignotis
358 2490 524 2526 Curionis
543 2490 785 2532 orationibus,
804 2491 934 2535 partim
952 2488 1078 2535 quibus
1098 2487 1133 2521 in
1153 2486 1345 2522 Caesarem
1362 2487 1526 2522 invectus

136 2554 211 2592 est,
246 2548 424 2594 quaedam
459 2546 593 2582 habent
623 2548 723 2583 Suet.
749 2547 854 2582 Caes.
877 2546 910 2581 9.
936 2546 990 2581 49.
1017 2545 1071 2583 50.
1099 2543 1154 2578 52.
1194 2543 1401 2579 Priscianus
1424 2543 1523 2579 vul.

136 2617 170 2650 p.
196 2604 259 2639 791
285 2605 329 2639 Ρ.
448 2604 508 2648 47)
539 2604 634 2641 Vell.
658 2604 701 2640 11.
730 2603 784 2641 12.
827 2604 929 2639 Suet.
959 2602 1048 2638 Ner.
1075 2601 1108 2636 2.
1225 2601 1285 2646 48)
1321 2600 1396 2636 Cic.
1419 2599 1524 2635 Brut.

136 2662 200 2705 45,
227 2660 301 2697 165.
