1835 3126
340 148 536 192 BREVIS
566 148 961 202 ELOQUENTIAE
993 151 1128 195 ROM.
1160 152 1303 196 HIST.
1434 155 1514 201 53

128 265 198 303 bus
222 263 406 315 superbia
430 269 466 303 et
490 265 651 304 iniustus
683 265 913 315 ignobilium
937 266 1130 306 hominum
1157 273 1406 322 contemptus,
1436 281 1513 322 quo

129 329 172 370 C.
197 330 370 369 Marium
400 331 577 371 clientem
607 332 700 372 olim
731 344 840 371 suum
878 338 915 373 et
943 333 1048 373 bello
1078 335 1306 386 Iugurthino
1337 336 1514 387 legatum

126 397 363 449 praetorium
393 410 469 437 non
498 399 537 437 in
568 400 628 438 sui
658 398 791 448 modo,
824 399 892 439 sed
922 401 961 439 in
989 401 1109 439 omnis
1140 402 1354 441 nobilitatis
1386 402 1516 442 odium

126 464 386 504 exacerbavit.
446 464 675 506 Severitatis
706 479 875 506 summae
906 466 1171 507 documentum
1200 474 1275 518 est,
1308 469 1412 521 quod
1433 470 1515 509 Lu-

124 531 267 571 cullum
291 533 440 571 sororis
460 544 554 572 suae
578 534 701 572 virum
723 546 795 586 pro
815 535 953 575 rostris
977 534 1141 574 laudare
1164 537 1379 583 recusavit,
1411 535 1515 588 quod

123 599 156 637 is
193 598 493 650 repetundarum
535 599 736 639 damnatus
776 606 880 649 erat,
921 612 1036 641 soror
1076 607 1203 641 autem
1238 604 1339 643 male
1378 603 1514 643 audie-

122 666 189 704 bat
215 662 300 715 (²3).
360 666 440 705 Sed
476 678 523 706 ea
557 668 745 707 severitas
780 667 982 707 literarum
1020 668 1146 708 studio
1183 670 1404 709 exhilarata
1443 674 1514 717 est,

123 733 178 771 ita
220 738 263 771 ut
300 733 521 784 aequalium
565 734 684 772 cuivis
725 733 901 772 doctrina
940 747 1014 786 par
1056 736 1191 774 vocari
1228 741 1372 786 posset.
1432 736 1514 775 Iam

121 799 349 838 adolescens
380 797 621 838 Carneadem
650 799 811 837 Athenis
840 799 988 838 audivit
1007 797 1097 849 (2⁴);
1127 801 1273 839 Archia
1303 806 1422 853 poeta
1450 801 1512 840 fa-

121 865 326 904 miliariter
365 876 458 902 usus
490 869 546 902 est
572 861 662 914 (²5);
703 864 858 904 Aelium
888 865 1077 905 Stilonem
1116 866 1359 907 literatorem
1398 867 1513 907 etiam

120 930 271 978 exsilii,
311 929 416 981 quod
444 935 564 969 totum
600 931 641 969 in
667 930 792 970 literis
823 932 903 982 egit
927 929 1017 983 (2⁶),
1061 934 1237 973 comitem
1264 935 1399 973 habuit
1424 931 1509 986 (2⁷).

119 999 216 1038 Hinc
254 997 423 1049 iniquius
463 996 509 1036 de
550 1009 596 1037 eo
635 997 818 1038 iudicium
851 999 1052 1039 Ciceronis
1091 1000 1261 1049 videtur,
1301 1002 1387 1053 qui,
1426 1013 1511 1041 cum

117 1069 277 1118 propter
301 1064 503 1104 literarum
528 1077 698 1105 amorem
729 1066 894 1116 egregia
918 1066 1034 1106 laude
1064 1067 1109 1116 Q.
1138 1067 1317 1108 Catulum
1345 1079 1511 1108 ornave-

117 1133 186 1180 rit,
215 1143 342 1183 neque
368 1131 415 1170 de
438 1132 594 1171 Metelli
621 1132 837 1172 eruditione
866 1134 1025 1172 verbum
1048 1134 1168 1173 ullum
1197 1135 1326 1187 posuit
1355 1140 1392 1174 et
1415 1136 1510 1174 satis

117 1198 260 1249 frigide
288 1198 433 1238 dixisse
463 1211 548 1238 eum
579 1200 633 1239 ait
664 1199 768 1251 quod
797 1206 898 1239 esset
927 1201 1003 1253 ipsi
1034 1206 1070 1240 et
1101 1202 1299 1240 consulari
1329 1201 1511 1252 dignitati

116 1267 210 1306 satis
227 1263 310 1316 (23).
347 1267 383 1305 A
400 1266 551 1307 Velleio
578 1272 705 1306 autem
735 1268 835 1307 inter
858 1273 1036 1308 oratores
1067 1272 1303 1316 numeratur,
1331 1281 1356 1307 a
1381 1268 1509 1309 Gellio

115 1346 191 1374 non
222 1334 355 1385 gravis
383 1333 519 1381 modo,
552 1333 619 1373 sed
651 1335 766 1374 etiam
798 1334 964 1374 disertus
993 1336 1053 1375 vir
1083 1334 1235 1384 dicitur,
1267 1349 1292 1375 a
1312 1336 1511 1376 Frontone

116 1413 194 1440 una
225 1413 309 1440 cum
331 1399 478 1440 Catone
505 1400 689 1452 Scipione
720 1406 757 1440 et
783 1402 968 1442 Gracchis
998 1402 1212 1441 imitatione
1242 1402 1381 1453 dignus
1408 1402 1509 1442 iudi-

116 1473 226 1507 catur
252 1464 336 1519 (²⁷9).
394 1467 492 1506 Hinc
522 1467 658 1505 mirari
686 1479 763 1506 non
791 1480 1016 1520 possumus,
1050 1468 1153 1520 quod
1185 1470 1403 1509 orationum
1433 1469 1507 1508 ali-

115 1547 216 1587 quae
249 1533 468 1587 particulae
501 1538 680 1572 servatae
715 1540 820 1581 sunt;
861 1538 1051 1573 censoriae
1081 1538 1283 1581 contionts,
1327 1548 1405 1588 qua
1434 1548 1507 1589 po-

113 1602 244 1654 pulum
285 1600 334 1640 ad
370 1612 516 1639 uxores
558 1599 751 1639 ducendas
783 1592 1010 1640 adhortatus
1045 1607 1103 1641 est
1127 1598 1216 1653 (3⁰),
1256 1605 1508 1640 accusationis

112 1671 152 1705 ὶη
187 1669 379 1706 Valeriam
404 1668 628 1704 Messallam
655 1664 744 1718 (³¹),
789 1667 888 1706 duae
927 1679 975 1707 ex
1014 1669 1194 1708 oratione
1233 1668 1283 1707 ad
1321 1668 1507 1720 populum

111 1737 151 1772 <in
184 1735 249 1772 Cn.
280 1734 471 1771 Manlium
507 1733 700 1773 tribunum
736 1733 862 1785 plebis
890 1731 982 1785 (32),
1023 1734 1189 1787 denique
1227 1735 1418 1774 orationis
1456 1735 1506 1774 ad

112 1801 295 1853 populum
324 1801 367 1837 de
396 1800 582 1849 triumpho
611 1813 700 1846 sao,
734 1813 835 1852 quae
866 1801 1001 1840 habita
1031 1802 1114 1841 sine
1145 1801 1261 1842 dubio
1293 1807 1369 1850 est,
1400 1802 1506 1854 quod

110 1867 264 1907 Marius
295 1867 377 1905 eius
405 1867 496 1905 anni
526 1867 662 1906 consul
686 1880 757 1920 per
784 1873 997 1908 sectatores
1026 1881 1117 1908 suos
1140 1870 1313 1909 homines
1344 1868 1505 1909 seditio-

200 1998 259 2040 23)
280 1997 352 2032 Cic.
369 1998 496 2033 Aecus.
514 1998 618 2035 Verr.
638 1999 698 2034 lv.
715 2000 772 2042 66,
789 2000 862 2036 148.
883 2000 927 2034 cs.
944 2001 1040 2036 Plut.
1059 2000 1197 2036 Lucull.
1215 2001 1246 2036 l.
1348 2001 1409 2044 24)
1430 2000 1503 2035 Cic.

109 2055 154 2089 de
171 2052 234 2089 Or.
254 2053 315 2088 111.
339 2053 389 2096 18,
406 2054 460 2089 68.
568 2055 626 2097 25)
653 2056 726 2091 Cic.
744 2056 849 2090 Arch.
868 2056 899 2091 3.
923 2057 966 2091 cf.
984 2058 1030 2091 ad
1048 2058 1120 2092 Att.
1137 2057 1163 2092 Ι.
1184 2057 1236 2092 16.
1342 2056 1403 2100 26)
1419 2056 1501 2091 Liv.

110 2112 193 2156 epit.
205 2110 335 2144 LXIX.
440 2112 500 2155 27)
522 2112 620 2147 Suet.
640 2112 684 2146 (le
701 2113 748 2146 ill.
768 2124 913 2158 gramm.
930 2114 962 2148 3.
1066 2113 1126 2155 28)
1146 2113 1218 2147 Cic.
1237 2112 1342 2147 Brut.
1357 2112 1414 2154 35,
1430 2112 1502 2146 135.

108 2167 168 2210 29)
200 2166 295 2200 Vell.
323 2166 366 2200 11.
390 2168 422 2202 9.
463 2166 553 2202 Gell.
581 2167 607 2202 l.
631 2168 664 2202 6.
712 2167 848 2201 Fronto
880 2168 927 2201 ad
955 2167 1008 2201 Μ.
1037 2167 1231 2201 Caesarem
1256 2167 1298 2202 11.
1329 2167 1357 2202 l.
1385 2179 1419 2213 p.
1447 2168 1504 2202 46.

109 2223 168 2266 30)
196 2222 288 2257 Gell.
308 2221 331 2256 l.
352 2222 384 2256 6.
411 2234 446 2257 v.
463 2222 607 2267 Meyer.
628 2235 661 2268 p.
679 2222 758 2257 275.
875 2223 935 2265 31)
961 2222 1052 2257 Geli.
1072 2223 1152 2257 XV.
1174 2223 1223 2257 14.
1237 2249 1247 2265 ,
1274 2223 1333 2268 qui
1358 2223 1502 2258 tertium

110 2281 188 2315 eius
221 2279 461 2313 accusationis
498 2279 626 2313 librum
660 2283 869 2313 ante-statur.
987 2278 1046 2321 32)
1083 2279 1146 2314 Cn.
1181 2278 1341 2314 Manlius
1374 2280 1502 2314 dicitur

110 2336 230 2371 Gellio
256 2334 315 2368 Vt.
344 2334 414 2376 ll.‚
440 2335 479 2369 C.
498 2335 671 2369 Manilius
691 2335 879 2369 prisciano
899 2335 997 2370 Vlll.
1020 2348 1055 2380 p.
1075 2335 1150 2370 792.
1168 2335 1212 2371 Ρ.
1231 2348 1258 2371 s.
1279 2342 1302 2371 t.
1321 2335 1348 2370 l.
1367 2347 1402 2381 p.
1421 2335 1500 2371 369.

109 2393 175 2427 Kr.
209 2390 419 2426 Mamilius
438 2390 558 2436 Pighii
583 2392 762 2426 correctio
784 2397 857 2433 est,
882 2392 947 2426 sed
967 2393 1110 2427 minime
1135 2394 1213 2426 veri
1232 2393 1367 2428 similis,
1404 2391 1502 2427 Nam

110 2448 299 2483 Metellum
322 2449 391 2481 iam
417 2452 500 2481 ante
519 2448 743 2482 consulatum
767 2448 864 2492 apud
882 2448 1053 2492 populum
1073 2450 1287 2483 auctoritate
1312 2449 1502 2494 plurimum

110 2504 268 2539 valuisse
300 2504 393 2538 adeo
429 2504 688 2549 incompertum
722 2510 796 2546 est,
828 2510 866 2538 ut
889 2503 1043 2538 Mamilii
1078 2505 1198 2549 potius
1231 2505 1329 2550 apud
1357 2504 1500 2550 plebem

110 2561 226 2606 gratia
241 2559 432 2594 Metellum
457 2561 643 2595 consulatu
669 2560 894 2607 prohibitura
918 2560 1029 2595 fuisse
1052 2561 1232 2597 videatur.
1266 2561 1381 2596 Recte
1405 2572 1501 2596 nunc

111 2616 288 2662 Meyerus
311 2628 345 2662 p.
365 2616 444 2651 273.
487 2616 664 2652 Manlium
689 2617 901 2652 Mancinum
925 2617 1075 2663 intelligi
1099 2618 1196 2661 vult,
1221 2618 1322 2652 cuius
1344 2617 1500 2652 maxime

112 2684 225 2719 opera
242 2673 430 2718 imperium
448 2673 637 2709 aMetello
655 2674 702 2714 ad
713 2673 871 2710 Marium
889 2674 1098 2710 translatum
1113 2680 1186 2711 est:
1204 2687 1239 2711 v.
1257 2674 1344 2709 Sall.
1360 2673 1432 2720 lug.
1443 2673 1498 2709 73.
