1835 3126
281 158 399 211 226
804 157 1143 202 CICERONIS

283 268 623 327 occupationibus
662 268 715 310 ad
755 275 794 310 te
833 270 988 324 ipsum,
1025 270 1172 324 inquit,
1212 269 1254 310 in
1292 281 1355 310 me
1393 269 1577 316 intuens,
1617 266 1667 308 de

283 352 444 393 ratione
479 346 627 388 Latine
667 345 864 400 loquendi
903 347 1225 387 accuratissume
1265 347 1476 402 scripserit
1517 346 1669 401 primo-

283 440 362 483 que
406 428 449 468 in
492 424 600 467 libro
648 424 796 465 dixerit
839 424 1060 464 verborum
1103 424 1297 464 delectum
1341 426 1541 476 oriqinem
1587 434 1669 464 csse

283 505 562 558 eloquentiam
599 501 890 555 tribueritque,
929 502 985 541 mi
1013 498 1159 549 Brute,
1188 499 1284 541 huic
1309 506 1470 549 nostro,
1509 502 1577 556 qui
1605 512 1668 542 me

284 583 334 624 de
365 581 439 622 illo
471 579 615 622 maluit
646 591 767 634 quam
798 592 842 620 se
872 578 1033 628 dicere,
1070 577 1235 619 laudem
1266 576 1539 631 singularem:
1574 591 1671 620 nam

282 659 447 714 scripsit
475 657 540 699 his
569 656 729 706 verbis,
762 669 852 698 cum
883 655 991 698 hunc
1020 657 1184 698 nomine
1210 661 1322 697 esset
1350 653 1518 696 affatus:
1550 668 1598 697 ae
1620 658 1669 702 si,

282 745 329 780 ut
366 737 545 789 coqicata
582 736 797 788 praeclare
827 736 963 788 eloqui
986 741 1177 787 possent,
1218 747 1305 775 non
1333 733 1441 775 nulli
1469 734 1605 774 studio
1636 740 1673 774 et

284 828 365 858 usu
389 815 721 861 elaboraverunt,
756 814 875 855 euius
899 820 934 855 te
962 826 1092 866 paene
1116 814 1348 865 principem
1379 813 1520 863 copiae
1552 817 1673 863 alque

285 895 543 934 inventorem
580 893 675 932 bene
714 893 762 932 de
797 893 964 932 nomine
1002 904 1050 932 ae
1089 892 1287 943 cliqnilate
1314 890 1461 942 populi
1490 889 1675 930 Romani

284 973 479 1012 meritum
508 982 591 1011 esse
616 971 868 1011 existumare
891 969 1098 1010 debemus:
1123 970 1232 1009 hunc
1253 968 1416 1021 facilem
1439 974 1475 1009 et
1500 967 1674 1008 cotidia-

285 1061 388 1091 num
416 1049 580 1089 novisse
609 1060 835 1088 sermonem
867 1060 977 1088 mene
1004 1059 1086 1099 pro
1116 1047 1256 1087 relicto
1289 1052 1345 1087 est
1376 1046 1618 1086 habendzmz.

399 1122 594 1165 LXXIII.
628 1122 724 1164 254.
759 1123 865 1164 Tum
893 1123 1066 1173 Brutus,
1098 1123 1263 1172 Amice,
1298 1121 1497 1171 Hercule,
1534 1123 1675 1176 inquit,

288 1209 328 1245 et
354 1200 571 1256 magnifice
601 1207 640 1242 te
667 1199 880 1242 laudatum
903 1206 1019 1256 puto,
1051 1213 1169 1254 quem
1192 1213 1275 1240 non
1299 1199 1431 1240 solum
1452 1200 1675 1255 principem

288 1287 410 1335 atque
449 1280 705 1320 inventorem
744 1278 889 1332 copiae
922 1277 1089 1326 dixerit,
1130 1288 1235 1331 quae
1272 1281 1360 1317 erat
1389 1288 1542 1330 magna
1569 1276 1677 1326 laus,

288 1357 365 1401 sed
410 1357 534 1398 etiam
575 1354 681 1397 bene
726 1355 912 1397 meritum
958 1354 1007 1397 de
1044 1353 1184 1411 populi
1226 1352 1403 1395 Romani
1437 1355 1601 1396 nomine
1640 1360 1679 1396 et

373 1500 433 1528 253.
470 1500 510 1527 ad
527 1500 568 1535 ie]
590 1507 655 1527 cum
674 1500 710 1526 ad
730 1502 772 1527 te.
790 1515 823 1519 -—-
850 1506 885 1526 ac
905 1500 933 1526 si
951 1502 982 1525 ut
1001 1514 1034 1518 —
1049 1498 1192 1533 possent]
1213 1506 1246 1524 ae
1266 1499 1291 1524 si
1309 1512 1343 1517 —-
1362 1501 1395 1526 ut
1413 1499 1546 1532 possent.

290 1613 357 1658 Lg.
380 1612 412 1648 S.
430 1611 486 1646 35.
504 1611 558 1646 51.
580 1610 635 1646 53.
656 1610 711 1646 68.
735 1610 789 1646 70.
824 1608 897 1646 Ott.
921 1628 967 1636 ·—-
1000 1609 1056 1643 ad
1080 1610 1130 1653 te]
1158 1609 1267 1654 vulgo
1294 1620 1384 1644 cum
1410 1607 1464 1642 ad
1489 1612 1536 1644 te,
1583 1607 1678 1643 Cum

289 1680 360 1703 om.
386 1668 451 1713 Lg.
473 1668 504 1702 S.
525 1667 579 1701 35.
600 1667 653 1701 39.
678 1667 732 1701 51.
752 1667 806 1701 56.
825 1667 880 1702 58.
907 1666 1000 1701 Ven.
1021 1668 1048 1701 l.
1075 1664 1150 1701 ΟΝ.
1176 1666 1259 1700 Vat.
1290 1665 1354 1700 Gu.
1380 1667 1407 1700 l.
1428 1664 1459 1698 2.
1487 1665 1543 1700 ed.
1563 1677 1613 1709 pr.
1634 1685 1679 1691 —

290 1725 617 1766 accuratissume]
644 1722 709 1768 Lg.
734 1723 788 1756 51.
815 1728 850 1756 et
873 1722 895 1756 8
921 1734 941 1755 a
968 1734 1059 1757 corr.
1087 1720 1162 1757 Ott.
1187 1743 1232 1748 —
1269 1723 1490 1768 scripserit]
1519 1724 1681 1768 scripsit

289 1780 356 1825 Lg.
382 1780 414 1814 8.
440 1780 496 1813 20.
523 1779 577 1813 39.
604 1779 659 1813 51.
687 1778 741 1813 56.
766 1799 812 1803 ——
848 1779 1054 1821 delectum]
1082 1779 1265 1813 dilectum
1296 1780 1364 1812 inei
1391 1789 1525 1813 omnes.
1550 1797 1597 1804 -—
1633 1790 1681 1813 ac

290 1836 405 1878 siut]
438 1836 490 1868 sic
517 1835 571 1869 ed.
600 1846 651 1879 pr.
680 1833 827 1875 Lamb.;
864 1845 957 1867 nunc
982 1833 1126 1867 firmant
1151 1834 1216 1879 Lg.
1243 1834 1296 1870 53.
1323 1834 1378 1870 68.
1407 1835 1460 1870 70.
1508 1834 1681 1870 Ernestus

289 1891 502 1938 particulam
534 1891 733 1924 sententiae
758 1891 999 1923 necessariam
1035 1896 1117 1934 post
1142 1890 1270 1934 eloqui
1297 1891 1466 1929 inseruit;
1502 1891 1611 1935 vulgo
1646 1896 1681 1924 et

290 1960 313 1981 a
348 1947 447 1981 libris
484 1947 665 1991 plerisque
708 1946 821 1980 abest.
857 1965 902 1970 —
947 1945 1266 1988 elaboraverunt]
1311 1944 1483 1979 labor-av.
1526 1945 1592 1991 Lg.
1625 1946 1680 1981 ⁸20.

290 2003 335 2038 39
348 2014 441 2037 corr.
461 2002 515 2036 56.
542 2002 683 2035 Vat.·—
708 2002 963 2044 existumare]
984 2002 1035 2035 sic
1053 2000 1118 2046 Lg.
1134 2001 1165 2035 8.
1182 2002 1236 2036 51.
1255 2000 1308 2035 53.
1326 2001 1380 2035 68.
1399 2001 1451 2037 70.
1479 2013 1549 2036 om.
1568 2002 1622 2036 20.
1636 2022 1680 2028 —

288 2058 467 2104 facilem]
500 2057 624 2102 facile
653 2057 717 2103 Lg.
753 2062 901 2102 praeter
928 2056 1064 2090 20.135.
1090 2057 1144 2091 53.
1177 2057 1234 2091 68.
1257 2057 1334 2098 70.,
1371 2058 1454 2091 item
1487 2058 1553 2092 Gu.
1583 2060 1612 2093 l.
1637 2077 1681 2084 —

293 2114 555 2156 cotidianum]
581 2113 631 2146 sic
654 2113 720 2158 Lg.
745 2113 799 2146 53.
824 2112 880 2147 58.
905 2112 960 2146 68,
986 2112 1039 2146 70.
1084 2112 1268 2157 quottid„
1294 2118 1332 2146 ut
1357 2113 1468 2155 solet,
1494 2114 1561 2148 Gu.
1583 2115 1612 2149 l.
1637 2134 1681 2139 —

291 2181 394 2205 nunc
413 2181 491 2217 pro
517 2169 668 2212 relicto]
700 2169 772 2202 Alii
797 2168 891 2202 hunc
915 2168 1031 2202 locum
1057 2168 1285 2202 distinctione
1310 2167 1590 2213 sublevandum,
1623 2171 1683 2204 alii

292 2237 386 2261 num
410 2237 476 2271 pro
502 2236 600 2266 non,
628 2225 772 2260 delicto
798 2236 826 2260 s.
853 2224 1039 2259 derelicto
1068 2235 1135 2270 pro
1161 2225 1298 2259 relicto
1323 2225 1576 2270 corrigendum
1603 2238 1683 2261 cen·

293 2288 454 2318 suerunt.
494 2282 717 2316 Sententiam
741 2281 835 2316 bene
861 2281 1031 2326 explicuit
1047 2279 1269 2325 Bernhardy
1296 2279 1544 2315 difficultatem
1567 2282 1602 2316 in
1623 2282 1685 2317 ob-

293 2349 398 2373 scura
430 2338 614 2371 locutione
645 2349 723 2383 pro
758 2337 895 2371 relicto
929 2335 1071 2370 habere
1105 2337 1185 2370 sola
1223 2338 1343 2371 inesse
1377 2342 1477 2371 recte
1512 2338 1684 2373 iudicans.

293 2393 438 2437 „Immo
469 2394 593 2427 debuit
618 2394 756 2428 Caesar
788 2393 823 2427 in
850 2393 972 2438 operis
1002 2392 1229 2437 praefatione
1255 2394 1480 2438 propositum
1504 2405 1604 2427 suum
1636 2396 1686 2428 ita

294 2449 568 2491 commendare,
592 2454 628 2483 ut
648 2449 799 2484 studium
819 2448 1021 2494 elegantiae
1045 2449 1185 2482 ductum
1204 2449 1249 2482 ab
1267 2450 1482 2484 auctoritate
1501 2450 1687 2485 Ciceronis

297 2510 530 2551 agnosceret3
556 2505 648 2539 hanc
674 2511 791 2540 antem
817 2505 1036 2550 diligentiam
1061 2505 1096 2538 in
1116 2505 1238 2549 primis
1260 2511 1431 2539 accurata
1455 2506 1598 2551 linguae
1616 2506 1685 2540 La-

297 2562 395 2595 tinae
418 2562 571 2596 scientia
594 2562 728 2604 iuvari,
764 2563 863 2596 cuius
894 2567 930 2595 ut
957 2561 1107 2595 interior
1138 2562 1233 2595 ratio
1262 2561 1520 2597 observatione
1547 2562 1686 2597 sollerti

297 2617 628 2662 pei-vestigaretur,
667 2619 734 2651 iam
768 2618 942 2663 reliquum
967 2628 1048 2651 esse
1080 2616 1253 2657 docebat3
1292 2617 1373 2651 hinc
1404 2629 1446 2652 se
1478 2618 1570 2652 hanc
1600 2618 1687 2651 artis

298 2673 496 2709 doctrinam
520 2679 689 2721 tanquam
712 2674 876 2712 laborem
901 2673 946 2710 ab
966 2673 1047 2709 aliis
1071 2673 1281 2709 derelictum
1299 2674 1510 2721 suscepisse.
1521 2676 1543 2693 “
1585 2673 1687 2708 Haec
