1835 3126
305 228 421 276 3⁷6
731 221 1272 268 EXPLICATIONES

305 341 447 382 Florus
486 336 552 377 III.
595 337 651 383 l.;
688 335 728 374 in
768 335 921 386 Opimio
959 335 1190 376 Plutarchus
1229 337 1273 378 C.
1307 338 1481 379 Graccho
1515 338 1577 377 18.
1636 337 1697 378 De
1728 333 1732 338 ’

307 404 554 446 damnatione
595 401 737 454 Opimii
776 401 871 440 mire
910 405 1015 440 errat
1050 402 1241 442 Matthiae
1279 404 1329 443 ad
1365 405 1445 445 Cic.
1483 418 1522 458 p.
1561 406 1696 445 Sextio

307 474 382 520 67,
416 472 507 511 140.
551 472 618 520 Sp.
641 468 800 505 Albtnus
828 466 997 506 fortasse
1023 472 1185 519 propter
1211 468 1345 508 fratris
1367 471 1458 509 Auli
1487 472 1697 524 nequitiam

307 551 385 578 non
422 536 571 587 defugit
603 535 762 574 eandem
793 534 1070 586 suspicionem:
1114 546 1150 574 v.
1182 534 1281 575 Sall.
1309 535 1395 585 Iug.
1426 538 1492 576 36.
1551 538 1698 579 Consul

308 616 409 644 anno
438 608 526 656 post
552 602 723 642 Bestiam
751 601 837 640 fuit.

421 682 513 720 129.
576 680 614 717 C.
640 678 821 727 thhrta]
854 677 988 717 consul
1015 689 1098 717 cum
1122 678 1165 719 C.
1189 678 1322 718 Mario
1349 691 1385 718 a.
1411 679 1517 726 650,
1550 681 1699 720 occisus

310 761 335 787 a
359 747 554 788 Marianis
579 745 741 785 tumultu
766 745 939 785 Cinnano
964 758 999 785 a.
1017 747 1111 785 667.
1155 745 1343 785 Diversus
1369 746 1417 784 ab
1440 746 1514 785 hoc
1529 746 1702 786 Fimbria

308 815 389 854 vita
419 819 455 854 et
485 814 591 853 exitu
623 812 777 851 infamis
809 818 1130 852 commemoratur
1160 823 1191 851 c.
1223 814 1296 861 66,
1327 814 1423 851 233.

424 895 562 930 virtute
585 913 639 916 ——
663 903 793 940 yenere
815 890 918 939 liber]
943 893 1079 927 virtute
1096 901 1178 928 cum
1196 893 1377 928 orationis
1392 889 1501 940 iungi
1516 890 1700 941 Meyerus

308 958 403 999 vult.
448 957 563 1008 Quod
591 957 834 1009 hyperbaton
859 962 900 995 ut
928 968 999 1009 per
1026 968 1068 995 se
1093 956 1227 995 durum
1259 962 1335 1005 est,
1365 957 1421 996 ita
1448 957 1617 1009 ineptam
1640 957 1702 996 hic

309 1026 538 1065 sententiam
571 1023 717 1064 reddit:
749 1024 892 1075 quippe
921 1027 1041 1060 virtus
1073 1027 1255 1060 orationis
1287 1024 1375 1075 ipsa
1406 1035 1560 1075 quoque
1588 1037 1703 1072 yemis

307 1090 498 1132 orationis
523 1096 591 1138 est,
616 1091 850 1130 contrarium
871 1090 1038 1128 orationi
1062 1089 1274 1139 languidae
1300 1095 1335 1128 et
1352 1090 1483 1129 debili.
1528 1091 1703 1127 Liberum

308 1156 538 1207 Bernhardy
569 1156 775 1195 secundum
804 1157 883 1196 Cic.
916 1155 988 1195 Off.
1018 1156 1083 1201 III.
1118 1158 1180 1195 19.
1213 1156 1379 1195 ostendit
1408 1157 1531 1196 virum
1561 1157 1703 1195 bonum

310 1223 408 1271 dici,
449 1223 514 1274 qui
543 1223 684 1262 virtute
714 1234 786 1260 sua
811 1221 933 1259 fretus
974 1221 1062 1271 ipsa
1096 1223 1274 1261 oratione
1309 1223 1528 1262 libertatem
1556 1223 1705 1274 ingenii

308 1302 407 1342 prae
436 1301 478 1329 se
506 1289 621 1328 ferat.

426 1368 519 1407 130.
581 1366 619 1404 G.
660 1367 814 1403 Sextius
859 1364 1050 1415 Calvinus]
1087 1369 1248 1416 praetor
1288 1376 1322 1403 a.
1367 1364 1460 1404 655.
1526 1363 1612 1404 Non
1649 1369 1706 1404 est

311 1433 395 1474 veri
418 1433 543 1472 simile
568 1444 653 1473 esse
679 1431 851 1480 eundem,
878 1432 943 1484 qui
969 1436 1286 1471 commemoretur
1309 1430 1355 1471 de
1379 1430 1508 1472 Or.11.
1525 1433 1591 1481 60,
1609 1433 1705 1473 246.

308 1501 386 1550 61,
416 1501 512 1540 249.

420 1570 479 1606 Μ.
523 1566 675 1617 Brutus]
727 1578 751 1605 a
794 1564 1031 1617 turpitudine
1072 1565 1176 1605 vitae
1214 1567 1445 1602 accusatoris
1490 1576 1705 1616 cognomen

310 1633 479 1685 accepit:
519 1633 600 1673 Cic.
640 1633 688 1672 de
727 1633 793 1673 Or.
835 1633 882 1672 II.
913 1633 984 1680 54,
1016 1634 1110 1672 220.
1164 1630 1237 1671 Off.
1268 1630 1316 1670 II.
1352 1633 1426 1679 14,
1457 1632 1523 1672 50.
1584 1633 1704 1672 Pater

312 1701 395 1739 eius
429 1705 574 1752 septem
603 1700 727 1740 libros
755 1700 802 1740 de
834 1700 919 1738 iure
950 1699 1055 1739 civili
1083 1698 1293 1749 reliquisse
1322 1697 1461 1737 dicitur
1489 1700 1704 1751 Pomponio

312 1766 360 1805 de
392 1767 458 1807 Or.
489 1767 566 1806 Iur.
599 1769 645 1815 3,
678 1769 763 1815 39„
803 1766 871 1806 sed
912 1771 948 1805 et
975 1766 1127 1805 doctior
1156 1771 1192 1804 et
1222 1765 1419 1816 antiquior
1444 1767 1553 1805 testis
1585 1766 1704 1806 Scae—

312 1833 405 1874 vola
430 1838 509 1872 tres
532 1839 678 1872 tantum
702 1845 818 1873 veros
845 1834 1108 1872 existimabat:
1133 1845 1169 1871 v.
1194 1832 1273 1872 Cic.
1299 1831 1344 1871 de
1371 1833 1437 1872 Or.
1462 1832 1592 1881 11.55‚
1611 1834 1704 1872 224.

425 1916 466 1947 ut
497 1911 654 1947 Athenis
683 1910 892 1958 Lycto-9123]
935 1915 975 1948 ut
1014 1910 1222 1948 concedam
1251 1910 1504 1961 Bernhardyo
1538 1910 1709 1962 rigidam

312 1975 423 2014 illam
466 1976 676 2015 accusandi
708 1977 971 2023 severitatem,
1020 1988 1097 2027 qua
1135 1976 1184 2014 sit
1219 1976 1423 2026 Lycurgus
1458 1990 1570 2024 usus,
1611 1978 1707 2029 ipsis

313 2042 611 2082 Atheniensibus
655 2043 775 2094 paulo
822 2043 1114 2081 insolentiorem
1156 2043 1302 2090 visam,
1346 2048 1473 2081 tamen
1515 2043 1707 2083 invidiose

311 2109 454 2148 fecisse
487 2109 626 2149 Cicero
661 2108 852 2161 putandus
895 2113 974 2155 est,
1014 2109 1079 2159 qui
1108 2109 1298 2147 hominem
1333 2109 1607 2160 nequissimum
1636 2123 1707 2151 nec

312 2175 396 2215 ulla
426 2175 531 2214 bona
562 2181 646 2215 arte
676 2181 806 2215 notum
834 2187 917 2215 cum
938 2175 1023 2215 viro
1054 2174 1306 2214 sanctissimis
1334 2176 1504 2214 moribus
1527 2177 1705 2229 praedito

313 2243 610 2294 comparaverit.

427 2321 519 2359 131.
578 2320 655 2369 leye
675 2319 844 2370 Aquttta]
877 2319 923 2359 de
948 2318 1085 2359 damno
1114 2319 1259 2359 iniuria
1281 2319 1371 2359 dato
1394 2319 1515 2360 fuisse
1538 2326 1708 2371 constat;

313 2384 383 2425 sed
413 2397 482 2425 nec
511 2385 557 2425 de
587 2391 746 2426 auctore
774 2398 844 2425 nec
874 2386 920 2426 de
950 2391 1136 2439 tempore.

425 2463 588 2505 XXXV.
652 2467 695 2501 T.
726 2464 920 2514 Albucius]
957 2465 990 2503 is
1036 2476 1118 2503 cum
1149 2463 1196 2513 Q.
1233 2464 1465 2504 Scaevolam
1505 2465 1549 2504 C.
1578 2465 1705 2505 Laelii

313 2541 499 2580 generum
530 2542 578 2570 ex
606 2531 702 2570 Asia
731 2531 1031 2582 repetundarum
1060 2531 1208 2570 frustra
1234 2537 1475 2580 accusasset,
1505 2532 1590 2583 ipse
1619 2538 1709 2584 post

314 2596 539 2637 Sardiniam
568 2610 640 2650 pro
672 2603 857 2650 praetore
886 2598 1191 2638 administratam
1226 2611 1260 2638 a.
1290 2598 1368 2638 651
1409 2611 1433 2638 a
1463 2598 1505 2639 C.
1537 2597 1709 2639 Caesare

314 2664 510 2704 Strabone
540 2664 741 2704 damnatus
766 2666 938 2705 Athenas
962 2667 1152 2705 concessit
1175 2667 1214 2705 in
1243 2666 1433 2706 exsilium.
1476 2665 1569 2705 Eius
1595 2666 1708 2705 fasti-

318 2729 419 2770 dium
446 2732 635 2773 sermonis
660 2732 694 2773 &
719 2732 921 2774 literarum
936 2734 1163 2775 Latinarum
1190 2733 1408 2777 Scaevolae
1430 2745 1598 2786 persona
1622 2734 1709 2775 risit
