1892 3116
291 245 314 272 x
786 223 1176 268 PRAEFATIO.

402 337 695 393 Lagomarsini
733 335 800 378 85.
841 337 883 378 in
921 336 1175 379 bibliotheca
1212 334 1495 378 Riccardiana
1532 347 1675 376 nume-

290 432 375 461 rum
418 419 523 471 gerit
553 415 647 457 557.
708 414 962 456 Chartaceus
994 421 1073 464 est,
1112 415 1286 470 scriptus
1317 412 1675 468 negligentissime

292 511 328 538 a.
348 495 475 544 1478,
501 493 614 535 nullo
639 493 792 548 preti03
818 506 939 548 quam
965 492 1016 534 ob
1041 505 1127 534 rem
1151 494 1376 548 scripturas
1402 493 1491 533 eius
1519 491 1675 532 disere-

289 581 433 630 pantes
462 586 543 614 non
569 572 901 613 commemoravi·
947 569 1083 612 Habet
1109 572 1232 612 etiam
1254 569 1385 612 libros
1412 570 1461 612 de
1486 567 1675 611 Oratore.

400 649 727 692 Desiderabatur
762 647 1233 703 Lagomarsinianorum
1276 661 1380 688 unus
1424 660 1593 688 numero
1634 645 1674 687 Β.

290 729 542 783 designatus.
591 726 707 769 Hunc
738 727 900 769 tandem
929 728 970 768 in
1000 725 1254 768 bibliotheca
1282 723 1679 779 Magliabeccliiana

290 808 496 863 reperisse
540 805 637 847 mihi
679 805 841 857 videor,
887 818 977 847 cum
1008 804 1175 847 codices
1217 817 1266 845 ex
1293 804 1423 845 variis
1456 802 1552 845 olim
1590 815 1678 843 mo-

290 886 484 927 nasteriis
527 884 688 933 illatos,
736 883 810 925 sed
854 897 936 925 non
980 883 1073 924 dum
1118 882 1330 924 ordinatos
1376 888 1414 924 et
1455 881 1679 936 dispositos

292 962 534 1018 inspiciendi
573 968 757 1018 potestas
800 974 825 1002 a
857 960 1136 1002 bibliothecae
1175 960 1387 1016 praefecto
1426 959 1537 1001 sacta
1568 963 1680 999 esset

290 1041 599 1083 liberalissime.
675 1038 720 1080 In
766 1038 1024 1092 catologum,
1069 1038 1191 1094 plane
1235 1044 1277 1079 ut
1322 1038 1448 1079 ceteri
1494 1035 1679 1077 eiusdem

291 1122 414 1161 sortis
446 1118 564 1167 libri,
603 1117 781 1159 nondum
818 1116 974 1158 relatus
1010 1122 1094 1165 est,
1133 1115 1207 1157 sed
1244 1128 1454 1157 numerum
1485 1114 1565 1155 261
1604 1114 1681 1154 im-

289 1210 476 1253 pressum
505 1195 643 1237 habet.
701 1194 791 1237 Fuit
821 1202 954 1237 autem
991 1195 1231 1237 monasterii
1261 1192 1310 1235 D.
1343 1192 1480 1235 Marci
1510 1193 1681 1234 fratrum

289 1276 638 1332 praedicatorum,
685 1273 928 1316 chartaceus
968 1280 1052 1323 est,
1092 1273 1227 1315 forma
1264 1273 1465 1320 maxima,
1505 1272 1682 1326 scriptus

290 1355 455 1395 minime
492 1352 727 1407 eleganter,
770 1352 843 1393 sed
884 1365 933 1393 ex
968 1352 1079 1393 sonte
1117 1357 1277 1393 vetusto
1310 1357 1347 1392 et
1376 1349 1505 1406 probo
1537 1349 1680 1390 ductus

291 1445 381 1473 cum
413 1443 565 1485 magna
595 1430 832 1484 diligentia:
864 1443 940 1472 uec
971 1429 1225 1486 spernendus
1259 1430 1395 1483 igitur.
1448 1426 1682 1482 Lageinar-

293 1511 371 1552 sini
402 1515 521 1558 nota,
562 1521 643 1563 qua
674 1508 858 1550 codicem
891 1521 916 1549 a
946 1521 990 1549 se
1019 1508 1213 1550 collatum
1244 1508 1387 1549 testari
1418 1506 1542 1554 solet,
1575 1504 1682 1546 adeo

293 1588 513 1642 diligenter
554 1599 678 1628 erasa
717 1592 796 1635 est,
842 1592 884 1626 ut
920 1598 971 1627 ne
1008 1599 1202 1627 numerus
1242 1585 1424 1640 quidem,
1467 1597 1546 1639 quo
1590 1596 1681 1624 eum

294 1667 518 1715 indicarat,
551 1670 819 1718 agnoscatur3
852 1663 959 1718 quod
985 1677 1106 1705 secus
1132 1664 1254 1714 soret,
1282 1665 1317 1705 si
1341 1662 1683 1704 membranaceus

294 1750 417 1786 esset.
465 1742 549 1784 Sed
573 1744 614 1783 in
637 1741 745 1784 hunc
769 1740 1241 1795 Lagomarsinianorum
1266 1741 1399 1783 solum
1426 1741 1548 1790 cadit,
1573 1740 1681 1795 quod

295 1823 364 1864 ille
403 1834 475 1877 pro
517 1821 670 1861 usitata
717 1821 846 1875 ipsius
886 1819 1103 1874 diligentia
1143 1821 1371 1867 annotavit,
1418 1827 1456 1860 ut
1499 1818 1683 1874 praefixa

294 1899 446 1941 habeat
483 1898 588 1940 haec
623 1897 773 1939 verba:
818 1896 907 1947 „M
941 1896 1054 1939 Tulli
1095 1896 1310 1940 Ciceronis
1341 1896 1490 1939 Brutus
1527 1898 1681 1951 incipit.

294 1979 387 2032 lege
422 1977 653 2025 felicum-²⁴,
685 1975 792 2031 quod
824 1978 865 2016 in
896 1976 973 2017 fine
1004 1976 1119 2017 nulla
1150 1978 1363 2032 scriptoris
1392 1983 1490 2017 nota
1520 1975 1682 2029 legitur,

294 2064 499 2113 postremo
524 2054 630 2110 quod
656 2053 806 2109 ubique
833 2054 919 2095 sere
945 2054 1107 2096 exhibet
1134 2057 1293 2107 iizyeni,
1321 2056 1503 2107 Pompei,
1530 2056 1682 2106 partis,

296 2143 502 2181 aeswmo,
551 2135 718 2179 totiens,
760 2134 968 2185 ‘t'melleqm
1010 2134 1172 2186 neyleqo
1212 2140 1249 2175 et
1289 2133 1375 2175 alia
1413 2134 1606 2188 antiquae
1645 2137 1683 2172 et

292 2214 497 2267 genuinae
531 2212 756 2265 scripturae
792 2210 1047 2252 documenta.

407 2289 556 2330 lloruin
596 2287 793 2329 librorum
832 2291 922 2343 pari
968 2289 1054 2330 fere
1085 2290 1343 2343 praestantia
1371 2294 1409 2330 et
1441 2289 1682 2329 auctoritate

296 2374 386 2409 sunt
416 2366 595 2408 Venetus
626 2367 758 2421 prior,
790 2364 1112 2416 Ottobonianus,
1144 2365 1440 2421 Lagomarsiui
1466 2366 1504 2407 8.
1533 2373 1570 2407 et
1591 2366 1683 2414 512,

297 2447 415 2500 eique
440 2446 497 2485 ita
526 2445 609 2485 sere
633 2444 782 2498 ubique
807 2447 1055 2501 conspirant,
1078 2451 1119 2486 ut
1140 2447 1354 2487 veritatem
1372 2444 1681 2497 &diligentiam

297 2524 537 2578 scriptorum
569 2535 666 2577 prae
699 2535 742 2563 se
772 2524 917 2565 serant.
963 2523 1028 2564 Ab
1058 2522 1121 2564 his
1152 2523 1334 2578 proxime
1368 2521 1515 2563 absunt
1540 2520 1681 2576 Lago-

298 2602 467 2643 marsini
498 2600 563 2641 56.
595 2600 660 2641 523.
693 2600 785 2642 Par.
814 2600 884 2651 l).·,
922 2602 1046 2644 ceteri
1078 2601 1141 2642 his
1174 2600 1288 2642 nulla
1315 2606 1429 2655 parte
1462 2600 1680 2655 aequandi.

410 2678 584 2720 Accedit
606 2682 828 2722 auctoritas
854 2681 1046 2723 editionis
1071 2678 1296 2728 Romanae,
1325 2691 1429 2733 quae
1446 2677 1681 2720 Florentiae

301 2764 539 2801 asservatur
576 2759 682 2800 inter
710 2760 883 2815 scriptos
911 2759 1040 2801 libros
1075 2757 1198 2814 plutei
1227 2756 1274 2798 L.
1303 2769 1553 2812 numeroque
1585 2754 1681 2797 XIV
