1835 3126
346 228 543 272 BREVIS
573 227 967 280 ELOQUENTIAE
1000 227 1134 273 ROM.
1162 228 1306 281 HIST.
1418 232 1522 277 113

249 342 477 383 Ciceronem
500 348 695 382 oratorem
710 342 978 382 Demosthenis
1000 343 1075 383 vim
1100 355 1176 383 non
1199 355 1284 383 esse
1307 349 1524 384 assecutum

139 411 391 450 consentiunt.
447 409 570 449 Huius
614 410 713 448 enim
755 410 979 460 magnitudo
1022 411 1120 450 inest
1166 411 1205 449 in
1245 412 1381 459 rebus,
1426 424 1522 463 quas

135 477 305 529 profert,
339 476 597 527 argumetum,
628 477 766 527 quibus
796 478 935 524 utitur,
970 477 1207 528 ponderibus
1237 478 1524 527 sententiarum,

136 544 275 595 quibus
298 543 545 584 adversarios
577 542 623 582 de
648 536 749 582 sfflsstu
778 543 907 583 deiicit
935 543 1084 594 frangit
1112 544 1335 597 prosternit.
1383 544 1522 584 Cicero

136 615 262 649 autem
284 610 505 650 inveniendi
528 610 722 662 partiendi
746 611 955 649 memoriae
979 612 1142 650 actionis
1164 611 1407 663 praestantia
1420 611 1524 651 Hor-

133 676 297 714 tensium
327 675 520 716 Calidium
553 677 714 717 Calmm
737 677 837 716 alios
860 677 1082 729 aequalium
1103 678 1259 717 vincere
1279 690 1357 717 non
1379 678 1524 730 potuit:

135 747 246 781 erant
284 743 382 781 enim
418 744 515 782 haec
553 744 656 796 apud
685 744 804 782 alimn
839 743 920 782 alia
956 745 1304 794 praestantissima.
1362 744 1524 784 Duabus

133 814 261 847 autem
299 810 415 848 rebus
456 821 585 848 omnes
624 809 834 860 superavit.
891 809 1030 847 Altera
1067 815 1124 848 est
1159 811 1402 860 praestantia
1441 811 1525 849 elo-

134 876 319 923 cutionis,
365 887 429 913 ars
469 876 678 913 sententias
720 885 925 912 numerose
970 874 1225 913 concludendi
1267 874 1407 915 altera.
1465 876 1526 915 De

132 942 270 993 quibus
300 940 506 980 virtutibus
540 952 623 979 cum
651 941 729 979 iam
757 940 940 981 brevibus
970 939 1269 993 disputarimus,
1300 941 1362 980 hie
1390 941 1525 981 eadem

131 1007 299 1047 iterandi
327 1007 437 1046 locus
468 1019 544 1046 non
575 1013 632 1046 est
653 1005 735 1059 (52).

246 1073 325 1114 Sed
355 1074 471 1113 etiam
498 1075 636 1114 aetatis
664 1075 844 1114 felicitati
874 1080 1025 1127 partem
1056 1075 1211 1126 gloriae
1240 1074 1383 1115 debere
1413 1073 1525 1115 Cice-

132 1152 265 1181 ronem
300 1140 615 1192 significavimus.
673 1142 734 1182 Ea
768 1142 937 1182 felicitas
976 1154 1053 1182 non
1088 1147 1145 1181 est
1183 1143 1252 1183 otii
1289 1149 1326 1184 et
1360 1149 1527 1196 pacatae

131 1209 321 1256 civitatis,
364 1208 491 1260 qualis
531 1209 601 1248 sub
635 1210 812 1259 Augusto
851 1215 887 1249 et
925 1209 1099 1249 Traiano
1137 1210 1230 1258 fuit,
1270 1223 1340 1250 nec
1378 1222 1529 1250 morum

131 1276 298 1327 simplici
326 1276 550 1325 integritate
580 1276 896 1328 conspicuorum,
929 1276 1065 1328 quales
1096 1276 1264 1328 Spartae
1295 1277 1387 1317 olim
1416 1277 1528 1316 fuere

131 1347 168 1382 et
190 1343 338 1382 Romae
366 1343 573 1392 vigebant,
606 1342 728 1382 donec
758 1343 914 1394 imperii
943 1344 1171 1395 impotentia
1202 1344 1308 1383 orbis
1334 1349 1528 1383 terrarum

130 1409 305 1449 dominos
336 1410 522 1461 corrupit.
566 1409 645 1449 Sed
674 1410 810 1449 merito
839 1410 1065 1449 felicitatem
1092 1410 1285 1462 quandam
1312 1415 1530 1462 temporum

130 1477 171 1515 in
202 1488 247 1515 eo
279 1477 546 1526 agnoscimus,
578 1476 683 1527 quod
711 1477 870 1523 Cicero,
900 1488 984 1515 cum
1015 1482 1117 1515 esset
1147 1477 1417 1529 cupidissimus
1448 1476 1528 1516 dis-

132 1542 263 1590 cendi,
302 1548 449 1582 tantam
478 1542 699 1594 cupiditatis
730 1543 946 1594 explendae
984 1543 1183 1582 materIem
1220 1545 1387 1596 reperit,
1427 1555 1529 1595 quae

131 1621 209 1649 non
237 1614 409 1661 pateret,
449 1610 482 1647 si
510 1609 641 1648 seculo
671 1609 780 1661 prior
808 1609 965 1657 fuisset3
1006 1609 1110 1661 quod
1140 1611 1299 1663 ingenio
1328 1610 1529 1651 validissi-

133 1688 215 1715 mus
260 1676 376 1714 etiam
417 1676 570 1715 colendi
612 1676 761 1726 ingenii
799 1675 1035 1714 uberrimam
1076 1677 1228 1727 copiam
1272 1682 1407 1716 nactus
1448 1682 1528 1724 est;

133 1742 238 1795 quod
283 1742 545 1782 ostendendae
586 1741 851 1794 praestantiae
891 1742 931 1779 in
972 1742 1149 1781 maximis
1193 1743 1321 1782 causis
1365 1742 1529 1793 agendis

132 1810 367 1861 summisque
402 1810 461 1848 rei
490 1808 671 1860 publicae
702 1807 987 1847 discriminibus
1024 1814 1170 1848 tantam
1199 1809 1427 1848 facultatem
1458 1809 1529 1848 ad-

132 1882 241 1929 eptus
274 1881 351 1915 est:
384 1874 549 1927 denique
572 1874 675 1926 quod
705 1886 750 1914 eo
775 1873 908 1913 seculo
940 1887 1027 1923 ars,
1060 1876 1122 1914 cui
1151 1887 1193 1916 se
1216 1880 1337 1916 totum
1364 1876 1528 1923 dicarat,

132 1942 314 1983 studiosis
344 1946 453 1981 tanta
482 1941 710 1992 diligentiae
737 1941 913 1993 praemia
943 1941 1144 1982 reddebat.

242 2010 453 2050 Assecutus
496 2009 619 2060 igitur
657 2013 734 2056 est,
782 2012 825 2047 ut
867 2020 1006 2049 nomen
1048 2009 1171 2061 ipsius
1216 2009 1265 2048 ab
1303 2008 1530 2061 eloquentia

132 2077 287 2127 seiungi
324 2088 401 2116 non
436 2081 590 2128 posset,
630 2081 667 2114 et
702 2087 786 2115 cum
817 2076 1040 2128 aequalium
1077 2087 1245 2127 paucoS,
1282 2083 1527 2128 posterorum

131 2144 264 2196 plures
290 2143 572 2183 obtrectatores
601 2142 801 2190 habuerit,
833 2154 949 2182 sanos
975 2147 1012 2181 et
1033 2141 1242 2193 prudentes
1273 2143 1368 2180 artis
1394 2143 1530 2181 existi-

133 2215 302 2249 matores
343 2208 499 2249 eosdem
539 2208 600 2246 sui
637 2208 894 2247 admiratores
936 2207 1096 2258 reperit.
1163 2206 1243 2247 Sed
1283 2219 1360 2246 non
1403 2207 1530 2246 solum

134 2276 311 2327 exemplo
352 2287 422 2313 suo
461 2277 583 2312 artem
621 2273 751 2320 auxit,
792 2273 861 2311 sed
894 2273 1011 2311 etiam
1040 2272 1238 2320 doctrina,
1279 2284 1404 2324 eaque
1445 2284 1530 2313 cum

132 2343 289 2394 scriptis
312 2346 392 2380 tum
416 2351 485 2379 ore
513 2350 597 2378 cum
619 2338 853 2378 discentibus
878 2339 1169 2378 communicata.
1214 2338 1529 2390 Significavimus

137 2410 238 2449 enim
272 2413 394 2447 artem
424 2418 532 2445 suam
562 2405 743 2445 Ciceroni
771 2410 975 2458 tantopere
1013 2404 1123 2445 cordi
1150 2405 1291 2454 fuisse,
1332 2410 1374 2444 ut
1410 2417 1529 2457 prae-

133 2476 269 2516 stantis
298 2473 449 2525 ingenii
478 2472 746 2512 adolescentes
778 2473 892 2524 quasi
922 2483 1017 2512 suae
1046 2471 1175 2511 laudis
1215 2483 1461 2512 successores
1492 2476 1530 2511 et

134 2542 308 2582 aemulos
335 2540 556 2593 praeceptis
583 2540 810 2580 instruxerit
838 2544 875 2579 et
902 2544 1066 2579 naturae
1088 2550 1221 2579 eorum
1248 2539 1430 2580 virtutem
1456 2550 1529 2578 sua

132 2609 276 2661 peritia
304 2606 492 2647 adiuvare
521 2605 700 2648 voluerit.
759 2606 859 2648 Huic
888 2606 1011 2658 igitur
1043 2606 1203 2648 Caelius
1234 2605 1353 2648 Curio
1383 2606 1528 2646 Brutus

226 2749 285 2793 52)
322 2748 350 2793 g.
376 2747 432 2783 37.
