1835 3126
392 238 475 281 Al)
509 237 620 281 CIC.
654 239 925 284 BRUTUM
964 242 1083 286 CAP.
1113 244 1181 287 28.
1346 245 1476 292 369

92 353 260 391 Gallaect
288 363 481 403 agnomen
510 353 682 405 accepit:
712 367 747 394 v.
781 355 866 396 Liv.
898 356 990 408 epit.
1017 357 1096 399 LV.
1125 358 1223 400 LVI.
1282 358 1340 399 De
1368 359 1478 399 Accii

84 424 224 471 poetae
250 430 334 458 cum
358 430 403 459 eo
426 418 693 460 familiaritate
719 421 826 461 aliud
849 423 1107 463 testimonium
1124 423 1324 465 Ciceronis
1352 431 1479 467 exstat

84 497 123 537 p.
155 485 302 525 Archia
332 488 405 534 11,
437 488 503 526 27.

196 553 244 589 L.
277 553 406 602 Accio]
444 553 476 592 is
509 557 621 592 natus
656 565 691 592 a.
721 553 805 593 584
834 555 1060 606 parentibus
1097 555 1288 596 libertinis
1312 558 1477 610 primam

82 617 258 657 fabulam
291 619 421 659 docuit
447 632 483 658 a.
513 621 597 659 614
624 632 702 659 una
732 631 816 659 cum
844 621 1037 670 Pacuvio,
1075 634 1158 662 cum
1186 623 1271 675 ipse
1299 624 1476 675 triginta,

81 684 152 724 ille
192 686 394 737 octoginta
435 698 556 726 annos
593 691 705 726 natus
743 692 864 735 esset;
903 688 1007 740 quod
1044 689 1130 740 ipse
1167 695 1331 730 testatur
1370 691 1477 744 apud

81 751 309 792 Ciceronem
332 754 453 792 Bruto
480 755 546 801 64,
574 755 668 794 229.
710 754 877 793 Tereum
897 755 1143 806 tragoediam
1168 756 1286 796 edidit
1309 770 1344 797 a.
1370 757 1476 798 651:

81 831 117 860 v.
152 819 322 871 Philipp.
366 820 395 859 I.
432 819 496 859 15.
537 819 587 858 ad
626 821 704 859 Att.
734 820 836 862 XVI.
864 823 909 869 2,
938 822 977 862 5.
1036 822 1207 862 Clintoni
1233 824 1341 863 Fast.
1369 824 1473 864 Hell.

82 897 118 924 a.
143 886 238 925 651.
285 886 386 935 Quin
414 886 498 927 veri
528 886 654 926 simile
679 887 826 927 vixisse
856 899 941 926 eum
971 888 1021 926 ad
1047 901 1187 928 annum
1216 901 1339 941 usque
1369 892 1475 938 670;

80 964 169 990 nam
207 957 245 991 et
281 953 420 993 Cicero
467 964 552 992 eum
590 952 758 1002 audivit,
798 953 910 1004 isque
949 958 1038 992 tunc
1076 959 1162 993 erat
1198 956 1338 1005 viginti
1375 955 1474 995 duos

80 1030 201 1058 annos
230 1024 355 1067 natus,
382 1024 419 1058 et
439 1019 566 1060 Varro
589 1023 705 1057 natus
732 1031 768 1057 a.
795 1019 877 1057 638
902 1018 1026 1058 libros
1053 1019 1089 1057 ei
1116 1019 1163 1058 de
1188 1022 1475 1073 orthographia

79 1086 287 1137 inscripsit.
345 1085 453 1124 Haec
487 1085 534 1123 de
561 1084 717 1134 Meyeri
747 1085 998 1123 annotatione
1028 1087 1219 1138 excerpsi.

193 1152 237 1196 Q.
276 1151 468 1200 Maximo]
513 1151 595 1190 eius
633 1150 735 1199 filio,
788 1162 901 1203 quem
937 1151 982 1200 Q.
1019 1151 1165 1192 Fabius
1204 1166 1228 1192 a
1263 1153 1308 1193 L.
1345 1153 1473 1193 Paulo

76 1217 303 1271 adoptarat3
338 1230 362 1257 a
384 1217 543 1258 devictis
566 1218 746 1268 gentibus
768 1217 921 1270 Alpinis
949 1217 1072 1257 dictus
1099 1224 1156 1258 est
1178 1219 1475 1271 Allobrogicus,

79 1297 158 1325 005.
198 1298 233 1324 a.
275 1287 377 1325 633:
414 1285 501 1325 Liv.
539 1285 629 1336 epit.
666 1284 769 1324 LXI.
837 1284 933 1324 Eius
968 1284 1233 1325 laudationem
1269 1286 1474 1326 funebrem

76 1352 272 1404 Scipionis
301 1351 480 1391 Africani
510 1350 648 1391 Cicero
680 1356 953 1390 commemorat
982 1364 1021 1404 p.
1047 1352 1217 1392 Murena
1247 1354 1319 1400 36,
1353 1353 1422 1393 75.

186 1419 294 1456 illum
317 1417 542 1467 Scipionem]
572 1418 616 1457 P.
639 1417 862 1469 Scipionem
885 1417 1068 1458 Nasicam
1092 1418 1349 1472 Serapionem
1372 1419 1472 1460 Cor-

76 1484 154 1524 culi
173 1483 313 1533 filium,
344 1483 488 1536 Optimi
510 1488 709 1536 nepotem,
734 1484 932 1524 consulem
956 1497 992 1524 a.
1016 1486 1121 1534 616,
1146 1486 1256 1526 nulla
1280 1487 1471 1527 sermonis

76 1552 274 1600 comitate,
307 1556 350 1591 ut
382 1551 437 1590 ait
469 1550 549 1591 Cic.
582 1549 657 1591 Off.
686 1550 717 1589 Ι.
748 1552 820 1599 30,
855 1553 948 1592 109.

189 1619 283 1659 108.
341 1621 387 1656 Ρ.
430 1618 629 1667 Lentulus]
675 1618 811 1657 consul
857 1617 1040 1657 suffectus
1086 1630 1121 1658 a.
1162 1618 1244 1659 592
1287 1619 1471 1672 princeps

73 1690 244 1726 senatus.
301 1685 470 1725 Errores
498 1684 681 1727 Wetzelii
710 1685 750 1723 in
779 1685 854 1724 hoc
882 1686 968 1726 viro
1002 1685 1094 1724 olim
1125 1687 1339 1737 castigavi,
1369 1697 1471 1726 nunc

75 1753 274 1806 explicata
296 1753 424 1792 omnia
447 1757 551 1791 sunt:
575 1765 611 1792 v.
631 1751 821 1792 Orellium
842 1752 882 1791 in
901 1753 1162 1793 Onomastico.
1186 1776 1242 1780 —
1266 1756 1313 1792 L.
1331 1756 1471 1790 Furius

72 1821 205 1858 Philus
226 1820 266 1858 in
289 1819 418 1858 Fastis
441 1822 484 1856 P.
506 1820 759 1871 praenomine
778 1824 955 1860 vocatur.
999 1819 1059 1858 De
1083 1820 1166 1858 eius
1190 1821 1272 1860 sive
1295 1819 1469 1858 moribus

74 1888 155 1927 sive
188 1886 313 1926 literis
339 1886 478 1927 Cicero
508 1885 682 1937 loquitur
703 1885 750 1924 de
776 1886 842 1926 Or.
867 1885 915 1924 II.
941 1887 1014 1933 37,
1043 1886 1135 1925 154.
1179 1886 1285 1925 Mur.
1309 1887 1374 1933 31,
1400 1886 1468 1925 66.

0 1958 1 1961 ’
71 1954 184 1994 Lael.
208 1956 254 2002 4,
282 1955 346 1993 14.
385 1954 430 2000 6,
457 1954 523 1991 21.
566 1952 682 1991 Arch.
710 1953 756 2000 7,
786 1953 876 2000 16.;
910 1952 950 1991 111
972 1952 1107 2004 primis
1130 1958 1258 1993 autem
1280 1951 1470 1992 honorifi-

0 2031 1 2066 3
73 2032 156 2060 cum
185 2019 304 2068 illud,
340 2018 445 2071 qnod
482 2018 522 2057 in
551 2017 664 2057 libris
698 2017 745 2058 de
774 2018 831 2058 Re
861 2019 1021 2070 publica
1049 2020 1138 2058 111110
1169 2032 1253 2059 011111
1281 2019 1468 2071 Scipione

0 2090 2 2114 ῑ
72 2092 109 2128 et
144 2087 284 2128 Laelio
324 2084 541 2126 disserendi
575 2097 711 2124 munus
748 2086 897 2124 tribuit.
952 2085 1012 2124 De
1046 2089 1090 2122 Ρ.
1132 2087 1316 2124 Scaevola
1350 2099 1386 2126 v.
1426 2086 1468 2125 in

0 2179 3 2206 3
72 2166 105 2195 ρ.
139 2156 213 2203 26,
243 2155 311 2194 98.
340 2174 397 2181 ’-
424 2155 483 2189 Μ’
511 2152 701 2188 Manilius
738 2162 817 2190 cos.
851 2164 887 2189 a.
918 2151 1001 2191 605
1030 2156 1110 2191 tres
1148 2152 1272 2192 libros
1304 2152 1351 2192 de
1380 2152 1468 2192 iure

0 2214 3 2263 1
71 2222 178 2263 civili
206 2220 414 2272 (Pompon.
447 2218 493 2258 de
524 2218 591 2258 Or.
612 2218 689 2258 Iur.
721 2229 752 2257 c.
781 2219 826 2265 3,
854 2216 938 2268 39.)
971 2222 1008 2257 et
1035 2220 1223 2257 venantem
1254 2219 1466 2258 vendendo-

70 2301 154 2326 rum
182 2290 345 2325 actiones
376 2285 607 2338 composuit:
637 2297 673 2325 V.
704 2283 784 2324 Cic.
816 2283 863 2323 de
888 2285 956 2325 Or.
981 2284 1009 2324 I.
1035 2286 1109 2334 58,
1135 2287 1230 2326 246.
1274 2286 1467 2326 Incertum

0 2355 1 2358 ’
72 2359 148 2404 est,
187 2353 256 2394 sed
295 2354 361 2394 vix
397 2352 482 2393 veri
522 2351 648 2391 simile
678 2350 839 2391 eundem
867 2351 1078 2392 Manilium
1108 2353 1282 2392 carmina
1310 2353 1465 2402 fecisse,

71 2433 156 2462 cum
177 2421 306 2463 Varro
337 2419 385 2460 de
408 2420 454 2460 L.
478 2419 525 2459 L.
548 2431 587 2471 p.
617 2420 711 2459 302.
740 2418 1007 2469 tragoediam,
1037 2431 1075 2471 p.
1101 2418 1197 2460 315.
1223 2420 1467 2472 epigramma

69 2488 230 2529 Manilii
259 2486 458 2527 cuiusdam
482 2485 621 2526 afferat
630 2501 640 2534 ;
669 2497 747 2526 non
773 2486 915 2525 certius
938 2485 985 2525 de
1004 2486 1147 2526 Plauto
1172 2491 1465 2526 commentatum

71 2554 191 2606 (Gell.
232 2554 298 2595 III.
338 2553 396 2605 3.)
439 2558 476 2593 et
520 2552 568 2593 de
608 2553 838 2606 antiquitate
877 2552 1055 2593 Romana
1097 2554 1302 2606 scripsisse
1341 2553 1463 2603 (Fest.

2 2630 5 2639 “
70 2635 108 2676 p.
139 2622 222 2663 259
251 2621 310 2662 ed.
341 2619 488 2672 Lind.).

183 2691 257 2740 Ap.
287 2687 450 2737 Claudii]
477 2688 646 2728 consulis
671 2699 707 2727 a.
735 2688 837 2734 6113
865 2686 899 2725 is
922 2685 1174 2727 Salassorum
1196 2686 1322 2727 victor
1343 2683 1466 2725 idem-

71 2768 147 2809 que
175 2757 358 2810 princeps
388 2759 544 2796 senatus
576 2760 613 2795 et
643 2754 703 2795 Ti.
737 2753 904 2796 Gracchi
934 2765 1048 2794 socer
1077 2758 1114 2793 et
1143 2753 1287 2794 fautor.
1321 2775 1375 2780 —-
1404 2755 1464 2790 M.

1128 2827 1184 2872 24
