1835 3126
280 246 365 289 22
494 238 689 283 BREVIS
720 237 1114 292 ELOQUENTIAE
1146 238 1279 283 ROM.
1311 239 1456 283 HIST.

278 357 405 394 consul
446 354 514 402 fiat
544 351 643 404 (¹⁷);
694 353 888 394 dissuasio
932 354 975 392 de
1019 367 1102 404 reye
1147 354 1278 393 Attalo
1329 359 1366 395 et
1408 354 1666 406 vectigalibus

276 423 394 461 Asiae
421 417 511 471 (¹⁸);
554 433 600 458 ow
641 419 711 468 leyt
749 421 911 459 Baebiac
947 421 1186 470 deroyarctur
1208 420 1303 474 (¹⁹);
1347 422 1390 460 (lc
1425 423 1580 472 spoliis,
1622 435 1667 460 ne

275 488 475 537 figerentur
502 489 577 525 nisi
611 486 654 523 ‹10
684 487 787 524 hoste
820 493 929 537 capta
947 484 1041 540 (²⁰);
1077 502 1121 526 nc
1149 491 1343 540 imperium
1371 492 1420 527 sit
1441 491 1577 535 veleri,
1606 489 1669 525 ubt

277 568 393 592 novus
421 557 559 592 venerit
582 550 675 604 (²¹);
710 558 751 590 ut
777 554 888 603 plura
918 569 1009 594 aera
1038 560 1220 606 equestria
1250 556 1399 606 fierent,
1444 568 1558 608 quam
1585 567 1667 594 rem

275 622 313 659 in
344 626 478 660 senatu
507 621 648 669 suasit,
682 619 749 659 sed
779 632 856 660 non
884 621 1036 662 videtur
1064 623 1228 671 vicisse,
1264 624 1357 675 quia
1385 623 1451 663 lex
1480 622 1668 662 eiusmodi

275 700 470 739 nunquam
504 687 588 727 lata
618 693 674 726 est
691 684 788 740 (2²);
828 688 871 725 de
899 691 1036 726 statuis
1066 702 1096 729 s.
1131 689 1178 728 (le
1208 690 1331 739 signis
1361 695 1398 729 et
1422 691 1566 729 tabulis
1583 687 1666 739 (²³³),

275 767 354 806 qua
392 755 521 794 oriens
555 755 661 794 circa
699 755 844 794 bellum
872 752 1086 795 Achaicum
1127 756 1291 795 studium
1329 756 1578 795 artificiorum
1620 768 1668 796 ex

274 822 485 873 provinciis
510 821 839 874 deportandorum
863 823 1106 874 vituperasse
1130 823 1304 871 videtur3
1335 823 1378 861 de
1400 823 1548 868 habitu,
1574 823 1668 871 sive,

275 900 376 940 quae
421 888 555 928 eadem
598 888 769 937 videtur,
816 889 859 926 de
895 893 1030 927 vestitu
1071 895 1103 927 et
1143 891 1320 928 vehiculis
1348 887 1433 941 (²⁴).
1493 890 1670 930 Omnium

275 960 402 994 autem
432 955 651 995 clarissima
681 961 739 995 est
768 956 896 995 oratio
922 969 989 1005 pro
1014 957 1181 1006 scapulis
1204 956 1229 997 i.
1258 968 1289 996 e.
1312 969 1384 1009 pro
1410 957 1500 1007 lege
1524 957 1668 996 Porcia.

274 1020 321 1061 (le
351 1027 463 1073 tergo
494 1023 651 1070 civium,
692 1022 737 1061 de
766 1035 844 1074 qua
871 1022 1058 1062 videndus
1082 1023 1283 1074 Zumptius
1320 1023 1370 1062 ad
1393 1024 1504 1064 Verr.
1527 1025 1666 1062 Aecus.

272 1087 317 1129 V.
358 1090 436 1136 63,
476 1091 568 1128 163.
628 1088 706 1128 Sed
746 1089 918 1128 studiose
951 1089 1066 1127 etiam
1104 1089 1271 1128 aliorum
1308 1101 1446 1128 causas
1488 1089 1587 1139 egit,
1626 1094 1668 1128 ut

272 1167 341 1204 pro
376 1156 561 1193 Autronio
585 1152 675 1205 (²⁵),
718 1156 760 1192 dc
799 1156 902 1193 bonis
941 1156 1099 1193 Dulciac
1123 1152 1213 1205 (²⁶),
1257 1156 1299 1193 dc
1335 1169 1375 1194 re
1410 1156 1561 1194 Floriae
1581 1153 1665 1207 (2⁷),

273 1220 317 1257 ‹lc
347 1221 451 1267 dote,
486 1222 529 1259 dc
560 1235 598 1259 rc
626 1223 675 1259 A.
703 1222 813 1260 Atilii
831 1219 898 1272 (23)
915 1252 925 1270 ‚
962 1235 1031 1272 pro
1060 1225 1107 1259 L.
1144 1223 1309 1260 Caesetio
1327 1220 1417 1273 (29),
1449 1223 1666 1262 orationum

272 1288 428 1327 nomina
473 1293 509 1327 et
557 1289 750 1340 reliquiae
796 1293 958 1328 exstent.
1028 1288 1123 1328 Cum
1169 1290 1358 1329 severitas
1398 1301 1545 1329 morum
1583 1290 1665 1329 eius

271 1354 448 1405 plurimis
489 1355 627 1395 odiosa
665 1361 766 1394 esset
804 1362 841 1395 et
879 1355 1095 1395 nobilitatis
1137 1367 1231 1395 suae
1263 1357 1348 1408 ipse
1380 1362 1517 1396 auctor
1546 1357 1665 1396 exsti-

272 1420 402 1468 tisset,
442 1420 527 1460 fieri
566 1434 643 1461 non
679 1423 822 1474 potuit,
865 1428 907 1462 ut
940 1423 1040 1462 inter
1077 1423 1273 1475 principes
1311 1424 1388 1462 iam
1428 1423 1501 1461 illa
1537 1428 1665 1462 aetate

272 1487 448 1536 regalem
486 1489 697 1539 potentiam
736 1490 775 1527 in
812 1490 967 1529 civitate
1001 1495 1225 1529 exercentes
1266 1494 1412 1528 tantum
1447 1489 1598 1529 valeret
1626 1489 1665 1527 in

273 1558 428 1601 senatu,
461 1560 643 1605 quantum
671 1555 829 1605 ingenio
861 1560 897 1594 et
925 1556 1051 1594 studio
1083 1556 1279 1595 indefesso
1307 1560 1474 1608 poterat.
1524 1555 1665 1596 Verum

272 1625 399 1659 tamen
434 1632 576 1661 causae
604 1622 757 1674 imperii
787 1634 946 1674 operam
981 1623 1094 1662 enixe
1124 1623 1301 1671 navavit,
1334 1623 1442 1662 cuius
1468 1623 1526 1662 rei
1556 1623 1665 1662 testi-

274 1751 479 1787 dissuadet
506 1752 664 1798 legaturg
702 1760 737 1787 et
765 1757 818 1787 est
842 1752 932 1787 haec
958 1754 1104 1795 eadem,
1131 1765 1224 1799 quae
1251 1755 1294 1789 in
1320 1752 1443 1799 quem
1474 1751 1664 1788 Orchiam

272 1808 294 1843 i.
314 1819 344 1843 e.
366 1808 411 1842 de
430 1809 511 1855 lege
529 1807 665 1844 Orchia
684 1809 886 1843 inscribitur
905 1810 1002 1855 apud
1020 1809 1142 1843 Schol.
1167 1809 1246 1846 Vat.
1268 1810 1314 1844 ad
1334 1810 1537 1844 Sestianam
1562 1821 1590 1845 c.
1609 1810 1663 1844 76.

273 1863 407 1898 Iniuria
432 1865 632 1899 iudicarunt
662 1876 732 1898 non
766 1866 850 1899 nulli
876 1866 965 1911 legis
991 1867 1140 1911 primum
1165 1867 1260 1901 latae
1285 1878 1317 1900 a.
1344 1878 1376 1901 u.
1403 1866 1468 1899 573
1494 1873 1661 1910 tanquam

273 1921 365 1955 iusto
400 1921 549 1956 lenioris
582 1921 823 1966 antiquandae
854 1928 1038 1956 auctorem
1064 1922 1238 1957 Catonem
1266 1923 1466 1963 exstitisse3
1501 1934 1585 1956 mox
1617 1934 1662 1956 ne

273 1977 387 2016 eidem
412 1978 650 2024 derogaretur
674 1978 871 2011 studuisse:
900 1979 1092 2013 ostendunt
1111 1978 1292 2013 Macrobii
1311 1979 1424 2013 verba
1450 1979 1524 2012 Sat.
1546 1978 1588 2013 11.
1609 1978 1661 2013 13.

367 2033 423 2076 17)
450 2033 577 2068 Festus
599 2046 630 2069 v.
648 2036 878 2080 pavimenta
892 2038 1055 2080 punica.
1178 2034 1234 2079 18)
1261 2035 1389 2069 Festus
1407 2046 1442 2069 v.
1462 2037 1663 2081 portis-cn-

274 2089 342 2124 lus.
464 2090 518 2133 19)
545 2090 688 2125 Nonius
714 2102 746 2125 v.
770 2089 929 2136 Lar-(sio.
967 2091 1093 2125 Festus
1118 2103 1152 2126 v.
1181 2095 1307 2137 roqal.
1425 2092 1486 2134 20)
1514 2091 1663 2125 Servius

272 2146 317 2179 ad
344 2145 442 2191 Virg.
470 2146 558 2180 Aen.
585 2145 626 2181 li.
654 2146 731 2181 214.
769 2147 896 2181 Festus
922 2158 957 2181 v.
980 2149 1192 2193 7·e.s·iyna7·e.
1312 2147 1372 2189 21)
1402 2146 1494 2181 Gen.
1521 2148 1603 2181 XX.
1628 2147 1662 2183 2.

270 2201 329 2244 22)
356 2201 472 2236 Prisc.
499 2202 571 2235 voi.
593 2201 618 2236 l.
645 2202 724 2237 317.
844 2203 903 2244 23)
933 2203 1057 2237 Festus
1084 2215 1118 2239 v.
1144 2203 1483 2249 redemptitavere,
1511 2203 1554 2237 cs.
1580 2202 1662 2237 Liv.

271 2257 441 2292 XXXIX.
460 2258 514 2291 44.
553 2258 758 2293 Secundum
781 2259 934 2292 Plinium
954 2259 996 2292 11.
1012 2259 1057 2293 N.
1072 2259 1240 2293 XXXIV.
1256 2259 1287 2293 6.
1309 2259 1459 2303 colligas
1475 2259 1662 2300 Catonem,

271 2325 316 2348 ne
336 2314 488 2358 indignis
503 2320 643 2348 statuae
662 2321 896 2359 ponerentur,
918 2315 1176 2360 prohibiturum
1195 2315 1321 2349 fuisse:
1345 2327 1377 2350 v.
1397 2314 1540 2359 Meyer.
1558 2327 1593 2361 p.
1608 2315 1662 2350 73.

270 2369 330 2412 24)
366 2369 480 2405 Prisc.
516 2369 541 2405 l.
568 2370 645 2405 243.
705 2371 795 2405 Eam
827 2372 1028 2406 orationem
1065 2372 1196 2406 dudum
1228 2371 1357 2407 Catoni
1392 2372 1549 2413 restitui,
1585 2383 1660 2405 cnm

273 2426 385 2459 Caelii
412 2425 583 2468 ferretur,
614 2439 717 2471 quam
742 2428 1032 2462 emendationem
1058 2434 1140 2472 post
1166 2439 1221 2462 me
1245 2428 1306 2462 alii
1332 2427 1494 2462 fecerunt
1522 2428 1660 2462 iterum.

271 2480 330 2524 25)
357 2481 470 2517 Prisc.
499 2483 571 2517 voi.
591 2482 616 2516 1.
645 2483 723 2519 462.
746 2484 791 2520 Κ.
905 2485 964 2528 26)
990 2484 1126 2519 Fronto
1153 2485 1198 2519 ad
1224 2484 1277 2520 M.
1305 2485 1522 2519 Antoninum
1547 2483 1607 2518 lv.
1627 2484 1659 2518 5.

272 2549 307 2582 p.
333 2537 408 2572 102.
525 2539 584 2582 27)
612 2539 704 2575 Geli.
725 2540 786 2577 lx.
812 2541 863 2577 12.
904 2541 948 2577 X.
981 2541 1030 2577 13.
1054 2542 1098 2576 al.
1148 2540 1249 2575 Male
1273 2542 1320 2575 de
1345 2553 1386 2575 re
1413 2540 1572 2581 Floria,
1599 2545 1659 2574 aut

271 2593 379 2627 etiam
403 2592 593 2629 Floriana
616 2597 801 2640 scribitur,
830 2598 898 2632 hoc
924 2599 1018 2644 apud
1042 2598 1125 2633 Cur.
1141 2597 1326 2633 Fortunat.
1346 2598 1386 2633 ΙΙ.
1407 2610 1441 2643 p.
1456 2597 1511 2631 81.
1544 2597 1657 2641 Capp.

272 2648 352 2683 Res
371 2655 424 2685 est
443 2650 636 2687 hereditas.
753 2654 814 2699 28)
834 2653 1050 2691 Gell.x.23.
1076 2654 1170 2689 Fest.
1184 2667 1218 2689 v.
1232 2657 1396 2689 sontica.
1513 2653 1572 2697 29)
1594 2652 1658 2687 Fe·

271 2712 345 2740 stus
370 2718 404 2742 v.
431 2708 612 2755 siremps.
662 2709 802 2745 incerta
836 2717 889 2747 est
920 2711 1037 2749 oratio
1072 2722 1106 2756 p.
1134 2710 1174 2745 L.
1203 2711 1313 2746 Turio
1343 2723 1370 2745 s.
1397 2710 1507 2753 Furio
1533 2714 1658 2744 contra

268 2762 444 2806 Gellium,
473 2776 505 2801 v.
534 2765 678 2810 Meyer.
704 2779 736 2812 p.
760 2767 814 2802 Sl.
