<?xml version="1.0" encoding="UTF-8"?>
<!DOCTYPE html PUBLIC "-//W3C//DTD XHTML 1.0 Transitional//EN"
    "http://www.w3.org/TR/xhtml1/DTD/xhtml1-transitional.dtd">
<html xmlns="http://www.w3.org/1999/xhtml" xml:lang="en" lang="en">
 <head>
  <title>
</title>
<meta http-equiv="Content-Type" content="text/html;charset=utf-8" />
  <meta name='ocr-system' content='tesseract 3.04.00' />
  <meta name='ocr-capabilities' content='ocr_page ocr_carea ocr_par ocr_line ocrx_word'/>
</head>
<body>
  <div class='ocr_page' id='page_1' title='image "./brutussivedeclar00ciceuoft/brutussivedeclar00ciceuoft_0311.png"; bbox 0 0 1835 3126; ppageno 0'>
   <div class='ocr_carea' id='block_1_1' title="bbox 557 118 1507 171">
    <p class='ocr_par' dir='ltr' id='par_1_1' title="bbox 557 118 1507 171">
     <span class='ocr_line' id='line_1_1' title="bbox 557 118 1507 171; baseline 0.011 -10"><span class='ocrx_word' id='word_1_1' title='bbox 557 118 815 163; x_wconf 92' lang='lat' dir='ltr'><strong>BRUTUS</strong></span> <span class='ocrx_word' id='word_1_2' title='bbox 857 120 976 165; x_wconf 86' lang='lat' dir='ltr'>CAP.</span> <span class='ocrx_word' id='word_1_3' title='bbox 1006 122 1074 165; x_wconf 87' lang='grc'>81.</span> <span class='ocrx_word' id='word_1_4' title='bbox 1389 126 1507 171; x_wconf 73' lang='lat'>291</span> 
     </span>
    </p>
   </div>
   <div class='ocr_carea' id='block_1_2' title="bbox 95 230 1507 1692">
    <p class='ocr_par' dir='ltr' id='par_1_2' title="bbox 95 230 1507 1692">
     <span class='ocr_line' id='line_1_2' title="bbox 118 230 1507 289; baseline 0.003 -15"><span class='ocrx_word' id='word_1_5' title='bbox 118 232 360 286; x_wconf 84' lang='lat' dir='ltr'>Quanquam</span> <span class='ocrx_word' id='word_1_6' title='bbox 396 230 592 274; x_wconf 83' lang='lat' dir='ltr'>facienda</span> <span class='ocrx_word' id='word_1_7' title='bbox 630 234 781 275; x_wconf 90' lang='lat' dir='ltr'>mentio</span> <span class='ocrx_word' id='word_1_8' title='bbox 822 239 906 283; x_wconf 88' lang='lat' dir='ltr'>est,</span> <span class='ocrx_word' id='word_1_9' title='bbox 943 240 984 275; x_wconf 90' lang='lat' dir='ltr'>ut</span> <span class='ocrx_word' id='word_1_10' title='bbox 1013 233 1175 289; x_wconf 85' lang='lat' dir='ltr'>quidem</span> <span class='ocrx_word' id='word_1_11' title='bbox 1207 233 1304 276; x_wconf 87' lang='lat' dir='ltr'>mihi</span> <span class='ocrx_word' id='word_1_12' title='bbox 1333 235 1507 288; x_wconf 87' lang='lat' dir='ltr'>videtur,</span> 
     </span>
     <span class='ocr_line' id='line_1_3' title="bbox 116 308 1504 369; baseline 0.004 -17"><span class='ocrx_word' id='word_1_13' title='bbox 116 310 283 352; x_wconf 90' lang='lat' dir='ltr'>duorum</span> <span class='ocrx_word' id='word_1_14' title='bbox 315 308 657 360; x_wconf 79' lang='lat' dir='ltr'>adolescentium,</span> <span class='ocrx_word' id='word_1_15' title='bbox 689 312 780 366; x_wconf 85' lang='lat' dir='ltr'>qni,</span> <span class='ocrx_word' id='word_1_16' title='bbox 811 312 847 353; x_wconf 89' lang='lat' dir='ltr'>si</span> <span class='ocrx_word' id='word_1_17' title='bbox 879 311 1028 354; x_wconf 81' lang='lat' dir='ltr'>diutIus</span> <span class='ocrx_word' id='word_1_18' title='bbox 1058 314 1278 362; x_wconf 81' lang='lat' dir='ltr'>vixissent,</span> <span class='ocrx_word' id='word_1_19' title='bbox 1309 327 1504 369; x_wconf 78' lang='lat' dir='ltr'>magnam</span> 
     </span>
     <span class='ocr_line' id='line_1_4' title="bbox 113 386 1505 442; baseline 0.004 -13"><span class='ocrx_word' id='word_1_20' title='bbox 113 393 250 429; x_wconf 89' lang='lat' dir='ltr'>essent</span> <span class='ocrx_word' id='word_1_21' title='bbox 287 386 549 442; x_wconf 79' lang='lat' dir='ltr'>eloquentiae</span> <span class='ocrx_word' id='word_1_22' title='bbox 583 389 747 431; x_wconf 85' lang='lat' dir='ltr'>laudem</span> <span class='ocrx_word' id='word_1_23' title='bbox 787 392 1011 432; x_wconf 81' lang='lat' dir='ltr'>consecuti.</span> <span class='ocrx_word' id='word_1_24' title='bbox 1070 390 1166 431; x_wconf 70' lang='lat'><strong>250.</strong></span> <span class='ocrx_word' id='word_1_25' title='bbox 1207 388 1251 431; x_wconf 82' lang='lat' dir='ltr'>G.</span> <span class='ocrx_word' id='word_1_26' title='bbox 1284 389 1505 435; x_wconf 81' lang='lat' dir='ltr'>Curionem</span> 
     </span>
     <span class='ocr_line' id='line_1_5' title="bbox 110 464 1502 520; baseline 0.005 -15"><span class='ocrx_word' id='word_1_27' title='bbox 110 471 165 513; x_wconf 89' lang='lat' dir='ltr'>te,</span> <span class='ocrx_word' id='word_1_28' title='bbox 195 465 326 520; x_wconf 86' lang='lat' dir='ltr'>inquit</span> <span class='ocrx_word' id='word_1_29' title='bbox 352 464 522 517; x_wconf 83' lang='lat' dir='ltr'>Brutus,</span> <span class='ocrx_word' id='word_1_30' title='bbox 555 474 593 509; x_wconf 90' lang='lat' dir='ltr'>et</span> <span class='ocrx_word' id='word_1_31' title='bbox 622 466 666 509; x_wconf 80' lang='lat' dir='ltr'>C.</span> <span class='ocrx_word' id='word_1_32' title='bbox 697 465 902 509; x_wconf 88' lang='lat' dir='ltr'>Licinium</span> <span class='ocrx_word' id='word_1_33' title='bbox 936 466 1108 509; x_wconf 84' lang='lat' dir='ltr'>Calvum</span> <span class='ocrx_word' id='word_1_34' title='bbox 1139 467 1317 511; x_wconf 80' lang='lat' dir='ltr'>arbitror</span> <span class='ocrx_word' id='word_1_35' title='bbox 1349 469 1502 513; x_wconf 88' lang='lat' dir='ltr'>dicere.</span> 
     </span>
     <span class='ocr_line' id='line_1_6' title="bbox 109 540 1502 601; baseline 0.005 -18"><span class='ocrx_word' id='word_1_36' title='bbox 109 540 257 593; x_wconf 84' lang='lat' dir='ltr'>Recte,</span> <span class='ocrx_word' id='word_1_37' title='bbox 288 544 472 599; x_wconf 86' lang='lat' dir='ltr'>inquam,</span> <span class='ocrx_word' id='word_1_38' title='bbox 505 545 741 587; x_wconf 84' lang='lat' dir='ltr'>arbitraris:</span> <span class='ocrx_word' id='word_1_39' title='bbox 774 559 943 601; x_wconf 90' lang='lat' dir='ltr'>quorum</span> <span class='ocrx_word' id='word_1_40' title='bbox 969 545 1133 600; x_wconf 89' lang='lat' dir='ltr'>quidem</span> <span class='ocrx_word' id='word_1_41' title='bbox 1159 545 1264 587; x_wconf 90' lang='lat' dir='ltr'>alter</span> <span class='ocrx_word' id='word_1_42' title='bbox 1293 547 1352 588; x_wconf 87' lang='lat' dir='ltr'>ita</span> <span class='ocrx_word' id='word_1_43' title='bbox 1376 547 1502 590; x_wconf 82' lang='lat' dir='ltr'>facile</span> 
     </span>
     <span class='ocr_line' id='line_1_7' title="bbox 109 620 1502 676; baseline 0.005 -15"><span class='ocrx_word' id='word_1_44' title='bbox 109 620 324 676; x_wconf 86' lang='lat' dir='ltr'>soluteque</span> <span class='ocrx_word' id='word_1_45' title='bbox 363 622 503 665; x_wconf 85' lang='lat' dir='ltr'>verbis</span> <span class='ocrx_word' id='word_1_46' title='bbox 534 623 729 666; x_wconf 82' lang='lat' dir='ltr'>volvebat</span> <span class='ocrx_word' id='word_1_47' title='bbox 759 625 862 665; x_wconf 88' lang='lat' dir='ltr'>satis</span> <span class='ocrx_word' id='word_1_48' title='bbox 893 623 1094 665; x_wconf 87' lang='lat' dir='ltr'>interdum</span> <span class='ocrx_word' id='word_1_49' title='bbox 1125 631 1288 674; x_wconf 84' lang='lat' dir='ltr'>acutas,</span> <span class='ocrx_word' id='word_1_50' title='bbox 1330 625 1502 668; x_wconf 88' lang='lat' dir='ltr'>crebras</span> 
     </span>
     <span class='ocr_line' id='line_1_8' title="bbox 109 699 1502 758; baseline 0.006 -19"><span class='ocrx_word' id='word_1_51' title='bbox 109 699 273 753; x_wconf 84' lang='lat' dir='ltr'>quidem</span> <span class='ocrx_word' id='word_1_52' title='bbox 319 707 429 743; x_wconf 90' lang='lat' dir='ltr'>certe</span> <span class='ocrx_word' id='word_1_53' title='bbox 474 704 721 752; x_wconf 84' lang='lat' dir='ltr'>sententias,</span> <span class='ocrx_word' id='word_1_54' title='bbox 771 708 812 743; x_wconf 88' lang='lat' dir='ltr'>ut</span> <span class='ocrx_word' id='word_1_55' title='bbox 847 700 949 743; x_wconf 88' lang='lat' dir='ltr'>nihil</span> <span class='ocrx_word' id='word_1_56' title='bbox 989 708 1131 758; x_wconf 88' lang='lat' dir='ltr'>posset</span> <span class='ocrx_word' id='word_1_57' title='bbox 1170 703 1353 744; x_wconf 88' lang='lat' dir='ltr'>ornatius</span> <span class='ocrx_word' id='word_1_58' title='bbox 1392 717 1502 755; x_wconf 84' lang='lat' dir='ltr'>esse,</span> 
     </span>
     <span class='ocr_line' id='line_1_9' title="bbox 106 776 1501 835; baseline 0.004 -18"><span class='ocrx_word' id='word_1_59' title='bbox 106 776 209 818; x_wconf 87' lang='lat' dir='ltr'>nihil</span> <span class='ocrx_word' id='word_1_60' title='bbox 247 778 488 834; x_wconf 87' lang='lat' dir='ltr'>expeditius.</span> <span class='ocrx_word' id='word_1_61' title='bbox 548 780 683 835; x_wconf 84' lang='lat' dir='ltr'>Atque</span> <span class='ocrx_word' id='word_1_62' title='bbox 723 779 790 821; x_wconf 92' lang='lat' dir='ltr'>hic</span> <span class='ocrx_word' id='word_1_63' title='bbox 819 792 963 834; x_wconf 81' lang='lat' dir='ltr'>parum</span> <span class='ocrx_word' id='word_1_64' title='bbox 995 792 1021 820; x_wconf 89' lang='lat' dir='ltr'>a</span> <span class='ocrx_word' id='word_1_65' title='bbox 1050 780 1263 832; x_wconf 81' lang='lat' dir='ltr'>magistris</span> <span class='ocrx_word' id='word_1_66' title='bbox 1293 782 1501 823; x_wconf 87' lang='lat' dir='ltr'>institutus</span> 
     </span>
     <span class='ocr_line' id='line_1_10' title="bbox 104 855 1500 900; baseline 0.004 -5"><span class='ocrx_word' id='word_1_67' title='bbox 104 861 293 896; x_wconf 82' lang='lat' dir='ltr'>naturam</span> <span class='ocrx_word' id='word_1_68' title='bbox 338 855 480 897; x_wconf 85' lang='lat' dir='ltr'>habuit</span> <span class='ocrx_word' id='word_1_69' title='bbox 525 856 812 898; x_wconf 82' lang='lat' dir='ltr'>admirabilem</span> <span class='ocrx_word' id='word_1_70' title='bbox 856 856 910 896; x_wconf 88' lang='lat' dir='ltr'>ad</span> <span class='ocrx_word' id='word_1_71' title='bbox 954 856 1184 897; x_wconf 88' lang='lat' dir='ltr'>dicendum.</span> <span class='ocrx_word' id='word_1_72' title='bbox 1253 856 1500 900; x_wconf 82' lang='lat' dir='ltr'>industriam</span> 
     </span>
     <span class='ocr_line' id='line_1_11' title="bbox 104 932 1498 988; baseline 0.002 -15"><span class='ocrx_word' id='word_1_73' title='bbox 104 945 187 975; x_wconf 90' lang='lat' dir='ltr'>non</span> <span class='ocrx_word' id='word_1_74' title='bbox 219 946 306 974; x_wconf 90' lang='lat' dir='ltr'>sum</span> <span class='ocrx_word' id='word_1_75' title='bbox 332 940 543 988; x_wconf 86' lang='lat' dir='ltr'>expertus:</span> <span class='ocrx_word' id='word_1_76' title='bbox 583 933 760 974; x_wconf 86' lang='lat' dir='ltr'>studium</span> <span class='ocrx_word' id='word_1_77' title='bbox 795 939 905 974; x_wconf 86' lang='lat' dir='ltr'>certe</span> <span class='ocrx_word' id='word_1_78' title='bbox 935 932 1021 974; x_wconf 86' lang='lat' dir='ltr'>fuit.</span> <span class='ocrx_word' id='word_1_79' title='bbox 1081 934 1150 987; x_wconf 91' lang='lat' dir='ltr'>qui</span> <span class='ocrx_word' id='word_1_80' title='bbox 1185 933 1222 974; x_wconf 91' lang='lat' dir='ltr'>si</span> <span class='ocrx_word' id='word_1_81' title='bbox 1255 947 1318 975; x_wconf 91' lang='lat' dir='ltr'>me</span> <span class='ocrx_word' id='word_1_82' title='bbox 1353 935 1498 976; x_wconf 89' lang='lat' dir='ltr'>audire</span> 
     </span>
     <span class='ocr_line' id='line_1_12' title="bbox 102 1009 1499 1068; baseline 0.004 -18"><span class='ocrx_word' id='word_1_83' title='bbox 102 1009 325 1058; x_wconf 87' lang='lat' dir='ltr'>voluisset,</span> <span class='ocrx_word' id='word_1_84' title='bbox 367 1016 409 1050; x_wconf 86' lang='lat' dir='ltr'>ut</span> <span class='ocrx_word' id='word_1_85' title='bbox 440 1016 649 1065; x_wconf 86' lang='lat' dir='ltr'>coeperat,</span> <span class='ocrx_word' id='word_1_86' title='bbox 683 1010 863 1053; x_wconf 89' lang='lat' dir='ltr'>honores</span> <span class='ocrx_word' id='word_1_87' title='bbox 894 1023 1015 1065; x_wconf 80' lang='lat' dir='ltr'>quain</span> <span class='ocrx_word' id='word_1_88' title='bbox 1047 1023 1147 1066; x_wconf 86' lang='lat' dir='ltr'>opes</span> <span class='ocrx_word' id='word_1_89' title='bbox 1180 1014 1382 1068; x_wconf 86' lang='lat' dir='ltr'>consequi</span> <span class='ocrx_word' id='word_1_90' title='bbox 1410 1026 1499 1055; x_wconf 85' lang='lat' dir='ltr'>ma-</span> 
     </span>
     <span class='ocr_line' id='line_1_13' title="bbox 99 1085 1499 1145; baseline 0.004 -18"><span class='ocrx_word' id='word_1_91' title='bbox 99 1086 258 1128; x_wconf 88' lang='lat' dir='ltr'>luisset.</span> <span class='ocrx_word' id='word_1_92' title='bbox 313 1085 519 1138; x_wconf 87' lang='lat' dir='ltr'>Quidnam</span> <span class='ocrx_word' id='word_1_93' title='bbox 549 1094 632 1139; x_wconf 89' lang='lat' dir='ltr'>est,</span> <span class='ocrx_word' id='word_1_94' title='bbox 667 1090 814 1145; x_wconf 85' lang='lat' dir='ltr'>inquit,</span> <span class='ocrx_word' id='word_1_95' title='bbox 853 1090 986 1132; x_wconf 64' lang='lat' dir='ltr'>istuc?</span> <span class='ocrx_word' id='word_1_96' title='bbox 1032 1095 1072 1131; x_wconf 80' lang='lat' dir='ltr'>et</span> <span class='ocrx_word' id='word_1_97' title='bbox 1101 1102 1221 1145; x_wconf 86' lang='lat' dir='ltr'>quem</span> <span class='ocrx_word' id='word_1_98' title='bbox 1251 1090 1306 1132; x_wconf 88' lang='lat' dir='ltr'>ad</span> <span class='ocrx_word' id='word_1_99' title='bbox 1333 1091 1499 1133; x_wconf 90' lang='lat' dir='ltr'>modum</span> 
     </span>
     <span class='ocr_line' id='line_1_14' title="bbox 101 1164 1496 1223; baseline 0.004 -17"><span class='ocrx_word' id='word_1_100' title='bbox 101 1164 354 1219; x_wconf 66' lang='lat' dir='ltr'>distinguis?</span> <span class='ocrx_word' id='word_1_101' title='bbox 413 1165 508 1208; x_wconf 78' lang='grc'>281.</span> <span class='ocrx_word' id='word_1_102' title='bbox 550 1165 639 1210; x_wconf 92' lang='lat' dir='ltr'>Hoc</span> <span class='ocrx_word' id='word_1_103' title='bbox 687 1167 833 1217; x_wconf 81' lang='lat' dir='ltr'>modo,</span> <span class='ocrx_word' id='word_1_104' title='bbox 878 1169 1057 1223; x_wconf 87' lang='lat' dir='ltr'>inquam.</span> <span class='ocrx_word' id='word_1_105' title='bbox 1127 1166 1228 1209; x_wconf 84' lang='lat' dir='ltr'>Cum</span> <span class='ocrx_word' id='word_1_106' title='bbox 1270 1167 1403 1211; x_wconf 88' lang='lat' dir='ltr'>honos</span> <span class='ocrx_word' id='word_1_107' title='bbox 1442 1172 1496 1212; x_wconf 87' lang='lat' dir='ltr'>sit</span> 
     </span>
     <span class='ocr_line' id='line_1_15' title="bbox 98 1244 1496 1302; baseline 0.004 -18"><span class='ocrx_word' id='word_1_108' title='bbox 98 1244 325 1299; x_wconf 89' lang='lat' dir='ltr'>praemium</span> <span class='ocrx_word' id='word_1_109' title='bbox 365 1245 526 1287; x_wconf 84' lang='lat' dir='ltr'>virtutis</span> <span class='ocrx_word' id='word_1_110' title='bbox 570 1247 723 1288; x_wconf 86' lang='lat' dir='ltr'>iudicio</span> <span class='ocrx_word' id='word_1_111' title='bbox 768 1245 985 1302; x_wconf 87' lang='lat' dir='ltr'>studioque</span> <span class='ocrx_word' id='word_1_112' title='bbox 1027 1247 1177 1289; x_wconf 88' lang='lat' dir='ltr'>civium</span> <span class='ocrx_word' id='word_1_113' title='bbox 1221 1246 1401 1289; x_wconf 85' lang='lat' dir='ltr'>delatum</span> <span class='ocrx_word' id='word_1_114' title='bbox 1441 1247 1496 1290; x_wconf 87' lang='lat' dir='ltr'>ad</span> 
     </span>
     <span class='ocr_line' id='line_1_16' title="bbox 102 1321 1495 1380; baseline 0.004 -18"><span class='ocrx_word' id='word_1_115' title='bbox 102 1321 301 1376; x_wconf 86' lang='lat' dir='ltr'>aliquem:</span> <span class='ocrx_word' id='word_1_116' title='bbox 342 1324 411 1378; x_wconf 91' lang='lat' dir='ltr'>qui</span> <span class='ocrx_word' id='word_1_117' title='bbox 448 1337 539 1365; x_wconf 91' lang='lat' dir='ltr'>eum</span> <span class='ocrx_word' id='word_1_118' title='bbox 576 1326 812 1373; x_wconf 81' lang='lat' dir='ltr'>sententiis,</span> <span class='ocrx_word' id='word_1_119' title='bbox 856 1326 924 1380; x_wconf 89' lang='lat' dir='ltr'>qui</span> <span class='ocrx_word' id='word_1_120' title='bbox 967 1324 1179 1379; x_wconf 83' lang='lat' dir='ltr'>suffragiis</span> <span class='ocrx_word' id='word_1_121' title='bbox 1215 1324 1387 1380; x_wconf 88' lang='lat' dir='ltr'>adeptus</span> <span class='ocrx_word' id='word_1_122' title='bbox 1418 1332 1495 1376; x_wconf 82' lang='lat' dir='ltr'>est,</span> 
     </span>
     <span class='ocr_line' id='line_1_17' title="bbox 99 1399 1492 1458; baseline 0.004 -18"><span class='ocrx_word' id='word_1_123' title='bbox 99 1401 135 1441; x_wconf 89' lang='lat' dir='ltr'>is</span> <span class='ocrx_word' id='word_1_124' title='bbox 166 1399 265 1442; x_wconf 88' lang='lat' dir='ltr'>mihi</span> <span class='ocrx_word' id='word_1_125' title='bbox 299 1407 338 1443; x_wconf 89' lang='lat' dir='ltr'>et</span> <span class='ocrx_word' id='word_1_126' title='bbox 372 1400 570 1444; x_wconf 89' lang='lat' dir='ltr'>honestus</span> <span class='ocrx_word' id='word_1_127' title='bbox 602 1409 641 1444; x_wconf 88' lang='lat' dir='ltr'>et</span> <span class='ocrx_word' id='word_1_128' title='bbox 668 1402 894 1445; x_wconf 87' lang='lat' dir='ltr'>honoratus</span> <span class='ocrx_word' id='word_1_129' title='bbox 926 1402 1099 1445; x_wconf 89' lang='lat' dir='ltr'>videtur.</span> <span class='ocrx_word' id='word_1_130' title='bbox 1159 1403 1227 1458; x_wconf 90' lang='lat' dir='ltr'>qui</span> <span class='ocrx_word' id='word_1_131' title='bbox 1256 1409 1390 1444; x_wconf 87' lang='lat' dir='ltr'>autem</span> <span class='ocrx_word' id='word_1_132' title='bbox 1422 1416 1492 1445; x_wconf 92' lang='lat' dir='ltr'>oc-</span> 
     </span>
     <span class='ocr_line' id='line_1_18' title="bbox 98 1479 1492 1535; baseline 0.001 -15"><span class='ocrx_word' id='word_1_133' title='bbox 98 1480 269 1521; x_wconf 89' lang='lat' dir='ltr'>casione</span> <span class='ocrx_word' id='word_1_134' title='bbox 312 1479 455 1535; x_wconf 85' lang='lat' dir='ltr'>aliqua</span> <span class='ocrx_word' id='word_1_135' title='bbox 496 1481 620 1522; x_wconf 87' lang='lat' dir='ltr'>etiam</span> <span class='ocrx_word' id='word_1_136' title='bbox 661 1483 799 1524; x_wconf 85' lang='lat' dir='ltr'>invitis</span> <span class='ocrx_word' id='word_1_137' title='bbox 839 1482 925 1523; x_wconf 87' lang='lat' dir='ltr'>suis</span> <span class='ocrx_word' id='word_1_138' title='bbox 956 1480 1116 1523; x_wconf 86' lang='lat' dir='ltr'>civibus</span> <span class='ocrx_word' id='word_1_139' title='bbox 1146 1486 1292 1522; x_wconf 88' lang='lat' dir='ltr'>nactus</span> <span class='ocrx_word' id='word_1_140' title='bbox 1323 1487 1387 1523; x_wconf 87' lang='lat' dir='ltr'>est</span> <span class='ocrx_word' id='word_1_141' title='bbox 1415 1482 1492 1522; x_wconf 89' lang='lat' dir='ltr'>im-</span> 
     </span>
     <span class='ocr_line' id='line_1_19' title="bbox 95 1557 1490 1615; baseline 0.002 -18"><span class='ocrx_word' id='word_1_142' title='bbox 95 1557 273 1612; x_wconf 86' lang='lat' dir='ltr'>perium,</span> <span class='ocrx_word' id='word_1_143' title='bbox 314 1564 355 1599; x_wconf 88' lang='lat' dir='ltr'>ut</span> <span class='ocrx_word' id='word_1_144' title='bbox 393 1557 464 1599; x_wconf 89' lang='lat' dir='ltr'>ille</span> <span class='ocrx_word' id='word_1_145' title='bbox 507 1559 716 1615; x_wconf 86' lang='lat' dir='ltr'>cupiebat,</span> <span class='ocrx_word' id='word_1_146' title='bbox 757 1559 864 1602; x_wconf 90' lang='lat' dir='ltr'>hunc</span> <span class='ocrx_word' id='word_1_147' title='bbox 903 1572 1052 1601; x_wconf 91' lang='lat' dir='ltr'>nomen</span> <span class='ocrx_word' id='word_1_148' title='bbox 1082 1558 1253 1601; x_wconf 90' lang='lat' dir='ltr'>honoris</span> <span class='ocrx_word' id='word_1_149' title='bbox 1289 1558 1490 1615; x_wconf 87' lang='lat' dir='ltr'>adeptum,</span> 
     </span>
     <span class='ocr_line' id='line_1_20' title="bbox 95 1634 1490 1692; baseline 0.004 -17"><span class='ocrx_word' id='word_1_150' title='bbox 95 1647 179 1677; x_wconf 86' lang='lat' dir='ltr'>non</span> <span class='ocrx_word' id='word_1_151' title='bbox 200 1634 399 1678; x_wconf 87' lang='lat' dir='ltr'>honorem</span> <span class='ocrx_word' id='word_1_152' title='bbox 422 1643 529 1692; x_wconf 89' lang='lat' dir='ltr'>puto.</span> <span class='ocrx_word' id='word_1_153' title='bbox 578 1636 695 1688; x_wconf 85' lang='lat' dir='ltr'>Quae</span> <span class='ocrx_word' id='word_1_154' title='bbox 720 1640 757 1679; x_wconf 91' lang='lat' dir='ltr'>si</span> <span class='ocrx_word' id='word_1_155' title='bbox 782 1637 854 1680; x_wconf 88' lang='lat' dir='ltr'>ille</span> <span class='ocrx_word' id='word_1_156' title='bbox 881 1637 1023 1679; x_wconf 88' lang='lat' dir='ltr'>audire</span> <span class='ocrx_word' id='word_1_157' title='bbox 1046 1637 1267 1686; x_wconf 88' lang='lat' dir='ltr'>voluisset,</span> <span class='ocrx_word' id='word_1_158' title='bbox 1297 1650 1490 1680; x_wconf 83' lang='lat' dir='ltr'>maxuma</span> 
     </span>
    </p>
   </div>
   <div class='ocr_carea' id='block_1_3' title="bbox 180 1778 946 1815">
    <p class='ocr_par' dir='ltr' id='par_1_3' title="bbox 180 1778 946 1815">
     <span class='ocr_line' id='line_1_21' title="bbox 180 1778 946 1815; baseline 0 -10"><span class='ocrx_word' id='word_1_159' title='bbox 180 1778 242 1805; x_wconf 72' lang='lat'>280.</span> <span class='ocrx_word' id='word_1_160' title='bbox 275 1786 385 1813; x_wconf 82' lang='lat' dir='ltr'>parum</span> <span class='ocrx_word' id='word_1_161' title='bbox 404 1788 422 1806; x_wconf 84' lang='grc' dir='ltr'><em>α</em></span> <span class='ocrx_word' id='word_1_162' title='bbox 441 1780 611 1815; x_wconf 72' lang='lat' dir='ltr'>mayz&#39;stris]</span> <span class='ocrx_word' id='word_1_163' title='bbox 632 1789 649 1806; x_wconf 89' lang='lat' dir='ltr'>a</span> <span class='ocrx_word' id='word_1_164' title='bbox 669 1781 817 1814; x_wconf 83' lang='lat' dir='ltr'>magistris</span> <span class='ocrx_word' id='word_1_165' title='bbox 836 1787 946 1814; x_wconf 84' lang='lat' dir='ltr'>parum.</span> 
     </span>
    </p>
   </div>
   <div class='ocr_carea' id='block_1_4' title="bbox 91 1889 1488 1993">
    <p class='ocr_par' dir='ltr' id='par_1_4' title="bbox 91 1889 1488 1993">
     <span class='ocr_line' id='line_1_22' title="bbox 92 1889 1488 1936; baseline 0.003 -12"><span class='ocrx_word' id='word_1_166' title='bbox 92 1890 143 1924; x_wconf 87' lang='lat' dir='ltr'>sic</span> <span class='ocrx_word' id='word_1_167' title='bbox 159 1889 225 1936; x_wconf 84' lang='lat' dir='ltr'>Lg.</span> <span class='ocrx_word' id='word_1_168' title='bbox 245 1891 278 1925; x_wconf 84' lang='lat' dir='ltr'>S.</span> <span class='ocrx_word' id='word_1_169' title='bbox 297 1890 350 1924; x_wconf 83' lang='lat'>51.</span> <span class='ocrx_word' id='word_1_170' title='bbox 370 1891 425 1925; x_wconf 88' lang='grc'>53.</span> <span class='ocrx_word' id='word_1_171' title='bbox 444 1891 498 1926; x_wconf 88' lang='grc'>58.</span> <span class='ocrx_word' id='word_1_172' title='bbox 517 1891 572 1927; x_wconf 85' lang='grc'>68.</span> <span class='ocrx_word' id='word_1_173' title='bbox 613 1891 829 1927; x_wconf 67' lang='lat' dir='ltr'>maxumea</span> <span class='ocrx_word' id='word_1_174' title='bbox 849 1892 894 1927; x_wconf 83' lang='lat'>70</span> <span class='ocrx_word' id='word_1_175' title='bbox 909 1902 1000 1926; x_wconf 87' lang='lat' dir='ltr'>corr.</span> <span class='ocrx_word' id='word_1_176' title='bbox 1022 1896 1061 1925; x_wconf 80' lang='lat' dir='ltr'>ut</span> <span class='ocrx_word' id='word_1_177' title='bbox 1076 1891 1110 1925; x_wconf 88' lang='grc'>8.</span> <span class='ocrx_word' id='word_1_178' title='bbox 1152 1890 1228 1925; x_wconf 87' lang='lat' dir='ltr'>Sed</span> <span class='ocrx_word' id='word_1_179' title='bbox 1251 1903 1488 1930; x_wconf 75' lang='lat' dir='ltr'>maxumum</span> 
     </span>
     <span class='ocr_line' id='line_1_23' title="bbox 91 1947 672 1993; baseline 0.003 -13"><span class='ocrx_word' id='word_1_180' title='bbox 91 1958 174 1981; x_wconf 77' lang='lat' dir='ltr'>mox</span> <span class='ocrx_word' id='word_1_181' title='bbox 200 1958 288 1981; x_wconf 89' lang='lat' dir='ltr'>unus</span> <span class='ocrx_word' id='word_1_182' title='bbox 313 1947 379 1993; x_wconf 83' lang='lat' dir='ltr'>Lg.</span> <span class='ocrx_word' id='word_1_183' title='bbox 403 1947 460 1982; x_wconf 87' lang='grc'>68.</span> <span class='ocrx_word' id='word_1_184' title='bbox 487 1954 523 1983; x_wconf 86' lang='lat' dir='ltr'>et</span> <span class='ocrx_word' id='word_1_185' title='bbox 548 1947 672 1984; x_wconf 84' lang='lat' dir='ltr'>ottob.</span> 
     </span>
    </p>
   </div>
   <div class='ocr_carea' id='block_1_5' title="bbox 180 2014 1346 2063">
    <p class='ocr_par' dir='ltr' id='par_1_5' title="bbox 180 2014 1346 2063">
     <span class='ocr_line' id='line_1_24' title="bbox 180 2014 1346 2063; baseline 0.002 -15"><span class='ocrx_word' id='word_1_186' title='bbox 180 2014 349 2049; x_wconf 79' lang='lat' dir='ltr'>LXXXI.</span> <span class='ocrx_word' id='word_1_187' title='bbox 399 2016 620 2060; x_wconf 74' lang='lat' dir='ltr'>redeamus]</span> <span class='ocrx_word' id='word_1_188' title='bbox 646 2016 958 2063; x_wconf 75' lang='lat' dir='ltr'>respondeamus</span> <span class='ocrx_word' id='word_1_189' title='bbox 983 2014 1052 2060; x_wconf 85' lang='lat' dir='ltr'>Lg.</span> <span class='ocrx_word' id='word_1_190' title='bbox 1076 2014 1107 2048; x_wconf 92' lang='grc'>8.</span> <span class='ocrx_word' id='word_1_191' title='bbox 1134 2014 1187 2049; x_wconf 88' lang='grc'>39.</span> <span class='ocrx_word' id='word_1_192' title='bbox 1213 2014 1267 2048; x_wconf 83' lang='lat'>51.</span> <span class='ocrx_word' id='word_1_193' title='bbox 1291 2015 1346 2050; x_wconf 82' lang='lat'>56.</span> 
     </span>
    </p>
   </div>
   <div class='ocr_carea' id='block_1_6' title="bbox 87 2080 1486 2704">
    <p class='ocr_par' dir='ltr' id='par_1_6' title="bbox 87 2080 1486 2580">
     <span class='ocr_line' id='line_1_25' title="bbox 179 2080 1486 2126; baseline 0 -10"><span class='ocrx_word' id='word_1_194' title='bbox 179 2082 257 2116; x_wconf 79' lang='lat'><strong>280.</strong></span> <span class='ocrx_word' id='word_1_195' title='bbox 313 2082 350 2116; x_wconf 85' lang='lat' dir='ltr'>C.</span> <span class='ocrx_word' id='word_1_196' title='bbox 369 2082 594 2126; x_wconf 77' lang='lat' dir='ltr'>Curionem]</span> <span class='ocrx_word' id='word_1_197' title='bbox 615 2082 759 2118; x_wconf 79' lang='lat' dir='ltr'>Gaium</span> <span class='ocrx_word' id='word_1_198' title='bbox 776 2082 864 2117; x_wconf 83' lang='lat' dir='ltr'>Cur.</span> <span class='ocrx_word' id='word_1_199' title='bbox 885 2088 920 2116; x_wconf 88' lang='lat' dir='ltr'>et</span> <span class='ocrx_word' id='word_1_200' title='bbox 938 2093 1023 2115; x_wconf 80' lang='lat' dir='ltr'>mox</span> <span class='ocrx_word' id='word_1_201' title='bbox 1044 2080 1191 2115; x_wconf 78' lang='lat' dir='ltr'>Gaium</span> <span class='ocrx_word' id='word_1_202' title='bbox 1204 2080 1287 2115; x_wconf 75' lang='lat' dir='ltr'>Lie.</span> <span class='ocrx_word' id='word_1_203' title='bbox 1311 2082 1378 2116; x_wconf 90' lang='lat' dir='ltr'>Gu.</span> <span class='ocrx_word' id='word_1_204' title='bbox 1398 2082 1425 2117; x_wconf 92' lang='lat' dir='ltr'>l.</span> <span class='ocrx_word' id='word_1_205' title='bbox 1440 2102 1486 2108; x_wconf 86' lang='lat'><em>-</em></span> 
     </span>
     <span class='ocr_line' id='line_1_26' title="bbox 90 2137 1486 2183; baseline 0.001 -11"><span class='ocrx_word' id='word_1_206' title='bbox 90 2138 206 2182; x_wconf 81' lang='lat' dir='ltr'>alter]</span> <span class='ocrx_word' id='word_1_207' title='bbox 233 2139 414 2172; x_wconf 84' lang='lat' dir='ltr'>adduntur</span> <span class='ocrx_word' id='word_1_208' title='bbox 435 2139 544 2183; x_wconf 79' lang='lat' dir='ltr'>vulgo</span> <span class='ocrx_word' id='word_1_209' title='bbox 564 2139 673 2172; x_wconf 82' lang='lat' dir='ltr'>haec:</span> <span class='ocrx_word' id='word_1_210' title='bbox 701 2138 802 2183; x_wconf 79' lang='lat' dir='ltr'>quod</span> <span class='ocrx_word' id='word_1_211' title='bbox 819 2137 1032 2172; x_wconf 79' lang='lat' dir='ltr'>verisimile</span> <span class='ocrx_word' id='word_1_212' title='bbox 1053 2137 1241 2178; x_wconf 71' lang='lat' dir='ltr'>dixisset,</span> <span class='ocrx_word' id='word_1_213' title='bbox 1265 2140 1323 2172; x_wconf 74' lang='lat' dir='ltr'>ita</span> <span class='ocrx_word' id='word_1_214' title='bbox 1343 2141 1421 2180; x_wconf 61' lang='grc' dir='ltr'>δια,</span> <span class='ocrx_word' id='word_1_215' title='bbox 1447 2144 1486 2173; x_wconf 85' lang='lat' dir='ltr'>ut</span> 
     </span>
     <span class='ocr_line' id='line_1_27' title="bbox 88 2193 1484 2239; baseline 0.001 -12"><span class='ocrx_word' id='word_1_216' title='bbox 88 2194 192 2228; x_wconf 83' lang='lat' dir='ltr'>codd.</span> <span class='ocrx_word' id='word_1_217' title='bbox 216 2194 400 2238; x_wconf 78' lang='lat' dir='ltr'>plerique,</span> <span class='ocrx_word' id='word_1_218' title='bbox 424 2194 502 2229; x_wconf 82' lang='lat' dir='ltr'>sive</span> <span class='ocrx_word' id='word_1_219' title='bbox 525 2195 628 2239; x_wconf 80' lang='lat' dir='ltr'>quod</span> <span class='ocrx_word' id='word_1_220' title='bbox 647 2194 916 2230; x_wconf 75' lang='lat' dir='ltr'>verisimiliter</span> <span class='ocrx_word' id='word_1_221' title='bbox 937 2194 973 2228; x_wconf 79' lang='lat' dir='ltr'>d.</span> <span class='ocrx_word' id='word_1_222' title='bbox 996 2197 1044 2234; x_wconf 63' lang='grc' dir='ltr'>ιζ,</span> <span class='ocrx_word' id='word_1_223' title='bbox 1067 2200 1104 2228; x_wconf 89' lang='lat' dir='ltr'>ut</span> <span class='ocrx_word' id='word_1_224' title='bbox 1126 2193 1182 2228; x_wconf 87' lang='lat' dir='ltr'>ed.</span> <span class='ocrx_word' id='word_1_225' title='bbox 1200 2204 1253 2238; x_wconf 84' lang='lat' dir='ltr'>pr.</span> <span class='ocrx_word' id='word_1_226' title='bbox 1279 2193 1344 2239; x_wconf 75' lang='lat' dir='ltr'>Lg.</span> <span class='ocrx_word' id='word_1_227' title='bbox 1358 2194 1414 2229; x_wconf 86' lang='lat'>35.</span> <span class='ocrx_word' id='word_1_228' title='bbox 1428 2195 1484 2230; x_wconf 86' lang='lat'>53.</span> 
     </span>
     <span class='ocr_line' id='line_1_28' title="bbox 88 2248 1485 2292; baseline 0.001 -9"><span class='ocrx_word' id='word_1_229' title='bbox 88 2250 235 2284; x_wconf 80' lang='lat' dir='ltr'>Delevit</span> <span class='ocrx_word' id='word_1_230' title='bbox 251 2249 467 2292; x_wconf 82' lang='lat' dir='ltr'>Lambinus,</span> <span class='ocrx_word' id='word_1_231' title='bbox 493 2252 592 2285; x_wconf 88' lang='lat' dir='ltr'>uncis</span> <span class='ocrx_word' id='word_1_232' title='bbox 614 2251 754 2285; x_wconf 88' lang='lat' dir='ltr'>inclusit</span> <span class='ocrx_word' id='word_1_233' title='bbox 769 2250 969 2292; x_wconf 79' lang='lat' dir='ltr'>Ernestus3</span> <span class='ocrx_word' id='word_1_234' title='bbox 993 2256 1091 2284; x_wconf 86' lang='lat' dir='ltr'>recte</span> <span class='ocrx_word' id='word_1_235' title='bbox 1108 2249 1362 2284; x_wconf 77' lang='lat' dir='ltr'>animadvertit</span> <span class='ocrx_word' id='word_1_236' title='bbox 1379 2248 1485 2284; x_wconf 87' lang='lat' dir='ltr'>Orel-</span> 
     </span>
     <span class='ocr_line' id='line_1_29' title="bbox 88 2299 1483 2353; baseline 0.001 -14"><span class='ocrx_word' id='word_1_237' title='bbox 88 2306 154 2340; x_wconf 86' lang='lat' dir='ltr'>lius</span> <span class='ocrx_word' id='word_1_238' title='bbox 181 2318 261 2340; x_wconf 83' lang='lat' dir='ltr'>esse</span> <span class='ocrx_word' id='word_1_239' title='bbox 291 2317 433 2340; x_wconf 86' lang='lat' dir='ltr'>manum</span> <span class='ocrx_word' id='word_1_240' title='bbox 458 2299 622 2350; x_wconf 86' lang='lat' dir='ltr'>lectoris,</span> <span class='ocrx_word' id='word_1_241' title='bbox 655 2308 714 2353; x_wconf 85' lang='lat' dir='ltr'>qui</span> <span class='ocrx_word' id='word_1_242' title='bbox 744 2307 875 2341; x_wconf 87' lang='lat' dir='ltr'>dictum</span> <span class='ocrx_word' id='word_1_243' title='bbox 901 2307 1087 2342; x_wconf 87' lang='lat' dir='ltr'>Ciceronis</span> <span class='ocrx_word' id='word_1_244' title='bbox 1113 2305 1305 2351; x_wconf 87' lang='lat' dir='ltr'>probaret,</span> <span class='ocrx_word' id='word_1_245' title='bbox 1342 2311 1376 2340; x_wconf 87' lang='lat' dir='ltr'>et</span> <span class='ocrx_word' id='word_1_246' title='bbox 1401 2317 1483 2351; x_wconf 86' lang='lat' dir='ltr'>per·</span> 
     </span>
     <span class='ocr_line' id='line_1_30' title="bbox 87 2362 1483 2407; baseline 0.001 -11"><span class='ocrx_word' id='word_1_247' title='bbox 87 2363 202 2397; x_wconf 86' lang='lat' dir='ltr'>tinere</span> <span class='ocrx_word' id='word_1_248' title='bbox 227 2363 272 2396; x_wconf 89' lang='lat' dir='ltr'>ad</span> <span class='ocrx_word' id='word_1_249' title='bbox 297 2362 384 2396; x_wconf 89' lang='lat' dir='ltr'>illud</span> <span class='ocrx_word' id='word_1_250' title='bbox 411 2368 515 2398; x_wconf 73' lang='lat' dir='ltr'>recte</span> <span class='ocrx_word' id='word_1_251' title='bbox 538 2363 762 2398; x_wconf 79' lang='lat' dir='ltr'>arbitraris.</span> <span class='ocrx_word' id='word_1_252' title='bbox 813 2363 1053 2398; x_wconf 83' lang='lat' dir='ltr'>Schneiderus</span> <span class='ocrx_word' id='word_1_253' title='bbox 1082 2362 1235 2397; x_wconf 87' lang='lat' dir='ltr'>coniecit</span> <span class='ocrx_word' id='word_1_254' title='bbox 1259 2362 1364 2407; x_wconf 76' lang='lat' dir='ltr'>quod</span> <span class='ocrx_word' id='word_1_255' title='bbox 1387 2365 1483 2397; x_wconf 80' lang='lat' dir='ltr'>veri-</span> 
     </span>
     <span class='ocr_line' id='line_1_31' title="bbox 87 2419 1482 2466; baseline 0.001 -14"><span class='ocrx_word' id='word_1_256' title='bbox 87 2419 217 2454; x_wconf 75' lang='lat' dir='ltr'>simile</span> <span class='ocrx_word' id='word_1_257' title='bbox 252 2421 319 2452; x_wconf 70' lang='lat' dir='ltr'>vix</span> <span class='ocrx_word' id='word_1_258' title='bbox 355 2424 476 2461; x_wconf 73' lang='lat' dir='ltr'>esset,</span> <span class='ocrx_word' id='word_1_259' title='bbox 511 2420 639 2466; x_wconf 84' lang='lat' dir='ltr'>frigide</span> <span class='ocrx_word' id='word_1_260' title='bbox 673 2432 773 2455; x_wconf 83' lang='lat' dir='ltr'>sane.</span> <span class='ocrx_word' id='word_1_261' title='bbox 823 2419 1038 2454; x_wconf 85' lang='lat' dir='ltr'>Lambinum</span> <span class='ocrx_word' id='word_1_262' title='bbox 1069 2430 1214 2464; x_wconf 87' lang='lat' dir='ltr'>sequor.</span> <span class='ocrx_word' id='word_1_263' title='bbox 1247 2438 1294 2445; x_wconf 84' lang='lat'>—-</span> <span class='ocrx_word' id='word_1_264' title='bbox 1331 2430 1482 2465; x_wconf 75' lang='lat' dir='ltr'>parum</span> 
     </span>
     <span class='ocr_line' id='line_1_32' title="bbox 88 2476 1481 2523; baseline 0.001 -14"><span class='ocrx_word' id='word_1_265' title='bbox 88 2487 112 2509; x_wconf 86' lang='grc' dir='ltr'><em>α</em></span> <span class='ocrx_word' id='word_1_266' title='bbox 142 2476 360 2520; x_wconf 66' lang='lat' dir='ltr'>maffistrz‘s]</span> <span class='ocrx_word' id='word_1_267' title='bbox 392 2477 443 2510; x_wconf 90' lang='lat' dir='ltr'>sic</span> <span class='ocrx_word' id='word_1_268' title='bbox 475 2477 553 2512; x_wconf 87' lang='lat' dir='ltr'>libri</span> <span class='ocrx_word' id='word_1_269' title='bbox 588 2483 624 2512; x_wconf 87' lang='lat' dir='ltr'>et</span> <span class='ocrx_word' id='word_1_270' title='bbox 655 2477 710 2512; x_wconf 91' lang='lat' dir='ltr'>ed.</span> <span class='ocrx_word' id='word_1_271' title='bbox 736 2489 791 2523; x_wconf 86' lang='lat' dir='ltr'>pr.</span> <span class='ocrx_word' id='word_1_272' title='bbox 825 2477 936 2523; x_wconf 86' lang='lat' dir='ltr'>vulgo</span> <span class='ocrx_word' id='word_1_273' title='bbox 970 2487 995 2510; x_wconf 83' lang='lat' dir='ltr'>a</span> <span class='ocrx_word' id='word_1_274' title='bbox 1016 2478 1225 2520; x_wconf 71' lang='lat' dir='ltr'>mayistris</span> <span class='ocrx_word' id='word_1_275' title='bbox 1248 2486 1408 2521; x_wconf 77' lang='lat' dir='ltr'>parum.</span> <span class='ocrx_word' id='word_1_276' title='bbox 1435 2494 1481 2500; x_wconf 93' lang='lat'><strong>—</strong></span> 
     </span>
     <span class='ocr_line' id='line_1_33' title="bbox 88 2530 1479 2580; baseline -0.002 -13"><span class='ocrx_word' id='word_1_277' title='bbox 88 2532 208 2575; x_wconf 79' lang='lat' dir='ltr'>istuc]</span> <span class='ocrx_word' id='word_1_278' title='bbox 237 2532 345 2566; x_wconf 77' lang='lat' dir='ltr'>istud</span> <span class='ocrx_word' id='word_1_279' title='bbox 363 2532 450 2568; x_wconf 84' lang='lat' dir='ltr'>Ern.</span> <span class='ocrx_word' id='word_1_280' title='bbox 498 2533 591 2568; x_wconf 85' lang='lat' dir='ltr'>lllud</span> <span class='ocrx_word' id='word_1_281' title='bbox 613 2533 679 2580; x_wconf 85' lang='lat' dir='ltr'>Lg.</span> <span class='ocrx_word' id='word_1_282' title='bbox 707 2545 851 2576; x_wconf 76' lang='lat' dir='ltr'>omnes,</span> <span class='ocrx_word' id='word_1_283' title='bbox 875 2533 968 2568; x_wconf 87' lang='lat' dir='ltr'>Ven.</span> <span class='ocrx_word' id='word_1_284' title='bbox 987 2532 1016 2568; x_wconf 83' lang='lat'>1.</span> <span class='ocrx_word' id='word_1_285' title='bbox 1045 2530 1120 2568; x_wconf 85' lang='lat' dir='ltr'>Ott.</span> <span class='ocrx_word' id='word_1_286' title='bbox 1148 2531 1216 2566; x_wconf 91' lang='lat' dir='ltr'>Gu.</span> <span class='ocrx_word' id='word_1_287' title='bbox 1237 2531 1266 2566; x_wconf 88' lang='lat' dir='ltr'>l.</span> <span class='ocrx_word' id='word_1_288' title='bbox 1287 2530 1319 2564; x_wconf 79' lang='lat'>2.</span> <span class='ocrx_word' id='word_1_289' title='bbox 1346 2530 1402 2564; x_wconf 86' lang='lat' dir='ltr'>ed.</span> <span class='ocrx_word' id='word_1_290' title='bbox 1425 2542 1479 2576; x_wconf 86' lang='lat' dir='ltr'>pr.</span> 
     </span>
    </p>

    <p class='ocr_par' dir='ltr' id='par_1_7' title="bbox 88 2597 1483 2704">
     <span class='ocr_line' id='line_1_34' title="bbox 178 2597 1480 2648; baseline -0.002 -15"><span class='ocrx_word' id='word_1_291' title='bbox 178 2599 257 2635; x_wconf 76' lang='lat'><strong>281.</strong></span> <span class='ocrx_word' id='word_1_292' title='bbox 298 2600 502 2648; x_wconf 79' lang='lat' dir='ltr'>adeptum]</span> <span class='ocrx_word' id='word_1_293' title='bbox 519 2607 602 2648; x_wconf 88' lang='lat' dir='ltr'>post</span> <span class='ocrx_word' id='word_1_294' title='bbox 614 2601 803 2637; x_wconf 76' lang='lat' dir='ltr'>honorem</span> <span class='ocrx_word' id='word_1_295' title='bbox 817 2601 918 2647; x_wconf 87' lang='lat' dir='ltr'>ponit</span> <span class='ocrx_word' id='word_1_296' title='bbox 931 2600 1011 2634; x_wconf 87' lang='lat' dir='ltr'>cod.</span> <span class='ocrx_word' id='word_1_297' title='bbox 1027 2599 1171 2644; x_wconf 86' lang='lat' dir='ltr'>quidam</span> <span class='ocrx_word' id='word_1_298' title='bbox 1184 2597 1422 2632; x_wconf 84' lang='lat' dir='ltr'>Lallemandi.</span> <span class='ocrx_word' id='word_1_299' title='bbox 1439 2618 1480 2624; x_wconf 90' lang='lat'>—-</span> 
     </span>
     <span class='ocr_line' id='line_1_35' title="bbox 88 2654 1483 2704; baseline 0.001 -15"><span class='ocrx_word' id='word_1_300' title='bbox 88 2657 299 2701; x_wconf 68' lang='lat' dir='ltr'>maoeuma]</span> <span class='ocrx_word' id='word_1_301' title='bbox 326 2657 377 2693; x_wconf 83' lang='lat' dir='ltr'>sic</span> <span class='ocrx_word' id='word_1_302' title='bbox 399 2657 466 2704; x_wconf 86' lang='lat' dir='ltr'>Lg.</span> <span class='ocrx_word' id='word_1_303' title='bbox 487 2659 520 2695; x_wconf 89' lang='grc'>8.</span> <span class='ocrx_word' id='word_1_304' title='bbox 543 2658 599 2694; x_wconf 88' lang='grc'>35.</span> <span class='ocrx_word' id='word_1_305' title='bbox 625 2659 679 2694; x_wconf 87' lang='grc'>51.</span> <span class='ocrx_word' id='word_1_306' title='bbox 705 2659 760 2694; x_wconf 82' lang='lat'>53.</span> <span class='ocrx_word' id='word_1_307' title='bbox 786 2658 841 2694; x_wconf 89' lang='grc'>58.</span> <span class='ocrx_word' id='word_1_308' title='bbox 866 2657 921 2693; x_wconf 85' lang='grc'>68.</span> <span class='ocrx_word' id='word_1_309' title='bbox 945 2656 998 2694; x_wconf 87' lang='grc'>70.</span> <span class='ocrx_word' id='word_1_310' title='bbox 1021 2676 1065 2682; x_wconf 95' lang='lat'>—-</span> <span class='ocrx_word' id='word_1_311' title='bbox 1100 2654 1328 2698; x_wconf 74' lang='lat' dir='ltr'>ascendens]</span> <span class='ocrx_word' id='word_1_312' title='bbox 1354 2655 1434 2691; x_wconf 84' lang='lat' dir='ltr'>sine</span> <span class='ocrx_word' id='word_1_313' title='bbox 1454 2655 1483 2690; x_wconf 85' lang='lat' dir='ltr'>d</span> 
     </span>
    </p>
   </div>
   <div class='ocr_carea' id='block_1_7' title="bbox 1119 2724 1202 2766">
    <p class='ocr_par' dir='ltr' id='par_1_8' title="bbox 1119 2724 1202 2766">
     <span class='ocr_line' id='line_1_36' title="bbox 1119 2724 1202 2766; baseline 0 0"><span class='ocrx_word' id='word_1_314' title='bbox 1119 2724 1202 2766; x_wconf 87' lang='grc'>19*</span> 
     </span>
    </p>
   </div>
  </div>
 </body>
</html>
