1835 3126
347 239 564 284 RERUM
593 238 656 282 IN
688 237 890 283 COMM.
923 239 1085 284 CRIT.
1120 239 1402 284 TRACTT.
1447 241 1572 286 445

182 351 220 387 E
244 357 280 386 et
305 354 321 386 i
346 361 414 397 pro
441 351 663 387 Graecorum
691 353 722 387 ἴι
747 352 843 387 (licta
865 351 944 388 296.

182 406 376 453 Enallaqe
404 407 484 442 238.

185 462 308 497 Error
333 469 368 498 et
397 468 524 499 terror
548 465 697 499 confusa
721 464 753 499 7.

182 519 235 553 Ee
258 520 309 553 ita
330 521 506 565 positum,
530 526 568 555 ut
592 522 707 556 altero
728 520 810 554 loco
835 518 1052 563 membrum,
1077 520 1195 555 altero
1219 520 1365 555 incisum
1385 521 1573 567 subiungat

225 576 304 611 327.
329 596 375 601 —
404 582 442 611 ec
468 582 503 612 et
530 582 600 612 aut
624 576 774 611 confusa
800 575 874 610 125.
923 579 961 610 ec
986 578 1070 611 iam
1095 583 1131 612 et
1154 581 1277 614 etiam
1301 577 1450 613 confusa.
1474 579 1530 614 96.

185 632 290 667 Ειυῑη
315 640 351 668 et
380 633 473 668 dein
501 633 739 668 Ciceroniana
767 631 823 667 93.

180 689 353 725 Eoesiare
379 695 415 724 et
443 694 626 725 constare
652 688 802 724 confusa
828 688 908 725 333.

181 845 353 881 Genitivi
376 845 557 880 nominum
576 845 798 880 Graecorum
819 847 950 881 tertiae
968 846 1218 882 declinationis
1245 847 1280 883 in
1305 848 1322 882 i
1339 851 1512 882 exeuntes
1536 847 1571 882 6.

181 901 321 939 Gloria
346 902 493 938 diversa
516 900 780 947 significatione
806 904 991 949 explicata
1014 903 1092 939 282.

180 958 430 994 Glossemata
457 960 492 992 in
513 958 632 994 Bruto
660 958 735 994 119.
759 958 835 994 128.
859 958 931 992 141.
954 958 1033 994 280.
1050 959 1130 994 288.
1148 978 1195 985 —
1228 958 1321 993 falso
1345 958 1468 994 habita
1494 959 1569 994 172.

219 1015 299 1050 222.
324 1036 369 1040 -
403 1016 439 1049 in
464 1014 590 1049 codice
616 1014 783 1050 Gudiano
811 1015 841 1049 l.
869 1015 1030 1060 ascripta
1051 1015 1106 1050 32.
1132 1014 1186 1050 43.
1214 1014 1291 1050 166.
1315 1013 1394 1050 276.
1419 1014 1498 1049 320.
1524 1034 1569 1039 -

220 1071 256 1105 in
280 1071 478 1105 parisiensi
501 1070 545 1104 D.
572 1069 648 1105 166.

180 1125 335 1162 Gnarus
360 1137 514 1172 qnavus
539 1132 575 1160 et
597 1136 721 1161 narus
744 1136 870 1161 navus
893 1124 972 1162 228.

175 1281 255 1320 Hie
279 1282 425 1328 quando
448 1282 654 1328 ponendum
679 1283 745 1326 sit,
774 1293 846 1318 non
872 1285 907 1318 is
934 1282 989 1318 63.

173 1428 197 1463 Ι
219 1434 256 1463 et
279 1440 300 1462 e
325 1428 461 1474 pariter
487 1438 555 1472 pro
581 1427 807 1462 Graecorum
831 1432 864 1462 ἕῖ
888 1428 984 1462 dicta
1008 1427 1086 1463 296.

175 1484 221 1521 Iu
246 1490 281 1519 et
306 1486 345 1520 vi
369 1484 405 1519 in
428 1484 531 1519 libris
553 1484 700 1530 scriptis
725 1495 799 1519 non
824 1484 987 1530 dignosci
1011 1484 1088 1519 331.

172 1627 321 1665 Laetus
345 1629 451 1664 latus
478 1629 594 1664 laxus
618 1629 723 1664 simili
749 1626 951 1675 significatu
980 1628 1055 1663 119.

170 1686 290 1721 Lenis
315 1692 351 1721 et
376 1686 470 1721 levis
495 1685 645 1721 confusa
668 1686 722 1721 96.
746 1686 826 1721 259.

171 1742 311 1778 Litera
336 1743 503 1789 proximo
529 1742 709 1777 vocabulo
738 1755 784 1777 ex
812 1743 934 1789 priore
961 1742 1116 1777 haerens
1142 1742 1217 1778 123.

172 1799 302 1846 Loqui
327 1799 530 1834 dediscere
555 1799 773 1845 explicatum
798 1800 853 1833 51.

171 1945 235 1980 Μ’
261 1951 297 1980 et
321 1945 377 1980 M.
403 1946 676 1991 praenominum
701 1944 812 1989 siglae
836 1942 1009 1978 confusae
1036 1942 1110 1977 108.

171 2002 390 2048 Mytilenae
413 2002 546 2036 rectius
575 2005 679 2048 qu'am
703 1999 925 2046 Mitylenae
954 1998 1029 2035 103.

170 2148 305 2183 Narus
328 2158 451 2182 navus
476 2152 513 2181 et
535 2157 686 2192 qnarus
709 2155 857 2192 ι([ηαυαε
883 2143 962 2178 228.

170 2204 398 2249 Numquam
423 2207 458 2237 et
482 2213 685 2247 nunquam
708 2202 909 2247 scripturae
933 2199 1113 2235 iudicatae
1136 2199 1169 2235 3.

169 2348 362 2385 Picariae
387 2353 423 2383 et
440 2350 659 2395 pecuariae
686 2347 860 2382 confusae
885 2345 940 2380 85.

169 2405 323 2441 Ponere
344 2410 379 2440 et
395 2415 624 2452 proponere
648 2403 797 2439 confusa
826 2401 902 2436 152.

170 2461 318 2497 Potero
348 2468 383 2496 et
401 2465 572 2508 potuero
599 2460 750 2495 confusa
772 2458 827 2494 21.

168 2517 420 2554 Praenomen
442 2517 537 2552 male
565 2516 723 2551 additum
753 2514 829 2550 162.
852 2513 932 2549 256.

171 2663 259 2705 Qua
283 2663 331 2698 de
355 2674 398 2697 re
423 2664 554 2709 aqitur
577 2660 733 2695 formula
757 2659 987 2696 distinctione
1011 2670 1083 2694 non
1111 2659 1349 2705 disiungenda
1372 2659 1448 2697 275.

172 2719 424 2765 Quamquam
449 2724 485 2753 et
513 2728 741 2764 quanquam
764 2718 965 2763 scripturae
988 2715 1169 2751 iudicatae
1191 2716 1224 2750 8.

172 2775 293 2818 Queri
316 2782 352 2811 et
376 2785 562 2821 quaerere
587 2774 738 2809 confusa
764 2779 800 2809 et
826 2774 995 2809 distincta
1021 2772 1095 2808 157.
