1835 3126
584 149 847 194 BRUTUS
889 149 1008 194 GAP.
1042 152 1106 195 17.
1436 152 1548 200 181

152 270 289 307 tamen
317 274 416 306 suos
445 261 705 315 laudatores,
743 265 813 319 qui
844 262 924 306 hac
964 264 1057 320 ipsa
1090 264 1180 307 eius
1211 262 1438 308 subtilitate
1469 264 1544 308 ad-

152 342 314 385 modum
343 341 566 396 gaudeant.

261 417 391 461 XVII.
430 419 497 462 65.
538 419 737 463 Catonem
773 433 872 464 vero
916 422 1007 476 quis
1046 425 1281 464 nostrorum
1322 427 1543 473 oratorum,

150 499 219 554 qui
259 498 423 554 quidem
457 512 564 541 nunc
594 505 708 551 sunt,
747 499 851 554 legit
892 506 960 542 aut
995 500 1085 555 quis
1120 501 1234 543 novit
1268 501 1461 543 omnino}
1503 506 1545 542 at

148 589 271 632 quem
309 578 464 627 virum,
510 577 549 620 di
586 577 705 620 bonI!
750 579 863 621 mitto
910 579 1043 621 civem
1086 585 1154 621 aut
1194 585 1429 622 senatorem
1474 584 1544 621 aut

148 655 458 711 imperatorem:
500 663 708 699 oratorem
746 658 854 699 enim
893 656 973 699 hoc
1011 656 1106 700 loco
1147 659 1406 713 quaerimus3
1450 659 1543 713 quis

148 732 223 776 illo
248 735 418 787 gravior
440 736 483 776 in
506 734 716 778 laudando
732 769 741 785 ‚
773 734 966 777 acerbior
994 737 1038 775 in
1060 735 1348 791 vituperando,
1379 737 1423 777 in
1447 748 1544 778 sen-

147 813 286 854 tentiis
332 814 540 867 argutior,
591 814 634 854 in
678 812 865 855 docendo
916 812 1269 867 edisserendoque
1316 813 1541 856 subtilior}

147 889 342 933 Refertae
389 897 480 945 sunt
529 891 740 932 orationes
796 888 972 945 amplius
1017 896 1178 932 centum
1229 891 1542 945 quinquaginta,

148 982 252 1024 quas
289 967 453 1023 quidem
491 966 624 1009 adhuc
668 968 896 1009 invenerim
935 973 974 1008 et
1014 966 1210 1022 legerim,
1254 973 1293 1010 et
1327 967 1467 1011 verbis
1503 975 1543 1011 et

144 1045 269 1088 rebus
294 1044 537 1087 illustribus.
597 1044 696 1088 licet
723 1058 774 1088 ex
802 1044 867 1087 his
899 1044 1056 1100 eligant
1081 1058 1153 1096 ea,
1190 1059 1296 1102 quae
1328 1048 1541 1090 notatione

145 1130 185 1167 et
216 1123 340 1166 laude
372 1123 500 1178 digna
529 1124 632 1165 sint:
674 1136 816 1166 omnes
848 1125 1058 1167 oratoriae
1088 1125 1259 1167 virtutes
1299 1126 1342 1167 in
1380 1127 1434 1167 iis
1473 1139 1542 1168 re-

142 1203 362 1259 perientur.
421 1202 488 1243 66.
528 1200 614 1244 Iam
651 1215 751 1245 vero
784 1199 981 1257 Origines
1018 1205 1108 1245 eius
1142 1217 1262 1258 quem
1291 1202 1435 1246 florem
1471 1210 1541 1247 aut

144 1280 253 1336 quod
280 1280 419 1323 lumen
448 1279 709 1336 eloquentiae
739 1294 823 1324 non
852 1280 1032 1324 habent?
1087 1281 1309 1324 Amatores
1340 1281 1436 1324 huic
1468 1282 1540 1324 de-

144 1366 259 1409 sunt,
302 1359 424 1402 sicuti
452 1359 589 1401 multis
628 1361 712 1402 iam
749 1365 842 1402 ante
875 1359 1002 1402 seclis
1033 1366 1073 1402 et
1101 1359 1276 1403 Philisto
1308 1359 1539 1414 Syracusio

146 1444 186 1479 et
229 1438 309 1493 ipsi
354 1435 600 1491 Thucydidi.
668 1450 766 1479 nam
808 1444 851 1478 ut
893 1437 1037 1479 horum
1083 1440 1264 1480 concisis
1310 1440 1538 1488 sententiis,

141 1515 345 1558 interdum
378 1516 501 1557 etiam
538 1528 622 1558 non
660 1517 763 1558 satis
802 1517 956 1571 apertis
996 1529 1087 1558 cum
1124 1515 1327 1559 brevitate
1364 1524 1447 1559 tum
1475 1518 1540 1558 ni-

142 1595 225 1636 mio
250 1594 459 1643 acumine,
492 1593 618 1636 officit
643 1593 935 1650 Theopompus
966 1594 1146 1637 elatione
1175 1601 1298 1650 atque
1324 1594 1539 1636 altitudine

143 1674 344 1715 orationis
374 1684 498 1722 suae,
530 1672 639 1728 quod
667 1671 777 1714 idem
807 1671 965 1726 Lysiae
994 1670 1320 1724 Demosthenes3
1361 1674 1423 1714 sic
1455 1671 1539 1714 Ca-

140 1752 249 1794 tonis
279 1750 502 1793 luminibus
531 1750 731 1793 obstruxit
759 1749 864 1793 haec
892 1751 1168 1807 posteriorum
1197 1752 1318 1806 quasi
1348 1763 1533 1806 exagge-

225 1896 269 1923 64.
306 1894 445 1930 delectat]
466 1895 606 1923 delectet.

139 2019 272 2043 nomen
294 2006 472 2043 δεικτικὸν
498 2008 763 2043 desideremus:
786 2008 910 2054 itaque
935 2019 1003 2054 ego
1025 2019 1169 2054 quoque
1196 2007 1249 2042 illi
1274 2008 1451 2043 calculum
1475 2007 1537 2043 ad·

140 2068 220 2102 ieci.
239 2087 285 2092 -
321 2068 457 2111 etiam]
483 2072 520 2101 et
548 2067 606 2102 ed.
631 2079 687 2112 pr.

229 2134 286 2170 64.
335 2145 413 2168 non
440 2135 539 2177 tam]
567 2138 650 2168 tam
674 2145 744 2169 orn.
768 2134 824 2168 ed.
845 2146 958 2179 pr.—
982 2134 1167 2177 deleclat]
1195 2133 1359 2168 delectet
1383 2132 1469 2168 Ern.
1489 2152 1535 2158 —

139 2196 229 2227 sunt
252 2193 383 2238 saepe]
408 2192 459 2226 sie
484 2203 608 2225 omnes
632 2191 724 2226 libri.
768 2202 887 2237 saepe
913 2197 1001 2226 sunt
1028 2190 1129 2227 Grut.
1156 2210 1201 2215 —
1240 2190 1360 2226 habet
1384 2191 1533 2235 tamen]

140 2255 274 2285 tamen
299 2262 368 2284 orn.
394 2250 451 2284 ed.
478 2261 533 2295 pr.

230 2317 344 2353 XVII.
394 2317 450 2351 65.
498 2317 737 2361 nostrorum]
761 2321 941 2352 nostrum
965 2317 1021 2352 ed.
1048 2329 1102 2362 pr.
1124 2337 1169 2343 ——
1198 2317 1257 2361 di]
1282 2317 1352 2358 sic,
1377 2327 1449 2350 non
1476 2315 1537 2350 dii

138 2377 204 2423 Lg.
230 2377 263 2411 S.
288 2377 341 2411 51.
377 2375 471 2409 Ven.
494 2377 523 2410 l.
547 2396 592 2401 -
621 2375 959 2421 edisserendoque]
984 2376 1287 2420 dis-serendoque
1310 2374 1378 2421 Lg.
1398 2374 1454 2408 20.
1475 2373 1531 2408 53.

139 2435 194 2470 68.
222 2436 275 2470 70.
324 2434 364 2468 In
389 2434 470 2469 Vat.
498 2440 551 2469 est
574 2440 744 2480 punctum
766 2434 832 2470 sub
858 2447 878 2469 e
902 2435 1040 2469 initiali.
1061 2453 1109 2461 ——
1145 2434 1236 2469 licet
1260 2445 1310 2468 eat
1334 2431 1413 2476 his]
1442 2431 1534 2467 licet

140 2505 191 2528 ex
217 2496 266 2529 iis
292 2494 348 2528 ed.
369 2504 424 2538 pr.

229 2560 287 2596 66.
337 2560 466 2605 seclis]
490 2561 542 2595 sic
566 2560 631 2607 Lg.
655 2561 678 2594 8
699 2571 794 2595 corr.
819 2561 874 2596 20.
897 2561 952 2596 56.
974 2560 1029 2595 58.
1067 2559 1160 2595 Ven.
1180 2560 1210 2594 l.
1230 2559 1263 2594 2.
1293 2555 1419 2594 Ottob.
1445 2556 1530 2591 Vat.

138 2619 281 2655 saeclis
301 2618 356 2654 39.
377 2619 430 2654 51.
449 2639 495 2644 —
518 2631 607 2655 cam
627 2618 829 2663 brevitate]
852 2624 933 2654 tum
954 2619 1008 2654 br.
1028 2619 1086 2655 ed.
1107 2630 1161 2664 pr.
1203 2622 1275 2653 aut
1299 2628 1388 2653 cum
1411 2615 1530 2649 brevi-

139 2681 220 2713 tate
239 2677 331 2715 Ven.
348 2677 380 2712 l.
405 2677 472 2713 Gu.
490 2679 520 2714 l.
535 2696 580 2705 -—
609 2679 714 2725 quod
732 2678 854 2725 idem]
876 2683 919 2715 uc
931 2678 997 2726 Lg.
1010 2678 1065 2715 20.
1098 2679 1193 2714 item
1204 2677 1260 2713 35.
1274 2696 1319 2704 —
1338 2675 1528 2723 poster-io«
