1835 3126
286 181 358 224 26
499 172 694 218 BREVIS
724 171 1117 224 ELOQUENTIAE
1147 172 1281 216 ROM.
1314 173 1454 216 HIST.

283 292 401 330 latum
431 288 609 340 petisset,
650 285 847 337 repulsam
876 298 1014 337 passus
1046 299 1081 326 a.
1111 289 1190 327 661
1218 284 1309 338 (65),
1346 288 1404 328 M.
1435 287 1668 327 Herennium

282 357 470 397 hominem
497 351 711 403 ignobilem
732 352 807 390 sibi
829 352 1070 392 nobilissimo
1095 355 1315 405 praelatum
1336 355 1443 394 vidit.
1485 355 1545 394 Ita
1568 367 1669 393 sum-

283 434 382 462 mum
411 421 679 471 magistratum
710 430 809 457 anuo
840 417 988 457 demum
1012 420 1092 458 663
1124 427 1322 460 assecutus
1349 427 1416 460 est.
1466 422 1532 461 Sic
1558 426 1670 460 natus

280 488 473 529 videbitur
511 497 611 524 anno
641 485 725 524 fere
757 485 859 532 615,
898 490 1146 536 quaesturam
1176 487 1466 527 administrasse
1497 500 1532 526 a.
1564 486 1668 535 645,

280 556 514 594 tribunatum
541 564 576 591 a.
600 551 703 600 650,
735 551 972 590 aedilitatem
1002 563 1086 591 cum
1114 553 1171 593 M.
1198 554 1392 594 Herennio
1425 567 1460 593 a.
1487 554 1581 594 653.
1626 553 1669 592 In

279 622 476 661 tribunatu
499 619 626 669 legem
651 619 851 669 agrariam
871 618 976 666 tulit,
1008 618 1076 657 sed
1101 625 1256 659 senatus
1282 620 1447 660 adversa
1471 621 1670 660 voluntate

281 687 551 728 animadversa
574 685 715 724 abiecit
738 685 896 725 levitate
920 696 965 724 eo
990 685 1113 724 minus
1137 685 1348 733 laudabili,
1377 686 1480 738 quod
1503 686 1541 724 in
1566 698 1669 725 com-

279 754 496 795 mendanda
524 753 613 803 lege
638 752 759 791 multa
785 753 824 791 in
848 751 999 792 modum
1025 763 1158 792 eorum
1182 752 1384 801 disseruit,
1416 752 1483 803 qui
1501 752 1668 804 pessimo

282 821 458 873 exemplo
488 820 701 872 populares
732 824 879 858 essent:
919 819 1043 867 velut,
1075 819 1178 871 quod
1209 821 1347 861 Cicero
1380 819 1556 866 retinuit,
1594 830 1671 858 non

281 901 365 929 esse
396 887 470 927 duo
501 887 694 926 homiuum
724 885 848 925 millia
880 886 920 925 in
951 887 1123 934 civitate,
1163 887 1226 938 qui
1261 899 1341 926 rem
1370 885 1557 925 haberent
1583 882 1669 934 (⁶⁶).

279 956 323 996 In
362 954 562 994 aedilitate
606 965 690 992 cum
728 952 875 991 nullum
919 965 1052 992 munus
1091 952 1293 1001 edidisset,
1339 964 1424 992 sese
1468 953 1550 991 sine
1586 951 1670 990 ulla

279 1022 492 1073 largitione
530 1031 694 1059 summos
724 1020 893 1058 honores
924 1019 1102 1070 adeptum
1139 1020 1224 1058 iure
1255 1019 1407 1070 quidem
1438 1018 1568 1057 dicere
1596 1029 1669 1069 po-

278 1090 366 1136 tuit,
411 1088 479 1127 sed
524 1087 727 1127 adversam
768 1090 896 1124 tamen
933 1085 1070 1137 populi
1105 1085 1340 1125 voluntatem
1380 1089 1560 1137 expertus
1599 1089 1670 1124 est.

280 1155 428 1195 Consul
450 1153 781 1194 vehementissime
813 1152 1041 1193 adversatus
1066 1156 1123 1191 est
1144 1152 1201 1192 M.
1218 1153 1331 1192 Livio
1352 1151 1481 1191 Druso
1512 1151 1666 1190 tribuno

278 1222 319 1261 id
341 1222 491 1272 agenti,
522 1226 562 1260 ut
592 1225 747 1259 senatus
777 1220 908 1258 ascitis
940 1218 1092 1271 quidem
1117 1220 1310 1271 equitibus
1334 1219 1515 1258 trecentis
1545 1229 1667 1268 auge-

278 1294 403 1336 retur,
444 1287 511 1327 sed
540 1287 685 1326 iudicia
713 1299 792 1326 una
832 1298 916 1325 cum
947 1286 1140 1337 equitibus
1172 1291 1395 1333 exerceret,
1434 1285 1537 1337 quod
1565 1282 1667 1335 legis

278 1355 473 1396 Serviliae
510 1354 602 1393 olim
640 1365 718 1392 nou
754 1353 932 1405 perlatae
963 1358 1229 1404 argumentum
1260 1352 1401 1391 fuerat.
1458 1353 1555 1391 Hinc
1590 1364 1668 1390 nou

280 1422 444 1471 exiguas
484 1426 616 1472 partes
652 1420 835 1458 habuisse
866 1420 1077 1458 credendus
1117 1424 1174 1458 est
1209 1420 1248 1457 in
1286 1420 1403 1458 sociis
1431 1419 1578 1457 Italicis
1617 1418 1668 1457 ad

277 1500 386 1526 arma
413 1486 702 1538 compellendis.
747 1485 827 1524 Nec
858 1486 989 1536 magni
1016 1485 1256 1533 faciendum,
1287 1485 1390 1536 quod
1420 1491 1582 1535 urgente
1609 1485 1667 1524 rei

276 1555 458 1607 publicae
486 1554 737 1601 necessitate,
767 1553 841 1591 hoc
873 1557 929 1591 est
959 1552 1065 1592 bello
1095 1552 1273 1592 Marsico
1304 1557 1545 1603 erumpente,
1582 1563 1666 1591 cum

275 1621 439 1660 inimicis
480 1621 519 1659 in
553 1620 722 1670 gratiam
758 1618 907 1658 redisse
938 1618 1078 1658 dicitur
1098 1616 1189 1670 (⁶⁷):
1234 1630 1304 1658 nec
1340 1619 1438 1657 enim
1468 1618 1507 1657 id
1535 1619 1665 1670 publi-

276 1700 408 1727 corum
438 1687 627 1726 malorum
656 1686 797 1738 partim
835 1686 883 1724 ab
915 1686 1000 1737 ipso
1036 1687 1290 1726 excitatorum
1319 1685 1529 1725 remedium
1559 1686 1663 1725 futu-

275 1767 359 1794 rum
390 1759 495 1800 erat,
536 1759 572 1791 et
601 1753 776 1800 illorum,
808 1752 1032 1804 quibuscum
1064 1758 1292 1792 exercuerat
1323 1752 1434 1800 odia,
1473 1752 1665 1804 potissimi

274 1822 352 1860 iam
390 1820 569 1860 exstincti
598 1824 727 1866 erant,
766 1819 812 1857 L.
845 1818 1008 1858 Crassus
1050 1824 1183 1858 orator
1214 1824 1250 1858 et
1278 1820 1335 1858 M.
1364 1819 1526 1857 Drusus.
1586 1818 1665 1859 Sed

274 1887 422 1939 ingenii
456 1886 624 1938 quadam
659 1884 873 1924 calliditate
913 1891 949 1924 et
984 1887 1157 1925 versutia
1196 1885 1379 1925 iudicium
1418 1885 1509 1935 lege
1541 1886 1664 1926 Varia

274 1960 364 1994 tuuc
395 1954 582 1993 acerrime
614 1953 824 1992 exercitum
852 1953 1016 1991 intactus
1049 1952 1202 2003 effugit,
1242 1965 1317 2004 quo
1348 1952 1457 1991 multi
1491 1953 1662 1992 insontes

276 2022 455 2073 oppressi
485 2025 589 2068 suut,
620 2031 690 2058 nec
719 2018 882 2057 tumultu
906 2018 1079 2059 Cinnano
1107 2032 1179 2071 pro
1210 2031 1253 2058 re
1283 2019 1442 2071 publica
1468 2019 1662 2059 dimicavit

275 2093 312 2127 et
339 2088 535 2127 Marianis
564 2086 756 2126 civitatem
784 2086 1000 2124 tenentibus
1032 2098 1234 2125 censuram
1264 2087 1338 2124 sibi
1370 2098 1453 2124 cum
1482 2086 1540 2125 M.
1565 2086 1661 2126 Per-

273 2166 397 2203 perna
427 2153 604 2192 mandari
632 2164 771 2203 passus
803 2152 899 2190 nihil
929 2153 968 2189 in
1000 2164 1044 2190 eo
1077 2154 1307 2202 magistratu
1337 2153 1417 2203 egit
1445 2153 1547 2191 bono
1579 2153 1661 2192 cive

274 2226 340 2259 aut
368 2221 452 2261 viro
490 2220 583 2259 sorti
613 2218 780 2268 dignum.
840 2217 938 2257 Nam
976 2223 1012 2257 et
1042 2219 1270 2257 avunculum
1301 2231 1409 2257 suum
1437 2220 1509 2270 Ap.
1541 2219 1660 2259 Clau-

274 2287 395 2333 dium,
436 2286 539 2338 quod
566 2286 598 2325 is
630 2285 803 2325 Sullanis
835 2285 1010 2336 partibus
1040 2286 1174 2326 favere
1203 2286 1418 2334 videretur,
1456 2286 1495 2325 in
1525 2292 1660 2325 senatu

274 2353 441 2403 legendo
480 2353 683 2404 praeteriit
713 2348 782 2402 (⁶⁸)
828 2356 865 2389 et
902 2352 1115 2400 consensit,
1159 2358 1200 2391 ut
1237 2353 1410 2392 libertini
1452 2354 1492 2391 in
1528 2364 1658 2392 omnes

275 2420 443 2471 quinque
483 2425 519 2458 et
556 2420 717 2470 triginta
748 2419 870 2458 tribus
902 2418 1181 2467 dividerentur;
1220 2421 1312 2472 quin
1346 2420 1559 2472 principem
1595 2432 1657 2460 se-

366 2582 425 2624 65)
451 2581 523 2616 Cic.
544 2581 648 2618 Brut.
665 2583 730 2625 45,
754 2583 829 2618 166.
856 2594 889 2627 p.
910 2581 1067 2616 Murena
1091 2582 1148 2624 17,
1168 2582 1222 2617 36.
1339 2583 1401 2626 66)
1428 2581 1500 2617 Cic.
1519 2580 1590 2617 Off.
1614 2581 1655 2616 H.

273 2638 328 2677 21,
343 2636 398 2672 73.
446 2637 562 2672 Panlo
582 2639 736 2673 timidius
750 2640 878 2674 Cicero
893 2638 962 2673 hoc
975 2638 1020 2672 ad
1034 2639 1286 2684 aequationem
1300 2638 1477 2673 bonorum
1491 2643 1655 2683 spectare

274 2694 369 2727 dicit.
483 2694 544 2739 67)
570 2694 641 2730 Cic.
667 2695 713 2730 de
736 2706 841 2740 prov.
868 2706 960 2731 coss.
983 2694 1014 2729 9.
1132 2694 1190 2738 66)
1220 2695 1293 2730 Cic.
1315 2706 1350 2740 p.
1377 2695 1484 2730 domo
1508 2694 1562 2732 32.
