1835 3126
322 204 452 251 258
844 200 1190 246 CICERONIS

324 320 467 358 acutus
499 317 661 361 orator,
693 311 768 353 sed
796 317 934 354 tamen
965 320 1106 355 orator
1133 320 1369 357 numeratus
1401 318 1475 356 est.
1535 311 1636 354 Erat
1668 311 1710 353 in

322 391 463 435 verbis
513 392 700 445 gravitas
746 395 784 431 et
827 389 954 432 facile
991 389 1156 432 dicebat
1193 398 1232 432 et
1273 394 1555 435 auctoritatem
1593 397 1712 432 natu-

323 470 455 513 ralem
488 467 693 524 quandam
723 466 906 510 habebat
935 468 1082 509 oratio.
1126 467 1300 510 Acutior
1330 468 1378 519 Q.
1407 468 1558 511 Varius
1588 468 1713 510 rebus

324 546 606 595 inveniendis,
636 559 714 588 nec
745 547 878 587 minus
907 545 1047 588 verbis
1071 545 1303 602 expeditus,
1334 546 1452 588 fortis
1473 559 1572 589 vero
1599 553 1715 588 actor

324 633 364 668 et
401 624 624 668 vehemens
665 630 704 666 et
740 623 881 666 verbis
918 637 996 666 nec
1035 624 1153 680 inops
1191 637 1268 666 nec
1304 623 1490 666 abiectus
1527 630 1565 666 et
1595 636 1714 678 quem

322 703 446 761 plane
492 709 697 746 oratorem
741 702 880 745 dicere
923 702 1099 744 auderes
1143 700 1215 743 Cn.
1255 700 1526 758 Pomponius,
1571 701 1716 743 lateri-

323 781 402 824 bus
444 794 634 838 pugnans
670 781 849 823 incitans
892 781 1052 822 animos
1097 793 1196 823 acer
1236 780 1412 823 acerbus
1456 780 1715 822 criminosus.

323 861 420 902 222.
458 859 632 901 Multum
674 859 724 901 ab
764 858 829 901 his
868 858 1013 901 aberat
1043 856 1091 900 L.
1131 857 1283 909 Fufius,
1329 865 1466 901 tamen
1504 871 1554 900 ex
1594 870 1716 900 accu-

326 939 489 980 satione
515 936 574 978 M'
605 936 764 992 Aquilii
803 936 1045 991 diligentiae
1084 936 1255 979 fructum
1287 943 1465 992 ceperat.
1522 934 1628 977 Nam
1657 933 1716 976 M.

324 1014 503 1058 Drusum
533 1022 643 1058 tuum
674 1028 867 1069 magnum
899 1014 1162 1064 avunculum,
1204 1028 1375 1070 gravem
1406 1021 1629 1062 oratorem,
1660 1015 1719 1054 ita

326 1094 541 1142 duntaxat,
574 1106 665 1134 cum
695 1093 744 1134 de
775 1106 820 1133 re
845 1092 1014 1148 publica
1044 1092 1217 1137 diceret.
1256 1091 1304 1134 L.
1337 1100 1471 1134 autem
1500 1090 1719 1133 Lucullum

326 1172 451 1213 etiam
490 1175 669 1218 acutum,
708 1175 946 1224 patremque
985 1176 1117 1218 tuum,
1155 1169 1300 1219 Brute,
1340 1171 1442 1211 iuris
1481 1182 1640 1224 quoque
1680 1174 1718 1210 et

325 1248 481 1306 publici
524 1254 564 1289 et
600 1247 749 1303 privati
786 1258 887 1287 sane
922 1246 1119 1300 peritum,
1161 1245 1220 1287 M.
1250 1245 1468 1288 Lucullum
1501 1245 1560 1287 M.
1593 1244 1719 1289 Octa-

324 1328 436 1369 vium
473 1325 547 1367 Cn.
582 1322 648 1374 R,
694 1324 761 1377 qui
805 1329 959 1365 tantum
1000 1325 1243 1365 auctoritate
1280 1323 1536 1379 dicendoque
1577 1323 1719 1373 valuit,

326 1411 368 1447 ut
397 1404 535 1459 legem
558 1401 848 1458 Semproniam
877 1401 1187 1443 frumentariam
1215 1401 1355 1457 populi
1383 1401 1610 1457 frequentis
1634 1401 1722 1443 suf-

328 1482 480 1537 fragiis
527 1481 812 1534 abrogaverit,
860 1478 932 1521 Cn.
976 1477 1192 1523 Octavium
1235 1479 1293 1522 M.
1331 1478 1374 1521 F.
1420 1479 1478 1522 M.
1521 1478 1720 1522 Catonem

411 1626 471 1653 222.
509 1624 546 1652 ab
567 1624 628 1660 lais]
650 1624 685 1651 ab
705 1625 750 1651 iis.
770 1638 803 1643 -
829 1623 867 1650 ab
886 1622 1026 1659 iudiciis]
1047 1632 1063 1650 a
1083 1624 1212 1651 iudiciis.

418 1747 528 1782 LXII.
575 1748 654 1782 221.
704 1748 774 1782 sed
807 1753 938 1782 tamen
970 1747 1121 1790 orator]
1157 1758 1225 1781 om.
1260 1745 1326 1791 Lg.
1351 1746 1407 1781 20.
1442 1764 1487 1770 —
1525 1746 1718 1792 ⁸qrccm'z‘os]

327 1804 537 1850 yranclitas
555 1803 722 1838 Lambini
747 1804 956 1837 coniectura
982 1803 1126 1836 inutilis.
1144 1823 1188 1827 -—
1221 1802 1343 1848 fortis
1367 1814 1457 1837 vero
1477 1804 1604 1846 actor]
1630 1802 1721 1837 haec

327 1870 401 1894 non
436 1859 481 1893 ad
515 1858 688 1902 Varium,
725 1859 789 1894 sed
823 1859 869 1893 ad
902 1858 1142 1903 Pomponium
1177 1859 1367 1892 reserenda
1400 1859 1522 1893 docuit
1555 1858 1719 1904 Madvig.

327 1914 555 1949 Emendd.1.
590 1927 625 1960 p.
654 1915 730 1948 172.
779 1915 873 1949 Hinc
903 1914 1080 1959 Meyerus
1115 1914 1221 1947 aliter
1254 1925 1296 1947 ac
1330 1915 1440 1959 vulgo
1478 1915 1648 1951 distinxit.
1675 1935 1719 1940 -

328 1971 536 2018 eoepedz'eus
549 1991 593 1996 —
606 1971 748 2014 verbis]
776 1982 842 2005 om.
862 1970 927 2016 Lg.
946 1970 999 2004 70.
1013 1989 1058 1994 -—
1082 1974 1117 2004 et.
1134 1969 1274 2013 verbis]
1299 1972 1342 2004 in
1361 1970 1485 2004 verbis
1502 1970 1568 2016 Lg.
1590 1971 1612 2005 8
1626 1982 1718 2005 corr.

327 2028 379 2062 ita
403 2028 509 2062 inser.
536 2038 571 2072 p.
597 2038 677 2062 var.
703 2027 759 2062 39.
783 2045 829 2055 --
866 2025 1126 2072 Pomponius]
1145 2029 1355 2073 pompeius
1380 2026 1446 2072 Lg.
1472 2026 1527 2061 20.

419 2104 497 2138 222.
547 2104 595 2138 ab
631 2103 710 2148 his]
745 2104 797 2138 sic
831 2104 966 2149 primus
999 2102 1084 2137 Sch.
1120 2114 1165 2137 ex
1200 2103 1265 2139 Gn.
1299 2105 1329 2139 l.
1359 2103 1411 2145 2.3
1449 2105 1634 2150 vulgatum
1668 2107 1719 2139 iis

328 2172 351 2194 a
376 2160 557 2195 sententia
588 2161 756 2195 alienum.
807 2159 968 2194 Fir-mant
1002 2159 1289 2193 emendationem
1322 2159 1387 2205 Lg.
1414 2166 1560 2205 praeter
1582 2161 1637 2195 20.
1663 2161 1717 2195 35.

327 2222 364 2250 et
389 2217 446 2250 ed.
467 2228 520 2261 pr.
542 2237 587 2241 —
614 2216 658 2251 L.
682 2216 833 2261 Fufius]
860 2214 906 2250 L.
927 2215 1072 2249 Fusius
1094 2215 1160 2261 Lg.
1181 2215 1236 2250 20.
1253 2216 1306 2250 35.
1322 2217 1375 2250 53.
1406 2216 1499 2250 Ven.
1515 2216 1546 2251 2.
1573 2216 1719 2258 Lamb.;

326 2273 431 2306 male.
480 2271 636 2318 Fuffi'us
668 2273 733 2318 Lg.
759 2273 815 2307 68.
853 2273 909 2307 ed.
936 2283 987 2317 pr.
1036 2271 1080 2306 V.
1107 2272 1242 2307 Comm.
1271 2272 1329 2307 Cr.
1360 2273 1395 2306 in
1422 2272 1495 2307 Cic.
1526 2272 1571 2306 de
1596 2271 1661 2308 Or.
1692 2273 1718 2309 l.

327 2328 389 2370 39,
418 2329 493 2363 179.
519 2347 565 2355 »-
604 2329 685 2374 Μ’]
720 2328 777 2363 M.
804 2328 911 2363 codd.
934 2349 979 2354 —
1014 2328 1161 2372 Aquili]
1189 2328 1256 2375 Lg.
1282 2329 1314 2363 S.
1338 2328 1393 2363 20.
1419 2328 1472 2362 35.
1502 2328 1557 2362 39.
1584 2329 1636 2364 51.
1663 2330 1719 2364 53.

327 2384 382 2418 58.
401 2384 456 2417 68.
477 2385 530 2419 70.
557 2385 648 2421 Ven.
669 2387 698 2421 l.
726 2385 808 2420 vat.
848 2385 942 2420 Rell.
962 2384 1130 2429 Aquilii,
1153 2386 1269 2419 nullus
1288 2396 1353 2431 per
1372 2385 1409 2419 ll.
1427 2405 1472 2410 --
1497 2385 1719 2432 suffr-aqiz‘s]

328 2439 549 2487 subfroyz‘z's
572 2441 637 2487 Lg.
655 2442 688 2477 8.
710 2442 762 2476 51.
786 2442 902 2476 forma
926 2441 1035 2485 plane
1057 2442 1240 2487 singulari.
1258 2461 1304 2467 —
1329 2441 1378 2475 ob
1398 2442 1572 2486 iudiciis]
1599 2442 1664 2488 Lg.
1683 2443 1719 2479 8.

327 2495 382 2530 35.
407 2496 462 2531 39.
488 2497 543 2532 51.
586 2498 676 2533 Rell.
703 2509 728 2533 a
753 2498 831 2534 iud.
880 2497 1005 2531 Verba
1029 2497 1071 2531 id
1095 2503 1153 2532 est
1177 2510 1202 2531 a
1229 2498 1393 2534 iudiciis
1417 2498 1586 2532 Manutio
1613 2499 1719 2533 Lam-

327 2551 412 2586 bino
445 2552 662 2588 Ruhnkenio
688 2554 757 2599 (ad
782 2554 874 2588 Vell.
899 2553 939 2588 11.
964 2552 1037 2597 23.)
1068 2554 1258 2588 subditicia
1289 2556 1370 2590 visa
1400 2560 1500 2596 sunt;
1539 2555 1606 2589 sed
1632 2555 1719 2590 vide

327 2613 500 2643 annotata
517 2608 750 2656 Bernhardyi
772 2610 819 2645 ad
837 2622 867 2646 c.
882 2610 937 2645 46.
955 2614 1045 2644 extr.
1082 2610 1180 2644 Sane
1199 2612 1292 2645 enim
1312 2611 1376 2645 illa
1393 2611 1538 2645 defendi
1555 2616 1715 2656 possunt,

327 2674 405 2698 cum
431 2667 536 2701 acies
569 2667 614 2701 ad
638 2668 760 2702 varias
792 2666 1003 2702 tralationes
1027 2665 1251 2703 deflectatur.
1276 2688 1320 2693 —
1347 2668 1524 2715 possint]
1548 2672 1717 2713 possunt

328 2719 384 2755 ed.
419 2733 472 2766 pr.
513 2729 678 2769 possent
712 2724 806 2760 coni.
842 2720 960 2760 Orelli
994 2722 1137 2766 infelix3
1175 2725 1263 2768 „cui
1296 2724 1406 2760 debet
1436 2725 1576 2766 inesse,
1614 2724 1713 2768 qnod
