1835 3126
20 291 21 299 l

19 301 22 309 ι

368 243 449 286 AD
481 240 595 285 ClC.
625 239 894 289 BRUTUM
926 240 1044 284 CAP.
1070 241 1136 283 91.
1160 240 1227 283 92.
1251 241 1318 284 93.
1404 241 1535 286 429

149 357 196 397 «le
215 356 390 397 fluctibus
421 355 456 395 81
478 356 602 397 ventis
632 356 910 408 tranquillitati
941 353 1121 403 redditis,
1156 354 1412 395 consulendus
1435 354 1534 396 Gro-

147 424 282 463 novius
305 423 417 463 Obss.
441 436 478 475 p.
495 424 590 464 476.
617 422 676 463 ed.
693 422 915 463 Frotscher.
940 422 1282 462 etBuenemannus
1303 423 1343 462 in
1357 422 1534 463 Lactant.

146 489 194 529 de
218 489 282 529 Ira
308 489 446 532 XVIII.
475 492 514 530 8.

256 578 378 621 XCII.
437 581 530 619 317.
589 577 897 626 deflorescentem]
937 589 1014 617 non
1048 583 1147 626 tum,
1194 589 1278 617 cum
1311 577 1453 617 Brutus
1494 577 1534 615 in

143 645 271 685 forum
300 646 421 686 venit:
451 651 541 685 tunc
570 646 669 684 enim
693 644 921 684 Hortensius
951 645 990 682 in
1019 645 1105 697 ipso
1133 645 1272 684 aetatis
1301 644 1397 684 flore
1428 648 1534 690 erat;

144 712 212 751 sed
244 724 328 751 cum
358 713 435 751 iam
465 711 615 763 aliquid
644 710 819 750 iudicare
847 716 1018 763 poterat,
1056 716 1097 751 ut
1127 711 1218 751 dicit
1252 712 1338 763 ipse
1367 710 1414 749 de
1446 721 1533 749 sese

143 790 175 817 c.
194 780 268 826 71,
290 779 383 818 248.
406 778 432 818 i.
458 789 490 818 e.
512 782 601 829 post
620 777 804 818 Caesaris
827 778 1086 825 consulatum,
1118 789 1202 817 cum
1218 778 1359 817 Brutus
1384 781 1533 816 sextum

142 850 179 884 et
218 844 463 894 vicesimum,
506 844 736 885 Hortensius
776 845 1138 898 quinquagesimum
1178 849 1354 886 octavum
1394 855 1533 883 annum

141 911 298 962 agebat.

254 990 348 1029 318.
405 1002 474 1040 pro
503 992 561 1026 M.
591 989 782 1038 Canuleio]
814 988 847 1027 is
878 993 916 1027 et
945 986 1013 1027 Cn.
1042 987 1257 1026 Dolabella
1286 998 1322 1024 a.
1353 987 1433 1025 677
1464 996 1532 1024 ac-

141 1056 265 1094 cusati
294 1061 381 1094 sunt
409 1054 727 1107 repetundarum,
768 1059 805 1093 et
832 1054 896 1093 hic
927 1053 1080 1105 quidem
1109 1065 1135 1092 a
1164 1051 1207 1093 G.
1240 1051 1433 1099 Caesare,
1466 1051 1531 1103 qui

138 1126 277 1174 postea
303 1121 470 1160 dictator
498 1120 583 1160 fuit.

253 1212 389 1237 causas
411 1198 566 1247 nobiles]
598 1208 790 1249 quaenam
818 1196 964 1237 fuerint
992 1208 1069 1236 nou
1092 1199 1254 1236 constat.
1313 1194 1411 1234 Nam
1439 1206 1530 1242 una,

139 1277 240 1318 quae
269 1270 362 1305 nota
390 1269 464 1313 est,
497 1265 541 1315 Q.
563 1264 698 1304 Roscii
722 1263 897 1303 comoedi
926 1275 1021 1303 sane
1050 1263 1089 1302 in
1114 1274 1254 1301 annum
1276 1263 1359 1302 678
1383 1260 1530 1309 incidit,

138 1332 207 1373 sed
235 1333 391 1385 privata
420 1337 505 1371 erat
534 1342 605 1371 nec
633 1330 776 1370 nobilis
806 1336 968 1383 propter
997 1330 1243 1381 gravitatem.

247 1420 386 1461 XCHI.
447 1422 543 1460 319.
602 1419 822 1469 oratoriam]
855 1424 960 1459 recte
990 1418 1261 1459 animadvertit
1287 1416 1529 1468 Bernhardy,

136 1487 364 1527 insolentem
394 1486 576 1527 adiectivi
605 1485 830 1534 dictionem,
871 1498 955 1525 cum
985 1491 1186 1538 exspectes
1219 1485 1428 1536 genitivum
1456 1495 1528 1523 no-

135 1555 248 1594 minis
265 1560 476 1599 oratorum,
502 1554 558 1593 sic
578 1552 726 1592 demum
750 1558 949 1602 constare,
974 1558 1014 1592 ut
1036 1552 1253 1593 memineris
1270 1545 1360 1592 ἀπὸ
1381 1549 1528 1590 κοινοῦ

134 1621 380 1662 referendum
403 1620 453 1659 ad
476 1625 686 1670 praecepta.
730 1620 775 1659 In
796 1620 924 1660 multis
947 1625 1051 1660 certe
1075 1619 1351 1659 adiectivorum
1373 1617 1527 1657 deriva-

134 1694 261 1729 torum
287 1687 494 1740 exemplis,
526 1698 627 1739 quae
650 1687 832 1737 genitivis
853 1688 1048 1727 nominum
1073 1687 1290 1737 subrogata
1310 1684 1527 1732 videantur,

134 1755 283 1795 nullum
311 1755 401 1794 huic
427 1754 553 1794 simile
580 1752 733 1794 videtur
761 1758 928 1794 exstare.
986 1754 1079 1794 Alia
1105 1754 1204 1793 enim
1233 1764 1311 1795 non
1334 1750 1527 1798 obiecfivi,

134 1821 202 1862 sed
232 1821 436 1861 subiectivi
466 1832 579 1860 casus
608 1820 850 1872 provinciam
878 1825 1051 1868 tuentur,
1090 1819 1196 1860 velut
1227 1819 1334 1856 labor
1361 1820 1527 1866 impera-

132 1891 252 1927 tortus
275 1887 391 1927 Tusc.
407 1887 455 1927 II.
477 1889 550 1935 26,
567 1888 634 1927 62.
667 1887 716 1926 cf.
736 1887 973 1927 Garatonum
994 1885 1044 1925 ad
1069 1898 1125 1925 or.
1150 1897 1188 1937 p.
1202 1883 1329 1923 Balbo
1352 1895 1390 1934 p.
1409 1882 1525 1930 205.;

133 1968 268 1993 mun-us
291 1957 519 1998 oratorium,
551 1965 644 2002 opus
666 1955 894 1998 censorium,
923 1955 1070 1990 sortitio
1093 1952 1280 1995 aedilitia,
1309 1960 1410 2001 quae
1434 1961 1525 2001 per·-

130 2025 279 2072 vagata
320 2024 432 2068 sunt,
480 2023 516 2059 et
561 2018 665 2071 quod
709 2019 912 2058 admistam
956 2018 1157 2071 proverbii
1203 2016 1526 2067 significationem

130 2088 268 2136 habet,
304 2089 502 2136 integritas
529 2086 774 2136 provincialis
805 2086 832 2125 i.
862 2097 895 2124 e.
927 2096 1028 2136 quae
1055 2084 1156 2123 solet
1186 2094 1272 2122 esse
1300 2083 1524 2135 provincia.-

130 2155 244 2203 lium,
285 2166 324 2205 p.
364 2153 500 2193 Sextio
535 2151 581 2200 5,
620 2153 684 2191 13.
751 2151 844 2191 Alia
885 2151 1066 2191 obiectivi
1106 2149 1259 2202 quidem
1302 2161 1414 2190 casus
1447 2151 1524 2190 vim

132 2224 366 2267 monstrant,
406 2218 475 2258 sed
505 2217 552 2258 de
580 2230 624 2257 re
654 2217 758 2258 dicta
789 2223 893 2267 sunt,
923 2229 1000 2258 non
1029 2217 1077 2257 de
1105 2217 1278 2266 homine,
1308 2222 1350 2256 ut
1378 2219 1522 2255 curatio

131 2291 289 2337 agraria
306 2286 460 2326 Divers.
476 2285 543 2325 XI.
567 2287 643 2333 21,
664 2285 703 2326 5.
747 2288 963 2336 procuratio
988 2287 1203 2335 quaestoria
1225 2284 1253 2323 i.
1279 2295 1312 2323 e.
1338 2289 1521 2336 quaestu-

129 2365 219 2403 rae,
248 2354 360 2395 Verr.
381 2354 520 2393 Accus.
542 2352 573 2393 Ι.
604 2354 678 2402 36,
702 2354 769 2393 91.
800 2357 837 2391 et
864 2355 964 2390 ratio
989 2353 1205 2400 quaestoria
1235 2352 1307 2399 39,
1335 2352 1402 2391 98.
1430 2351 1521 2390 item

130 2421 359 2471 dispensatio
396 2423 502 2470 reyta
542 2420 570 2459 i.
610 2431 644 2460 e.
683 2420 822 2471 regiae
858 2418 1049 2471 pecuniae
1082 2429 1121 2470 p.
1151 2417 1287 2458 Rabir.
1316 2418 1423 2458 Post.
1456 2419 1520 2458 10.

128 2487 221 2528 Alia
245 2492 332 2527 sunt
358 2487 709 2527 circumlocutionis
733 2487 834 2526 alias
860 2498 932 2538 per
954 2484 1286 2538 praepositionem
1309 2485 1521 2533 institutae,

128 2554 235 2597 velut
265 2553 419 2603 offensio
447 2555 643 2606 popularis
672 2555 697 2594 i.
722 2566 755 2595 e.
785 2554 826 2593 in
855 2565 970 2612 quam
999 2551 1103 2604 apud
1130 2552 1318 2604 populum
1347 2551 1432 2603 quis
1459 2551 1519 2590 in-

130 2625 269 2673 currit,
310 2625 543 2663 concursatio
574 2622 829 2661 decemviralis
865 2633 896 2660 s.
929 2619 980 2660 ad
1011 2618 1249 2658 decemviros
1277 2618 1385 2658 facta
1413 2617 1518 2658 Rull.

128 2690 176 2731 11.
208 2693 245 2730 3.
274 2690 373 2732 med.
412 2695 450 2730 et
477 2695 611 2740 stupra
638 2692 806 2735 sororia,
843 2699 945 2741 quae
982 2690 1069 2726 sunt
1106 2697 1191 2725 cum
1228 2696 1365 2725 sorore
1398 2684 1518 2733 facta,

128 2770 167 2811 p.
197 2757 332 2800 Sextio
365 2759 410 2810 7,
440 2758 506 2799 16.
563 2755 656 2798 Alia
696 2755 861 2809 denique
902 2752 1146 2799 intransitive
1181 2751 1285 2795 (licta
1323 2755 1431 2803 sunt,
1476 2756 1518 2792 ut
