1835 3126
532 112 566 154 B
577 110 613 154 R
623 111 657 154 U
668 111 705 155 T
716 111 750 154 U
761 111 792 154 S
832 110 952 154 CAP.
983 114 1049 156 63.
1080 112 1148 157 64.
1418 115 1538 162 261

150 230 293 281 ageret
336 225 425 266 eius
467 223 636 279 collega
685 223 758 266 ille
803 224 891 280 ipse
937 223 1176 281 Sulpicius,
1225 224 1293 268 hic
1332 224 1453 281 plura
1495 230 1536 268 et

149 303 335 346 acutiora
373 300 550 344 dicebat.
616 300 758 358 Itaque
793 310 886 359 post
928 304 1177 346 tribunatum
1214 304 1344 359 primo
1382 303 1535 347 multae

148 380 200 423 ad
244 393 336 422 eum
381 393 558 431 causae,
605 381 753 423 deinde
798 395 940 424 omnes
985 395 1221 431 maxumae,
1267 394 1535 438 quaecunque

145 464 280 508 erant,
311 458 614 501 deserebantur.
659 460 755 501 227.
784 459 886 502 Rem
916 461 1083 503 videbat
1114 466 1231 503 acute
1263 459 1536 516 componebat

144 537 367 590 diligenter
406 539 606 579 memoria
640 537 830 588 valebat3
867 539 1006 581 verbis
1047 552 1128 582 non
1168 538 1239 580 ille
1273 538 1435 594 quidem
1467 552 1536 581 or-

144 616 252 656 natis
290 614 498 663 utebatur,
538 616 612 658 sed
647 623 784 658 tamen
821 630 904 658 non
943 617 1140 667 abiectis3
1180 617 1371 673 expedita
1400 623 1535 658 autem

148 700 236 735 erat
280 700 320 735 et
362 693 562 750 perfacile
614 707 783 736 currens
824 696 970 737 oratio.
1036 701 1076 737 et
1111 702 1201 737 erat
1238 696 1328 736 eius
1369 694 1536 750 quidam

144 778 339 827 tanquam
374 770 540 813 habitus
580 785 663 814 non
697 771 946 821 inurbanus3
983 774 1091 814 actio
1118 772 1283 827 paulum
1315 785 1405 814 cum
1435 773 1535 814 vitio

143 851 260 891 vocis
303 855 385 890 tum
430 851 554 891 etiam
598 849 762 903 ineptiis
809 848 1086 889 claudicabat.
1160 847 1238 890 Hie
1284 848 1538 903 temporibus

143 926 278 969 floruit
307 928 381 976 iis,
413 925 559 980 quibus
585 925 691 966 inter
720 925 1017 979 profectionem
1040 925 1295 980 reditumque
1317 923 1366 966 L.
1390 924 1537 967 Sullae

143 1006 233 1046 sine
278 1004 365 1045 iure
402 1002 477 1044 suit
521 1008 560 1044 et
605 1003 695 1044 sine
734 1001 823 1044 ulla
866 1002 1066 1057 dignitate
1108 1015 1177 1045 res
1221 1002 1410 1059 publica:
1455 1002 1537 1046 hoc

143 1083 268 1124 etiam
306 1081 442 1135 magis
480 1079 755 1136 probabatur,
796 1080 905 1136 quod
935 1087 1025 1123 erat
1059 1080 1110 1123 ab
1143 1081 1378 1124 oratoribus
1409 1095 1539 1137 quae-

145 1160 240 1202 dam
275 1161 316 1201 in
354 1159 445 1201 foro
477 1158 668 1201 solitudo.
729 1157 940 1215 Sulpicius
971 1159 1201 1209 occiderat,
1243 1158 1364 1202 Cotta
1394 1159 1541 1202 aberat

145 1244 185 1280 et
215 1236 358 1280 Curio:
398 1237 566 1280 vivebat
603 1251 625 1280 e
662 1237 836 1292 relitluis
879 1239 1063 1293 patronis
1105 1238 1195 1279 eius
1235 1238 1386 1281 aetatis
1417 1250 1538 1281 nemo

147 1322 311 1373 praeter
335 1314 570 1359 Carbonem
598 1322 637 1358 et
659 1314 947 1373 Pomponium,
980 1329 1150 1372 quorum
1174 1322 1388 1372 utrumque
1412 1315 1539 1358 facile

146 1394 381 1452 superabat.

259 1471 407 1514 LXIV.
447 1472 543 1514 228.
582 1471 796 1516 Inferioris
838 1479 973 1516 autem
1016 1475 1165 1516 aetatis
1204 1479 1292 1516 erat
1320 1485 1541 1530 proxumus

149 1550 197 1592 L.
238 1550 421 1593 Sisenna
464 1551 607 1594 doctus
650 1553 715 1594 vir
759 1558 798 1594 et
836 1552 984 1595 studiis
1022 1553 1195 1609 optumis
1234 1552 1396 1594 deditus
1434 1551 1541 1594 bene

148 1628 298 1672 Latine
340 1629 516 1685 loquens
562 1643 719 1684 gnarus
761 1631 823 1671 rei
860 1630 1054 1686 publicae
1097 1643 1182 1671 non
1225 1631 1316 1671 sine
1353 1630 1542 1680 facetiis;

148 1707 224 1751 sed
266 1721 399 1764 neque
444 1707 604 1751 laboris
649 1707 765 1749 multi
806 1721 885 1749 nec
921 1708 1025 1749 satis
1061 1713 1254 1750 versatus
1298 1708 1341 1750 in
1380 1708 1543 1758 causis3

235 1831 294 1857 227.
333 1829 468 1865 quidum]
489 1830 615 1864 quidem.
635 1843 669 1849 —
697 1829 754 1855 Ιιοσ
772 1829 876 1866 eliam]
897 1829 954 1856 hoc
973 1831 1062 1856 etiam
1079 1831 1189 1856 autem.

147 1908 299 1955 Meyer3
325 1909 539 1944 adversatur
564 1905 743 1951 Orellius‚
779 1908 844 1943 sed
869 1909 978 1954 plane
1002 1909 1159 1942 alienum
1183 1909 1303 1943 locum
1327 1918 1544 1954 comparans

146 1967 209 2008 74,
233 1965 311 2000 259.
339 1985 380 1988 —
420 1963 574 2008 Sullae]
609 1964 714 1999 codd.
747 1965 894 2009 syllam
933 1965 1049 2010 sylla,
1086 1965 1219 2006 sillae,
1255 1964 1363 2004 sille5
1400 1965 1436 1998 in
1471 1975 1543 1998 uno

147 2021 214 2068 Lg.
229 2022 283 2056 51.
304 2033 430 2055 verum
449 2026 594 2055 exstare
610 2020 763 2056 videtur.
782 2040 829 2048 ·—-
856 2021 928 2055 hoc
949 2022 1088 2065 etiam]
1113 2021 1193 2056 libri
1212 2027 1362 2066 praeter
1380 2020 1448 2055 Gu.
1467 2022 1497 2055 1.
1511 2020 1544 2053 2.

149 2085 185 2112 et
204 2078 259 2112 ed.
278 2089 332 2122 pr.
353 2076 388 2111 h.
407 2080 531 2111 etiam
548 2081 699 2117 autem,
720 2077 818 2110 nulla
837 2077 946 2122 plane
964 2079 1162 2118 sententia3
1188 2078 1393 2121 transponit
1412 2080 1545 2110 autem

150 2134 311 2168 Handius
338 2134 442 2168 Turs.
468 2132 494 2167 l.
529 2145 562 2177 p.
588 2133 664 2174 39„
700 2132 838 2166 delevit
869 2135 993 2167 etiam
1017 2133 1217 2168 Manutius.
1267 2134 1339 2167 Aut
1363 2132 1433 2167 hoc
1461 2143 1545 2178 pro-

149 2190 307 2224 bandum
332 2195 393 2223 aut
417 2189 562 2233 Meyer-i
589 2193 624 2221 et
651 2193 777 2221 nostra
799 2189 978 2233 scriptura
1002 2189 1225 2234 accipienda.
1249 2208 1296 2215 -—
1327 2188 1545 2236 Sulpicius]

152 2257 240 2281 cum
272 2250 310 2279 et
343 2244 451 2291 Sulp.
480 2243 544 2289 Lg.
572 2244 627 2279 20.
662 2245 841 2288 scriptura
873 2245 1015 2279 mininie
1050 2247 1193 2290 inepta,
1229 2246 1310 2279 dum
1342 2246 1433 2280 haec
1466 2257 1547 2280 cum

150 2302 329 2349 prioribus
353 2302 560 2335 continues:
584 2300 650 2334 sed
668 2301 783 2335 multis
803 2301 891 2335 locis
913 2302 1004 2336 liber
1025 2302 1085 2335 ille
1104 2302 1402 2346 interpolatorem
1421 2302 1545 2336 sensit.

243 2357 372 2392 Lxlv.
421 2357 499 2392 2⁴28.
542 2358 777 2404 proxumus]
792 2358 854 2391 -sic
878 2357 943 2404 Lg.
964 2357 997 2393 8.
1017 2358 1072 2393 51.
1091 2358 1145 2392 53.
1169 2358 1223 2392 58.
1245 2358 1299 2392 68.
1323 2359 1378 2393 70.
1409 2356 1484 2393 Ott.
1501 2378 1546 2383 -

152 2415 343 2462 optumis]
370 2413 435 2459 Lg.
455 2414 487 2448 S.
509 2413 563 2448 35.
599 2412 674 2449 Ott.
700 2433 746 2439 —-
781 2416 943 2461 qnarus]
966 2414 1096 2449 Lamb.
1122 2426 1243 2449 naras
1270 2421 1420 2460 propter
1444 2415 1545 2449 Cice-

153 2471 250 2505 ronis
275 2471 526 2504 auctoritatem
544 2468 608 2505 Or.
625 2470 773 2513 47‚15S.
816 2471 950 2505 Verum
973 2471 1088 2506 verba
1109 2469 1296 2506 Orator-is:
1324 2473 1411 2505 noti
1431 2474 1546 2504 erant

154 2532 190 2561 et
216 2530 311 2562 navi
336 2532 373 2561 et
399 2529 491 2561 nari
516 2526 604 2561 nihil
628 2527 723 2561 aliud
747 2528 893 2570 volunt,
922 2528 990 2562 nisi
1016 2540 1095 2562 eam
1121 2539 1201 2561 esse
1225 2528 1326 2561 vocis
1351 2526 1546 2571 legitimam

154 2595 200 2617 ex
226 2584 364 2630 origine
387 2584 615 2630 scripturam3
642 2585 904 2619 consuetudine
927 2584 1108 2619 hominum
1134 2583 1331 2618 invaluisse
1356 2582 1463 2617 aliam
1490 2582 1547 2618 Ci-

154 2651 239 2676 cero
264 2641 409 2677 minime
433 2647 551 2689 negat.
573 2662 618 2668 —-
652 2652 729 2679 non
752 2642 852 2688 sine]
875 2652 952 2679 non
979 2653 1050 2680 om.
1076 2640 1143 2677 Gu.
1165 2641 1197 2679 1.
1217 2660 1262 2668 —
1294 2638 1486 2678 Hortensi
1507 2643 1546 2675 ec
