1835 3126
344 190 541 235 BREVIS
573 188 969 242 ELOQUENTIAE
999 187 1134 232 ROM.
1166 188 1309 232 HIST.
1451 193 1524 236 31

131 307 330 358 utriusque
373 317 451 345 non
495 305 644 352 obstat3
691 303 842 343 accedit
885 303 1068 344 disertum
1107 304 1307 344 Ciceronis
1351 304 1524 345 testimo-

130 374 234 412 nium
250 370 331 424 (θ’),
359 384 435 425 quo
453 371 714 412 dubitationes
733 370 963 424 Glandorpii
979 371 1222 423 aliorumque
1238 372 1426 412 tolluntur
1441 369 1524 424 (⁹⁴²).

128 440 200 479 Hic
237 440 361 492 patris
396 451 480 479 cum
518 439 667 478 maiore
697 439 886 479 Africano
915 439 1123 478 amicitiam
1154 438 1326 479 discordi
1359 452 1443 479 cum
1475 441 1523 480 L.

127 507 313 558 Scipione
339 507 517 546 Asiatico
558 506 762 546 consulatu
799 506 1013 546 discussam
1046 518 1129 546 cum
1158 506 1265 546 illius
1295 513 1436 559 nepote
1466 508 1524 546 ita

129 573 282 614 videtur
324 574 576 626 repetivisse,
620 579 681 621 ut,
728 579 871 626 quanto
918 579 1027 612 aetas
1074 574 1155 613 eius
1198 573 1302 613 cultu
1338 574 1525 626 politiore

126 641 379 693 profecisset,
404 646 511 681 tanto
533 641 705 682 virorum
728 641 977 681 familiaritas
999 641 1167 693 posteris
1192 646 1293 680 esset
1318 641 1524 682 illustrior.

127 709 287 748 Laelius
326 709 519 761 plebeiam
559 708 815 757 aedilitatem,
855 708 963 747 cuius
992 708 1243 758 magistratus
1273 709 1388 760 primi
1417 714 1526 748 certa

128 776 314 815 memoria
345 781 489 823 exstat,
521 774 656 814 eodem
687 787 787 813 anno
818 775 961 824 gessit,
1007 785 1083 825 quo
1111 773 1320 812 Africanus
1352 775 1523 813 curulem

127 843 317 893 petiturus
349 841 399 880 ad
433 841 675 880 consulatum
705 844 858 880 evectus
891 844 968 887 est,
999 851 1036 878 a.
1068 840 1163 878 607.
1209 839 1296 888 Qua
1326 838 1373 878 de
1404 851 1525 878 causa

125 907 365 959 reliquorum
408 908 706 957 magistratuum
746 905 982 945 consortium
1028 916 1112 944 cum
1148 905 1337 945 Africano
1376 906 1524 946 habere

125 985 202 1012 non
230 973 366 1026 potuit.
412 973 470 1013 Ne
499 973 598 1013 illud
630 972 784 1025 quidem
813 973 908 1011 satis
934 977 1085 1012 constat
1111 972 1266 1024 quando
1287 972 1522 1012 tribunatum

124 1040 284 1080 Laelius
323 1041 511 1091 gesserit:
548 1053 636 1080 nam
668 1039 773 1093 quod
809 1040 1004 1079 tribunum
1032 1040 1195 1090 Pighius
1225 1039 1335 1091 ponit
1371 1052 1407 1078 a.
1439 1041 1521 1080 603

125 1118 174 1146 ea
212 1106 259 1146 de
297 1119 417 1147 causa
454 1107 619 1160 probari
648 1119 727 1148 non
756 1112 905 1160 potest,
946 1106 1050 1159 quod
1082 1107 1254 1146 curulem
1283 1105 1523 1147 aedilitatem

126 1185 175 1213 ex
204 1174 402 1214 tribunatu
430 1175 589 1227 plurimi
617 1176 830 1228 petierunt,
869 1173 938 1214 sed
966 1174 1125 1226 plebeia
1156 1173 1338 1213 aedilitas
1370 1185 1524 1226 semper

124 1239 259 1280 habita
301 1246 359 1280 est
399 1241 504 1281 infra
549 1242 775 1293 dignitatem
810 1242 1071 1281 tribuniciam.
1139 1240 1219 1281 Sed
1258 1241 1522 1281 memorabilis

123 1307 341 1347 tribunatus
363 1313 420 1348 est
445 1314 609 1362 propter
630 1309 1060 1350 honorificentissimum
1085 1308 1283 1360 Sapientis
1307 1320 1523 1359 cognomen

123 1375 262 1415 Laelio
291 1375 473 1425 inditum,
505 1377 613 1416 cuius
642 1377 703 1416 rei
732 1388 890 1416 cansam
913 1375 1147 1416 Plutarchus
1178 1375 1304 1426 aperit
1321 1371 1402 1426 (⁹3).
1457 1375 1522 1415 In-

125 1442 305 1481 stituerat
343 1443 460 1491 enim,
500 1448 541 1482 ut
567 1443 675 1495 plebi
702 1444 811 1495 inopi
843 1442 1124 1494 opitularetur,
1161 1442 1291 1492 legem
1321 1442 1522 1492 agrariam

125 1508 250 1548 ferre:
287 1509 353 1548 sed
395 1521 479 1548 cum
509 1510 713 1562 optimates
743 1509 1076 1550 vehementissime
1101 1508 1384 1556 obniterentur,
1418 1520 1521 1547 rem-

125 1576 322 1628 publicam
360 1577 519 1626 gravius
558 1577 753 1616 turbatum
790 1576 840 1615 iri
878 1574 1111 1627 praevidens
1143 1573 1297 1615 abiecit.
1353 1575 1522 1616 Praetor

126 1655 163 1683 a.
205 1644 288 1683 608
332 1654 426 1682 sane
471 1643 702 1695 popularem
747 1643 794 1682 de
837 1641 1105 1681 sacerdotibus
1156 1652 1236 1681 non
1280 1653 1305 1679 a
1348 1641 1520 1692 collegio

126 1709 375 1762 cooptandis,
422 1709 490 1749 sed
526 1722 551 1749 a
585 1709 731 1762 populo
771 1708 949 1748 creandis
987 1707 1116 1758 legem
1144 1708 1336 1747 Liciniam
1367 1707 1520 1747 dissua-

126 1777 175 1816 sit
214 1777 430 1828 tennitque,
473 1782 515 1816 ut
555 1777 848 1828 antiquaretur:
892 1775 950 1814 ita
988 1774 1271 1815 vetustissimus
1311 1774 1522 1827 cooptandi

124 1855 206 1882 mos
249 1843 378 1882 multis
425 1842 574 1882 demum
612 1844 723 1883 annis
762 1847 851 1895 post
886 1842 978 1893 lege
1015 1841 1189 1881 Domitia
1232 1841 1408 1881 sublatus
1449 1847 1519 1884 est.

122 1909 229 1949 Haec
264 1915 322 1949 est
358 1909 577 1950 clarissima
613 1911 686 1950 illa
723 1911 767 1948 de
799 1910 963 1959 collegiis
990 1909 1117 1949 oratio
1143 1906 1234 1960 (9⁴),
1272 1921 1350 1961 qua
1378 1909 1519 1949 Laelio

121 1976 227 2016 fama
254 1977 328 2017 illa
357 1977 405 2017 de
435 1978 640 2029 auguralis
672 1977 903 2030 disciplinae
933 1976 1076 2015 eximia
1106 1976 1329 2027 cognitione
1351 1977 1521 2016 maxima

122 2049 238 2096 parta
275 2049 332 2085 est
357 2041 440 2096 (95).
507 2045 569 2085 Ex
606 2050 795 2098 praetura
831 2043 992 2085 Laelius
1027 2044 1257 2096 Hispaniam
1291 2043 1520 2084 ulteriorem

120 2112 361 2163 provinciam
390 2113 549 2152 sortitus
581 2113 755 2164 quamvis
784 2112 825 2152 in
851 2112 999 2151 minore
1023 2110 1189 2150 materia
1211 2122 1297 2150 sese
1319 2111 1518 2162 Scipionis

121 2184 322 2228 gestorum
360 2191 437 2219 non
475 2179 675 2229 indignum
714 2177 994 2217 aemulatorem
1031 2175 1219 2224 ostendit3
1254 2177 1376 2227 fregit
1418 2178 1518 2216 enim

120 2245 337 2286 Viriathum
355 2246 633 2285 Lusitanorum
663 2244 818 2291 ducem,
848 2248 890 2283 ut
914 2242 1206 2282 succedentibus
1230 2242 1377 2281 bellum
1397 2243 1518 2284 facile

122 2311 174 2351 ad
214 2311 489 2352 conficiendum
523 2311 764 2363 relinqueret
794 2307 876 2362 (9⁰).
944 2309 1040 2351 Cum
1078 2308 1321 2350 consulatum
1354 2315 1517 2363 peteret,

212 2442 273 2486 91)
300 2443 375 2478 Cic.
389 2442 482 2478 Phil.
494 2442 557 2478 XI.
573 2443 606 2477 7.
722 2441 780 2485 92)
799 2440 927 2476 Gland.
943 2438 1074 2476 Onom.
1088 2451 1123 2485 p.
1137 2440 1215 2476 515.
1335 2441 1394 2486 93)
1417 2442 1515 2478 Plut.

122 2498 201 2533 Tib.
228 2498 379 2535 Gracch.
405 2499 438 2534 S.
486 2498 572 2535 Non
597 2504 757 2545 pugnat,
783 2498 849 2533 sed
875 2495 1064 2532 confirmat
1088 2502 1187 2532 recte
1211 2498 1417 2534 intellectus
1441 2499 1516 2535 Cic.

122 2554 199 2590 Fin.
226 2554 272 2592 11.
296 2555 335 2598 8,
359 2556 414 2590 24.
463 2556 557 2591 Hinc
580 2556 740 2591 doctum
770 2566 837 2601 per
862 2552 1078 2598 ὑπαλλαγὴν
1108 2559 1219 2589 vocat
1242 2555 1392 2593 Quintil.
1419 2554 1515 2590 Vlll.

120 2611 164 2654 6,
189 2610 264 2653 38.,
290 2612 388 2657 quod
412 2624 484 2648 non
514 2613 739 2661 intelligebat
764 2611 1009 2658 SpaldingiuS.
1126 2611 1185 2657 94)
1212 2611 1285 2648 Cic.
1309 2611 1357 2648 N.
1377 2611 1424 2647 D.
1450 2610 1514 2647 111.

121 2667 162 2709 2,
188 2668 221 2703 5.
257 2667 362 2705 Brut.
379 2669 442 2714 21,
461 2669 517 2708 83.
634 2671 693 2715 95)
723 2670 797 2707 Cic.
816 2669 910 2706 Phil.
935 2667 979 2705 11.
999 2667 1065 2712 33,
1087 2667 1144 2707 83.
1261 2668 1322 2713 96)
1344 2668 1418 2706 Cic.
1441 2666 1513 2704 Off.

121 2722 166 2759 ΙΙ.
194 2725 255 2761 11.
281 2725 337 2762 40.
