1835 3126
360 230 444 273 AD
480 228 594 272 CIC.
627 228 901 272 BRUTUM
933 229 1051 273 CAP.
1082 232 1148 274 26.
1174 232 1240 275 27.
1377 234 1496 279 36⁷

222 345 265 389 Q.
290 344 520 393 Scaevolam]
553 343 597 393 Q.
624 344 819 385 Scaevola
848 356 974 396 augur
993 350 1154 397 praetor
1176 358 1212 386 a.
1236 347 1330 386 633.
1374 348 1494 388 Asiae

104 410 273 464 praefuit
308 423 454 450 summa
492 411 738 462 integritate:
778 424 892 464 quam
930 412 979 451 ol)
1008 423 1089 451 rem
1125 413 1266 452 iniuste
1296 417 1494 456 accusatio

104 478 139 517 ei
163 478 352 517 intentata
375 478 423 517 ah
445 478 610 518 Albucio
632 484 707 526 est;
737 479 978 518 consulatum
1002 479 1124 529 gessit
1152 491 1235 518 cum
1260 481 1304 519 L.
1327 482 1493 523 Metello

103 557 139 584 a.
171 546 264 584 637.
323 545 383 585 Ad
420 546 520 585 hunc
551 558 680 586 senem
712 546 852 586 Cicero
882 557 979 597 puer
1013 557 1037 584 a
1065 551 1178 598 patre
1208 546 1392 587 deductus
1424 555 1493 599 est,

101 617 142 651 ut
177 612 272 651 iuris
304 612 534 664 prudentiae
574 619 611 653 et
644 613 742 653 mori
772 612 928 665 publico
959 611 1141 652 discendo
1173 613 1283 653 daret
1314 626 1493 667 operam:

100 691 136 718 v.
177 679 249 727 89,
289 681 382 719 306.
440 680 486 719 L.
531 680 665 721 Crassi
704 691 816 719 socer
855 684 959 719 erat:
1001 691 1115 731 quam
1157 681 1206 719 ob
1246 693 1327 721 rem
1366 684 1491 735 primo

101 745 298 797 colloquio
330 746 376 784 dc
408 747 575 786 Oratore
605 748 827 787 interfuisse
858 759 882 785 a
918 747 1107 787 Cicerone
1138 747 1296 798 fingitur

211 816 381 849 instituto
401 814 522 862 Laeli]
549 815 656 853 testis
679 814 809 854 Laelii
837 813 1050 853 studiorum
1077 814 1156 854 Cic.
1181 815 1266 854 Fin.
1290 815 1337 854 II.
1362 816 1400 864 8,
1425 818 1493 856 24.

99 878 162 920 lv.
194 880 241 927 9,
274 880 339 918 23.
384 878 431 918 de
462 880 657 920 Scaevola
686 881 795 920 illum
825 881 973 919 imitato
1005 880 1052 919 de
1077 881 1143 921 Or.
1166 880 1195 919 I.
1221 883 1293 930 17,
1321 883 1388 922 75.
1432 884 1493 924 De

98 949 273 984 Panaetii
296 947 412 986 rebus
435 948 595 999 copiose
617 948 795 1000 exposuit
822 949 904 984 Van
924 946 1078 992 [syndon
1101 946 1148 984 de
1172 947 1360 988 Panaetio
1385 950 1492 989 Rho-

98 1012 162 1052 dio
185 1014 420 1066 philosopho
444 1014 577 1054 Stoico
591 1029 600 1062 ;
631 1015 696 1065 qui
726 1014 827 1052 liber
847 1011 971 1050 editus
991 1011 1173 1061 Lugduni
1195 1013 1283 1052 Bat.
1307 1026 1343 1053 a.
1371 1016 1492 1056 1802.

213 1082 304 1120 102.
362 1080 599 1130 prudentiae]
647 1074 882 1133 ἐμπειρίαν
927 1074 1162 1132 πολιτικήν
1206 1079 1322 1129 dicit,
1378 1095 1492 1134 quam

97 1146 233 1185 laudat
264 1146 428 1186 Crassus
459 1145 562 1198 apud
592 1146 819 1186 Ciceronem
851 1143 897 1183 de
933 1144 999 1184 Or.
1029 1144 1060 1184 Ι.
1091 1147 1167 1194 49,
1199 1149 1293 1187 214.

209 1215 256 1250 L.
300 1213 447 1251 Caelius
484 1214 699 1263 Antipater]
745 1226 780 1253 v.
820 1212 1030 1250 Krausium
1070 1212 1110 1250 in
1149 1213 1307 1264 Fragm.
1344 1215 1490 1256 Histor.

96 1279 207 1320 Rom.
236 1293 275 1332 p.
310 1281 386 1319 181
413 1292 497 1331 sqq.
541 1280 600 1319 De
630 1280 727 1319 iuris
756 1279 986 1332 prudentiae
1015 1278 1133 1319 laude
1156 1281 1228 1319 etsi
1250 1281 1492 1333 aliquantum

97 1346 263 1386 detrahit
291 1347 526 1399 Pomponius
566 1347 613 1386 de
645 1348 712 1387 Or.
742 1347 820 1386 Iur.
863 1358 894 1385 c.
926 1347 971 1394 3,
1003 1347 1091 1394 40.,
1128 1351 1257 1387 tamen
1294 1360 1343 1388 ne
1374 1350 1490 1390 huius

94 1414 224 1453 verbis
257 1413 411 1452 nimium
438 1414 653 1453 tribuamus
683 1414 848 1464 insignis
875 1413 1071 1464 imperitia
1102 1414 1266 1454 hominis
1297 1416 1490 1468 prohihet.

207 1479 367 1520 XXVII.
430 1481 522 1519 103.
585 1483 643 1518 Ti..
679 1480 861 1529 Graccho]
904 1480 1044 1520 dictum
1075 1480 1122 1520 de
1152 1481 1225 1521 hoc
1256 1483 1367 1522 estin
1395 1495 1490 1536 pro-

94 1547 202 1597 legg.
234 1547 270 1601 ξ.
304 1548 392 1594 17.;
425 1546 472 1585 de
505 1548 543 1585 G.
573 1549 729 1597 Papirio
763 1547 928 1585 Carbone
957 1545 991 1598 §-
1023 1547 1086 1586 18.

213 1615 307 1654 104.
365 1614 542 1651 habemus
572 1615 771 1664 orationes]
804 1619 1026 1653 manserunt
1056 1613 1105 1652 ad
1130 1614 1248 1653 Plinii
1277 1626 1399 1666 usque
1422 1627 1490 1655 ae·

93 1685 232 1730 tatem,
279 1681 352 1720 etsi
393 1681 463 1719 ille
509 1694 676 1720 summus
720 1681 910 1720 librorum
951 1681 1191 1732 conquisitor
1227 1693 1304 1721 non
1343 1683 1490 1732 habuit,

96 1749 239 1801 quippe
265 1761 289 1787 a
320 1748 483 1787 consilio
511 1761 580 1788 suo
613 1748 808 1788 scribendi
837 1748 1010 1796 alienas,
1053 1747 1121 1787 sed
1150 1748 1418 1788 mirabundam
1448 1762 1491 1790 se

94 1816 238 1856 vidisse
277 1820 413 1854 narrat
452 1815 554 1868 apud
584 1821 738 1868 poetam
766 1816 1021 1868 Pomponium
1051 1813 1285 1855 Secundum:
1324 1828 1359 1855 v.
1389 1816 1488 1855 Hist.

94 1883 183 1923 Nat.
228 1882 332 1922 XIII.
376 1884 441 1922 26.
507 1882 749 1923 Adversatur
790 1881 1020 1931 Bernhardy
1062 1886 1220 1933 praeter
1263 1881 1490 1922 Ciceronem

98 1951 262 1991 Gracchi
305 1949 501 1989 orationes
533 1961 557 1988 a
586 1950 737 1988 nemine
774 1949 969 2000 inspectas
1000 1942 1217 1987 affirmans:
1258 1948 1361 2000 quod
1390 1949 1490 1990 unde
1547 1986 1554 1995 ,

94 2017 296 2057 resciverit
325 2013 496 2067 ambigo.
541 2016 640 2056 Nam
661 2029 796 2054 manus
825 2016 921 2055 illae
948 2015 1209 2055 Gracchorum
1231 2016 1360 2055 Plinio
1385 2027 1489 2056 com-

93 2089 329 2124 memoratae
360 2084 451 2136 quid
477 2083 585 2123 aliud
615 2084 780 2132 fuerint,
814 2083 888 2121 nisi
909 2082 1138 2121 orationes?
1180 2082 1360 2122 Privatas
1384 2088 1489 2123 certe

92 2152 229 2192 literas
258 2151 364 2191 velut
386 2152 541 2190 tabulas
569 2151 719 2202 accepti
750 2155 787 2188 et
812 2149 972 2201 expensi
998 2148 1237 2201 superfuisse
1260 2149 1489 2201 longissime

95 2219 206 2258 abest
235 2231 258 2257 a
288 2218 538 2257 similitudine
566 2218 663 2257 veri.

210 2286 302 2325 104.
361 2285 552 2334 diligentia
585 2283 790 2332 Corneliae]
823 2282 869 2322 de
901 2282 1012 2321 huius
1036 2281 1212 2334 epistolis
1234 2282 1488 2324 honorificum

95 2356 222 2391 exstat
238 2351 437 2392 Ciceronis
460 2352 717 2391 testimonium
732 2350 840 2389 Brut.
857 2350 923 2398 58,
941 2351 1035 2388 211.
1084 2348 1338 2399 Diligentiam
1353 2351 1487 2390 matris

93 2420 134 2459 in
174 2419 395 2459 erudiendis
428 2418 518 2458 filiis
564 2418 771 2458 secundum
813 2416 1041 2457 Ciceronem
1079 2416 1194 2455 etiam
1225 2416 1486 2466 Quintilianus

95 2488 274 2538 agnoscit
312 2486 466 2527 easdem
508 2486 696 2538 epistolas
735 2489 948 2524 antestatus
986 2483 1016 2523 I.
1056 2485 1099 2531 l,
1140 2484 1185 2523 6:
1233 2485 1487 2523 Gracchorum

94 2555 323 2605 eloquentiae
364 2555 520 2591 vitilium
565 2554 763 2592 contulisse
804 2554 1013 2601 accepimus
1060 2550 1270 2588 Corneliam
1314 2557 1485 2597 matrem,

95 2625 199 2659 cuius
221 2621 457 2659 doctissimis
478 2633 598 2659 sermo
626 2624 666 2658 in
691 2626 859 2670 posteros
882 2630 1024 2668 quoque
1046 2618 1213 2667 epistolis
1234 2623 1287 2655 est
1309 2618 1485 2658 traditus.

95 2687 206 2738 Quae
229 2688 345 2728 hodie
368 2688 545 2728 feruntur
569 2688 773 2740 epistolae,
796 2698 862 2726 eas
886 2684 1113 2725 subditicias
1134 2696 1220 2725 esse
1241 2685 1323 2726 veri
1340 2685 1484 2725 simile:

93 2768 127 2795 v.
157 2755 302 2807 Langii
336 2756 559 2795 Vei-mischte
591 2756 779 2804 Schriften
812 2766 850 2807 p.
888 2753 967 2793 108
997 2764 1084 2804 sqq.
