1835 3126
311 239 395 282 Al)
428 238 541 281 (210.
574 238 842 282 BRUTUM
876 240 995 282 (ΙΛΡ.
1022 240 1089 283 64.
1114 241 1182 284 65.
1203 242 1271 284 66.
1353 242 1486 290 405

97 354 193 393 nieis
223 352 272 392 ad
303 364 338 392 a.
362 354 458 392 614.
515 352 700 394 Narravit
730 359 857 393 autem
880 355 1020 394 Accius
1045 355 1119 394 hoc
1148 355 1187 395 in
1212 355 1486 405 Didascalicis,

95 432 172 472 qua
200 424 312 471 parte
343 418 390 458 de
419 419 500 460 vita
529 421 690 461 Pacuvii
720 420 913 461 disseruit.

206 487 301 526 230.
359 500 428 536 pro
462 488 526 524 Gn.
557 490 712 537 Pompei.
741 488 858 537 bonis]
897 488 1000 539 quod
1031 501 1079 528 ex
1107 488 1257 540 praeda
1285 489 1485 528 Asculaua

92 557 204 604 pater
237 553 318 592 eius
349 553 445 592 nihil
474 554 514 593 in
544 548 738 593 aerarium
769 554 978 603 retulerat;
1013 568 1049 596 v.
1078 556 1118 594 in
1149 567 1181 596 c.
1212 557 1286 604 63,
1321 557 1415 596 226.
1447 561 1484 596 et

91 619 191 660 Plut.
222 621 355 672 Pomp.
385 623 422 659 2.
455 620 545 660 coll.
574 622 614 660 4.
669 621 809 660 Attulit
837 622 1036 673 MeyeruS.

201 691 258 724 M.
290 688 478 736 Pisonem]
510 686 556 726 de
585 688 659 727 hoc
688 700 725 728 v.
758 700 789 728 c.
822 689 887 737 67,
921 691 1023 737 2363
1057 689 1104 728 de
1133 690 1190 729 M.
1215 688 1379 737 Crasso,
1412 688 1482 729 Cn.

89 754 254 793 Lentulo
280 753 518 793 Marcellino
550 759 586 793 et
615 755 659 795 P.
689 755 855 795 Lentulo
887 756 991 796 Sura
1021 768 1052 796 c.
1078 758 1145 797 66.

199 833 267 870 pro
290 822 364 870 Ap.
389 821 558 871 Clcmdio]
589 833 709 861 causa
739 828 824 863 erat
852 823 899 863 de
923 824 1068 864 ambitu
1096 828 1133 863 et
1162 828 1484 863 commemoratur

88 887 203 925 etIam
233 898 265 926 c.
297 889 369 935 94,
402 889 516 936 3243
563 894 652 929 acta
690 895 747 929 est
786 903 822 931 a.
852 892 947 932 704.
1006 891 1051 932 V.
1081 890 1245 932 Wetzel.
1274 889 1400 941 praef.
1432 889 1482 928 ad

88 965 176 1006 epp.
208 953 258 993 ad
286 954 440 994 Divers.
471 954 538 995 111.

198 1021 316 1062 LXV.
376 1023 470 1061 231.
529 1027 699 1060 nostrum
730 1028 903 1070 tectamque
935 1021 1096 1069 initium]
1140 1019 1279 1060 Cicero
1319 1032 1391 1072 pro
1432 1020 1479 1069 Q.

86 1087 265 1137 Quinctio
290 1088 454 1139 primum
477 1087 574 1126 dixit
604 1099 639 1126 a.
660 1088 756 1126 673.
800 1087 922 1126 Bruto
948 1098 1068 1125 causa
1090 1087 1217 1139 prima
1240 1099 1341 1138 quae
1363 1087 1484 1126 fuerit

85 1154 294 1201 nescimus;
325 1166 414 1193 nam
436 1154 555 1205 Appii
588 1153 743 1194 Claudii
774 1154 901 1193 soceri
931 1154 1070 1201 fuisse,
1103 1166 1187 1193 cum
1216 1155 1360 1193 Brutus
1391 1160 1480 1194 tunc

84 1220 161 1259 iam
199 1221 363 1272 triginta
400 1221 570 1274 quinque
609 1233 731 1260 annos
768 1221 969 1269 habuerit,
1009 1221 1100 1260 mihi
1137 1221 1291 1273 quidem
1328 1221 1481 1262 minime

83 1288 289 1339 probatur.

198 1361 276 1392 tum
309 1355 462 1403 Brutus]
504 1355 689 1402 „urbane
719 1365 858 1393 causas
893 1354 1034 1401 eludit,
1080 1367 1177 1406 quas
1208 1354 1480 1407 suspicabatur

84 1422 134 1460 ab
175 1421 394 1460 hominibus
435 1421 601 1459 curiosis
640 1421 836 1472 prolatum
877 1421 938 1460 iri.
999 1421 1128 1472 Negat
1165 1422 1286 1473 igitur
1326 1422 1479 1471 Cicero,

85 1488 189 1541 quod
217 1489 257 1527 in
286 1487 446 1527 mortuis
477 1488 700 1527 oratoribus
733 1488 937 1536 subsistat,
974 1500 998 1526 a
1027 1489 1375 1540 reprehensoribus
1404 1489 1480 1528 sibi

84 1556 255 1603 cavisse,
294 1566 342 1594 ne
369 1554 568 1595 videretur
605 1555 644 1593 in
669 1555 766 1594 vivis
797 1553 1003 1594 laudandis
1033 1555 1097 1595 vel
1126 1556 1480 1608 praetermittendis

83 1623 238 1662 nimium
268 1622 469 1661 ambitioni
505 1622 570 1662 vel
601 1621 727 1661 studio
762 1622 967 1661 tribuisse:
1010 1622 1078 1662 sed
1108 1635 1133 1661 a
1161 1624 1354 1675 principio
1384 1623 1479 1663 fines

83 1701 125 1729 se
152 1690 372 1729 narrationi
405 1690 686 1729 contractiores
717 1689 918 1736 statuisse3
957 1688 1101 1728 factum
1132 1694 1261 1729 tamen
1291 1702 1376 1729 esse
1408 1702 1480 1742 per

82 1757 281 1796 Hortensii
308 1758 552 1805 memoriam,
590 1761 631 1795 ut
661 1756 710 1795 ad
740 1760 932 1796 recentem
963 1760 1129 1796 aetatem
1159 1768 1286 1796 sermo
1317 1756 1478 1796 delabe-

82 1829 202 1864 retur.
259 1825 316 1864 Ac
353 1825 475 1863 tenuit
507 1823 576 1863 ille
606 1824 680 1862 hoc
711 1823 838 1862 libelli
868 1823 1072 1862 consilium
1112 1823 1211 1862 adeo
1243 1828 1478 1870 constanter,

83 1896 123 1930 ut
152 1891 191 1929 in
217 1902 248 1930 c.
274 1893 325 1930 71
341 1891 470 1931 -75.
505 1902 604 1942 quae
635 1890 682 1929 de
705 1889 854 1928 duobus
885 1889 979 1928 viris
1004 1888 1284 1928 laudatissimis
1307 1888 1479 1929 Caesare

83 1958 118 1997 ἃ
155 1958 350 1998 Marcello
391 1958 504 2009 quasi
541 1956 737 2009 postulari
772 1960 931 2008 possent
974 1955 1024 1994 ad
1061 1967 1252 2008 personas
1291 1956 1404 1996 Bruti
1442 1962 1479 1996 et

80 2025 198 2065 Attici
228 2036 300 2076 per
327 2024 610 2075 digressionem
637 2023 882 2062 transferret.
894 2024 917 2040 “
975 2023 1207 2070 Bernhardy.

196 2093 290 2132 232.
347 2091 556 2142 processus]
595 2090 809 2142 profectus.
869 2090 912 2129 G.
941 2090 1015 2137 78,
1046 2091 1148 2128 272:
1190 2092 1316 2139 itaque
1352 2094 1478 2127 tantos

80 2171 274 2209 processus
303 2157 507 2205 efficiebat,
537 2163 578 2193 ut
607 2157 774 2201 evolare,
808 2169 883 2193 non
912 2167 1107 2192 excurrere
1135 2155 1332 2193 videretur.

195 2226 289 2264 233.
348 2226 406 2261 M.
431 2223 582 2272 Crasso]
614 2223 646 2261 is
678 2222 906 2262 adolescens
938 2220 1100 2261 dicendo
1132 2221 1289 2260 multam
1316 2233 1477 2274 operam

83 2292 206 2341 dedit,
240 2291 286 2330 de
311 2302 389 2342 qua
411 2301 455 2329 re
484 2290 593 2328 testis
614 2289 847 2330 Plutarchus
878 2293 936 2328 est
957 2288 1102 2328 Crasso
1132 2300 1164 2327 c.
1185 2290 1245 2336 3.,
1276 2289 1348 2327 etsi
1371 2293 1478 2328 errat

82 2360 115 2398 is
160 2355 300 2398 δεινὸν
341 2351 484 2397 εἰπεῖν
520 2351 749 2408 γενόμενον
789 2352 834 2396 ἐν
876 2355 971 2403 τοῖς
1010 2349 1206 2404 μάλιστα
1239 2349 1477 2405 ίΡωμαίων

83 2425 227 2465 dicens
284 2424 379 2464 Cum
406 2424 596 2464 Cicerone
624 2424 831 2463 Murenam
862 2421 1032 2460 defendit
1063 2427 1099 2461 et
1121 2421 1287 2462 Balbum
1316 2426 1353 2461 et
1375 2421 1475 2462 Cae-

83 2493 198 2540 lium;
236 2492 414 2543 reliquae
451 2490 532 2530 eius
569 2503 631 2530 res
672 2489 825 2529 abunde
860 2493 976 2528 notae
1015 2493 1114 2528 sunt.
1172 2488 1270 2528 Erat
1301 2488 1402 2527 filius
1432 2489 1475 2528 P.

85 2560 238 2608 Crassi,
279 2559 365 2610 qui,
403 2570 487 2597 cum
517 2557 652 2597 consul
679 2557 817 2596 suisset
846 2568 882 2594 a.
907 2556 1010 2603 657,
1053 2567 1192 2595 censor
1227 2567 1264 2594 a.
1290 2554 1392 2602 665,
1434 2566 1477 2594 se

83 2628 169 2680 ipse
198 2625 412 2673 interfecit,
442 2636 489 2664 ne
517 2625 556 2664 in
586 2624 856 2664 Marianorum
887 2635 1020 2662 manus
1048 2622 1283 2674 perveniret.

198 2693 334 2734 LXVI.
393 2692 571 2742 gratiam]
594 2696 755 2744 propter
777 2692 953 2741 ingentes
975 2689 1129 2730 divitias
1153 2687 1350 2739 gratiosus
1373 2685 1476 2739 apud

86 2761 238 2814 plebem
283 2764 320 2799 et
363 2759 466 2812 apud
502 2758 689 2811 plurimos
729 2763 867 2812 potens
906 2761 1010 2806 erat,
1048 2760 1257 2808 praeterea
1301 2754 1477 2794 omnibus
