<?xml version="1.0" encoding="UTF-8"?>
<!DOCTYPE html PUBLIC "-//W3C//DTD XHTML 1.0 Transitional//EN"
    "http://www.w3.org/TR/xhtml1/DTD/xhtml1-transitional.dtd">
<html xmlns="http://www.w3.org/1999/xhtml" xml:lang="en" lang="en">
 <head>
  <title>
</title>
<meta http-equiv="Content-Type" content="text/html;charset=utf-8" />
  <meta name='ocr-system' content='tesseract 3.04.00' />
  <meta name='ocr-capabilities' content='ocr_page ocr_carea ocr_par ocr_line ocrx_word'/>
</head>
<body>
  <div class='ocr_page' id='page_1' title='image "./brutussivedeclar00ciceuoft/brutussivedeclar00ciceuoft_0280.png"; bbox 0 0 1835 3126; ppageno 0'>
   <div class='ocr_carea' id='block_1_1' title="bbox 307 156 1178 242">
    <p class='ocr_par' dir='ltr' id='par_1_1' title="bbox 307 156 1178 242">
     <span class='ocr_line' id='line_1_1' title="bbox 307 156 1178 242; baseline -0.006 0"><span class='ocrx_word' id='word_1_1' title='bbox 307 156 442 242; x_wconf 65' lang='lat'>260</span> <span class='ocrx_word' id='word_1_2' title='bbox 831 192 1178 237; x_wconf 85' lang='lat' dir='ltr'>CICERONIS</span> 
     </span>
    </p>
   </div>
   <div class='ocr_carea' id='block_1_2' title="bbox 307 301 1703 1837">
    <p class='ocr_par' dir='ltr' id='par_1_2' title="bbox 307 301 1700 1208">
     <span class='ocr_line' id='line_1_2' title="bbox 308 301 1694 361; baseline -0.002 -15"><span class='ocrx_word' id='word_1_3' title='bbox 308 303 478 346; x_wconf 90' lang='lat' dir='ltr'>summis</span> <span class='ocrx_word' id='word_1_4' title='bbox 515 307 554 343; x_wconf 91' lang='lat' dir='ltr'>et</span> <span class='ocrx_word' id='word_1_5' title='bbox 591 301 780 344; x_wconf 82' lang='lat' dir='ltr'>fortunae</span> <span class='ocrx_word' id='word_1_6' title='bbox 812 310 851 345; x_wconf 90' lang='lat' dir='ltr'>et</span> <span class='ocrx_word' id='word_1_7' title='bbox 878 306 989 346; x_wconf 87' lang='lat' dir='ltr'>vitae</span> <span class='ocrx_word' id='word_1_8' title='bbox 1020 305 1212 347; x_wconf 85' lang='lat' dir='ltr'>sordibus</span> <span class='ocrx_word' id='word_1_9' title='bbox 1252 306 1293 347; x_wconf 91' lang='grc'>111</span> <span class='ocrx_word' id='word_1_10' title='bbox 1324 309 1519 361; x_wconf 85' lang='lat' dir='ltr'>praetura</span> <span class='ocrx_word' id='word_1_11' title='bbox 1549 301 1694 345; x_wconf 86' lang='lat' dir='ltr'>consul</span> 
     </span>
     <span class='ocr_line' id='line_1_3' title="bbox 307 379 1695 431; baseline -0.002 -9"><span class='ocrx_word' id='word_1_12' title='bbox 307 381 442 422; x_wconf 81' lang='lat' dir='ltr'>factus</span> <span class='ocrx_word' id='word_1_13' title='bbox 487 386 621 431; x_wconf 85' lang='lat' dir='ltr'>esset,</span> <span class='ocrx_word' id='word_1_14' title='bbox 666 382 703 422; x_wconf 89' lang='lat' dir='ltr'>si</span> <span class='ocrx_word' id='word_1_15' title='bbox 742 382 944 422; x_wconf 85' lang='lat' dir='ltr'>rationem</span> <span class='ocrx_word' id='word_1_16' title='bbox 985 382 1074 423; x_wconf 91' lang='lat' dir='ltr'>eius</span> <span class='ocrx_word' id='word_1_17' title='bbox 1114 381 1261 423; x_wconf 82' lang='lat' dir='ltr'>haberi</span> <span class='ocrx_word' id='word_1_18' title='bbox 1301 383 1429 424; x_wconf 87' lang='lat' dir='ltr'>licere</span> <span class='ocrx_word' id='word_1_19' title='bbox 1474 379 1695 422; x_wconf 80' lang='lat' dir='ltr'>iudicatum</span> 
     </span>
     <span class='ocr_line' id='line_1_4' title="bbox 309 457 1697 514; baseline -0.001 -14"><span class='ocrx_word' id='word_1_20' title='bbox 309 465 434 500; x_wconf 88' lang='lat' dir='ltr'>esset.</span> <span class='ocrx_word' id='word_1_21' title='bbox 480 471 575 499; x_wconf 85' lang='lat' dir='ltr'>nam</span> <span class='ocrx_word' id='word_1_22' title='bbox 607 464 645 500; x_wconf 90' lang='lat' dir='ltr'>et</span> <span class='ocrx_word' id='word_1_23' title='bbox 675 457 837 514; x_wconf 82' lang='lat' dir='ltr'><strong>plebem</strong></span> <span class='ocrx_word' id='word_1_24' title='bbox 858 458 1024 501; x_wconf 87' lang='lat' dir='ltr'>tenebat</span> <span class='ocrx_word' id='word_1_25' title='bbox 1046 465 1085 500; x_wconf 93' lang='lat' dir='ltr'>et</span> <span class='ocrx_word' id='word_1_26' title='bbox 1106 465 1336 514; x_wconf 81' lang='lat' dir='ltr'>equestrem</span> <span class='ocrx_word' id='word_1_27' title='bbox 1360 459 1543 501; x_wconf 84' lang='lat' dir='ltr'>ordinem</span> <span class='ocrx_word' id='word_1_28' title='bbox 1568 458 1697 499; x_wconf 85' lang='lat' dir='ltr'>hene-</span> 
     </span>
     <span class='ocr_line' id='line_1_5' title="bbox 309 535 1698 593; baseline -0.001 -15"><span class='ocrx_word' id='word_1_29' title='bbox 309 536 403 578; x_wconf 80' lang='lat' dir='ltr'>ficio</span> <span class='ocrx_word' id='word_1_30' title='bbox 434 535 543 589; x_wconf 81' lang='lat' dir='ltr'>legis</span> <span class='ocrx_word' id='word_1_31' title='bbox 575 536 826 578; x_wconf 81' lang='lat' dir='ltr'>devinxerat.</span> <span class='ocrx_word' id='word_1_32' title='bbox 884 538 921 578; x_wconf 89' lang='lat' dir='ltr'>is</span> <span class='ocrx_word' id='word_1_33' title='bbox 951 543 1118 593; x_wconf 86' lang='lat' dir='ltr'>praetor</span> <span class='ocrx_word' id='word_1_34' title='bbox 1147 536 1294 578; x_wconf 89' lang='lat' dir='ltr'>eodem</span> <span class='ocrx_word' id='word_1_35' title='bbox 1324 536 1411 585; x_wconf 87' lang='lat' dir='ltr'>die,</span> <span class='ocrx_word' id='word_1_36' title='bbox 1443 550 1521 591; x_wconf 92' lang='lat' dir='ltr'>quo</span> <span class='ocrx_word' id='word_1_37' title='bbox 1552 535 1698 577; x_wconf 85' lang='lat' dir='ltr'>Satur-</span> 
     </span>
     <span class='ocr_line' id='line_1_6' title="bbox 308 612 1696 670; baseline -0.001 -15"><span class='ocrx_word' id='word_1_38' title='bbox 308 617 430 655; x_wconf 91' lang='lat' dir='ltr'>ninus</span> <span class='ocrx_word' id='word_1_39' title='bbox 460 613 645 655; x_wconf 88' lang='lat' dir='ltr'>tribunus</span> <span class='ocrx_word' id='word_1_40' title='bbox 675 614 832 670; x_wconf 88' lang='lat' dir='ltr'>plebis,</span> <span class='ocrx_word' id='word_1_41' title='bbox 861 613 1000 656; x_wconf 89' lang='lat' dir='ltr'>Mario</span> <span class='ocrx_word' id='word_1_42' title='bbox 1026 621 1065 656; x_wconf 91' lang='lat' dir='ltr'>et</span> <span class='ocrx_word' id='word_1_43' title='bbox 1088 612 1240 656; x_wconf 82' lang='lat' dir='ltr'>Flacco</span> <span class='ocrx_word' id='word_1_44' title='bbox 1271 612 1510 656; x_wconf 87' lang='lat' dir='ltr'>consulibus</span> <span class='ocrx_word' id='word_1_45' title='bbox 1533 613 1696 668; x_wconf 87' lang='lat' dir='ltr'>publice</span> 
     </span>
     <span class='ocr_line' id='line_1_7' title="bbox 311 681 1697 745; baseline -0.002 -12"><span class='ocrx_word' id='word_1_46' title='bbox 311 698 374 734; x_wconf 85' lang='lat' dir='ltr'>est</span> <span class='ocrx_word' id='word_1_47' title='bbox 414 691 672 734; x_wconf 85' lang='lat' dir='ltr'>interfectus:</span> <span class='ocrx_word' id='word_1_48' title='bbox 713 691 834 734; x_wconf 90' lang='lat' dir='ltr'>homo</span> <span class='ocrx_word' id='word_1_49' title='bbox 878 692 1123 735; x_wconf 88' lang='lat' dir='ltr'>simillumus</span> <span class='ocrx_word' id='word_1_50' title='bbox 1156 691 1426 734; x_wconf 76' lang='lat' dir='ltr'>Atheniensis</span> <span class='ocrx_word' id='word_1_51' title='bbox 1458 681 1697 745; x_wconf 45' lang='lat' dir='ltr'>Hyperboliss</span> 
     </span>
     <span class='ocr_line' id='line_1_8' title="bbox 310 769 1699 826; baseline -0.002 -14"><span class='ocrx_word' id='word_1_52' title='bbox 310 771 427 812; x_wconf 90' lang='lat' dir='ltr'>cuius</span> <span class='ocrx_word' id='word_1_53' title='bbox 468 770 769 826; x_wconf 81' lang='lat' dir='ltr'>improbitatem</span> <span class='ocrx_word' id='word_1_54' title='bbox 808 777 970 812; x_wconf 86' lang='lat' dir='ltr'>veteres</span> <span class='ocrx_word' id='word_1_55' title='bbox 1000 770 1228 812; x_wconf 90' lang='lat' dir='ltr'>Atticorum</span> <span class='ocrx_word' id='word_1_56' title='bbox 1258 769 1499 812; x_wconf 86' lang='lat' dir='ltr'>comoediae</span> <span class='ocrx_word' id='word_1_57' title='bbox 1528 774 1699 810; x_wconf 82' lang='lat' dir='ltr'>notave-</span> 
     </span>
     <span class='ocr_line' id='line_1_9' title="bbox 309 845 1699 900; baseline -0.002 -11"><span class='ocrx_word' id='word_1_58' title='bbox 309 854 413 890; x_wconf 90' lang='lat' dir='ltr'>runt.</span> <span class='ocrx_word' id='word_1_59' title='bbox 473 848 570 890; x_wconf 83' lang='lat'><strong>225.</strong></span> <span class='ocrx_word' id='word_1_60' title='bbox 610 847 724 899; x_wconf 88' lang='lat' dir='ltr'>Quos</span> <span class='ocrx_word' id='word_1_61' title='bbox 763 846 860 890; x_wconf 86' lang='lat' dir='ltr'>Sex.</span> <span class='ocrx_word' id='word_1_62' title='bbox 899 847 1035 890; x_wconf 89' lang='lat' dir='ltr'>Titius</span> <span class='ocrx_word' id='word_1_63' title='bbox 1075 854 1340 897; x_wconf 85' lang='lat' dir='ltr'>consecutus,</span> <span class='ocrx_word' id='word_1_64' title='bbox 1387 846 1509 889; x_wconf 90' lang='lat' dir='ltr'>homo</span> <span class='ocrx_word' id='word_1_65' title='bbox 1546 845 1699 900; x_wconf 84' lang='lat' dir='ltr'>loquax</span> 
     </span>
     <span class='ocr_line' id='line_1_10' title="bbox 315 924 1699 978; baseline -0.002 -11"><span class='ocrx_word' id='word_1_66' title='bbox 315 938 417 968; x_wconf 86' lang='lat' dir='ltr'>sane</span> <span class='ocrx_word' id='word_1_67' title='bbox 450 932 489 967; x_wconf 88' lang='lat' dir='ltr'>et</span> <span class='ocrx_word' id='word_1_68' title='bbox 521 929 623 967; x_wconf 85' lang='lat' dir='ltr'>satis</span> <span class='ocrx_word' id='word_1_69' title='bbox 656 932 819 976; x_wconf 80' lang='lat' dir='ltr'>acutus,</span> <span class='ocrx_word' id='word_1_70' title='bbox 850 926 924 968; x_wconf 90' lang='lat' dir='ltr'>sed</span> <span class='ocrx_word' id='word_1_71' title='bbox 957 933 1041 968; x_wconf 85' lang='lat' dir='ltr'>tam</span> <span class='ocrx_word' id='word_1_72' title='bbox 1072 926 1230 968; x_wconf 88' lang='lat' dir='ltr'>solutus</span> <span class='ocrx_word' id='word_1_73' title='bbox 1261 933 1300 968; x_wconf 93' lang='lat' dir='ltr'>et</span> <span class='ocrx_word' id='word_1_74' title='bbox 1328 924 1466 966; x_wconf 89' lang='lat' dir='ltr'>mollis</span> <span class='ocrx_word' id='word_1_75' title='bbox 1496 925 1539 965; x_wconf 91' lang='lat' dir='ltr'>in</span> <span class='ocrx_word' id='word_1_76' title='bbox 1566 929 1699 978; x_wconf 83' lang='lat' dir='ltr'>gestu,</span> 
     </span>
     <span class='ocr_line' id='line_1_11' title="bbox 310 1001 1700 1059; baseline -0.003 -14"><span class='ocrx_word' id='word_1_77' title='bbox 310 1010 353 1045; x_wconf 92' lang='lat' dir='ltr'>ut</span> <span class='ocrx_word' id='word_1_78' title='bbox 378 1003 545 1046; x_wconf 84' lang='lat' dir='ltr'>saltatio</span> <span class='ocrx_word' id='word_1_79' title='bbox 569 1004 773 1059; x_wconf 79' lang='lat' dir='ltr'>quaedam</span> <span class='ocrx_word' id='word_1_80' title='bbox 793 1010 1046 1054; x_wconf 78' lang='lat' dir='ltr'>nasceretur,</span> <span class='ocrx_word' id='word_1_81' title='bbox 1073 1005 1137 1045; x_wconf 87' lang='lat' dir='ltr'>cui</span> <span class='ocrx_word' id='word_1_82' title='bbox 1162 1004 1374 1045; x_wconf 81' lang='lat' dir='ltr'>saltationi</span> <span class='ocrx_word' id='word_1_83' title='bbox 1397 1001 1531 1044; x_wconf 86' lang='lat' dir='ltr'>Titius</span> <span class='ocrx_word' id='word_1_84' title='bbox 1551 1013 1700 1043; x_wconf 85' lang='lat' dir='ltr'>nomen</span> 
     </span>
     <span class='ocr_line' id='line_1_12' title="bbox 312 1078 1699 1137; baseline -0.001 -15"><span class='ocrx_word' id='word_1_85' title='bbox 312 1088 437 1123; x_wconf 89' lang='lat' dir='ltr'>esset.</span> <span class='ocrx_word' id='word_1_86' title='bbox 494 1082 553 1122; x_wconf 83' lang='lat' dir='ltr'>ita</span> <span class='ocrx_word' id='word_1_87' title='bbox 591 1082 818 1123; x_wconf 85' lang='lat' dir='ltr'>cavendum</span> <span class='ocrx_word' id='word_1_88' title='bbox 855 1088 939 1129; x_wconf 87' lang='lat' dir='ltr'>est,</span> <span class='ocrx_word' id='word_1_89' title='bbox 975 1095 1026 1123; x_wconf 92' lang='lat' dir='ltr'>ne</span> <span class='ocrx_word' id='word_1_90' title='bbox 1064 1082 1161 1137; x_wconf 87' lang='lat' dir='ltr'>quid</span> <span class='ocrx_word' id='word_1_91' title='bbox 1195 1083 1238 1123; x_wconf 91' lang='lat' dir='ltr'>in</span> <span class='ocrx_word' id='word_1_92' title='bbox 1279 1080 1440 1136; x_wconf 85' lang='lat' dir='ltr'>agendo</span> <span class='ocrx_word' id='word_1_93' title='bbox 1473 1078 1699 1122; x_wconf 83' lang='lat' dir='ltr'>dicendove</span> 
     </span>
     <span class='ocr_line' id='line_1_13' title="bbox 312 1158 1054 1208; baseline -0.001 -8"><span class='ocrx_word' id='word_1_94' title='bbox 312 1158 448 1200; x_wconf 84' lang='lat' dir='ltr'>facias</span> <span class='ocrx_word' id='word_1_95' title='bbox 466 1191 476 1208; x_wconf 90' lang='lat'>,</span> <span class='ocrx_word' id='word_1_96' title='bbox 508 1159 624 1200; x_wconf 85' lang='lat' dir='ltr'>cuius</span> <span class='ocrx_word' id='word_1_97' title='bbox 655 1159 828 1200; x_wconf 83' lang='lat' dir='ltr'>imitatio</span> <span class='ocrx_word' id='word_1_98' title='bbox 858 1158 1054 1200; x_wconf 84' lang='lat' dir='ltr'>rideatur.</span> 
     </span>
    </p>

    <p class='ocr_par' dir='ltr' id='par_1_3' title="bbox 311 1227 1703 1837">
     <span class='ocr_line' id='line_1_14' title="bbox 323 1227 1700 1291; baseline -0.001 -14"><span class='ocrx_word' id='word_1_99' title='bbox 323 1227 333 1229; x_wconf 38' lang='lat'>&#39;⁷</span> <span class='ocrx_word' id='word_1_100' title='bbox 424 1234 576 1277; x_wconf 81' lang='lat' dir='ltr'>LXIII.</span> <span class='ocrx_word' id='word_1_101' title='bbox 622 1233 708 1277; x_wconf 87' lang='lat' dir='ltr'>Sed</span> <span class='ocrx_word' id='word_1_102' title='bbox 754 1235 807 1276; x_wconf 85' lang='lat' dir='ltr'>ad</span> <span class='ocrx_word' id='word_1_103' title='bbox 850 1235 974 1291; x_wconf 85' lang='lat' dir='ltr'>paulo</span> <span class='ocrx_word' id='word_1_104' title='bbox 1021 1236 1276 1291; x_wconf 88' lang='lat' dir='ltr'>superiorem</span> <span class='ocrx_word' id='word_1_105' title='bbox 1324 1240 1501 1276; x_wconf 88' lang='lat' dir='ltr'>aetatem</span> <span class='ocrx_word' id='word_1_106' title='bbox 1542 1235 1700 1277; x_wconf 84' lang='lat' dir='ltr'>revecti</span> 
     </span>
     <span class='ocr_line' id='line_1_15' title="bbox 314 1311 1701 1368; baseline -0.001 -14"><span class='ocrx_word' id='word_1_107' title='bbox 314 1326 476 1355; x_wconf 88' lang='lat' dir='ltr'>sumus:</span> <span class='ocrx_word' id='word_1_108' title='bbox 509 1326 617 1356; x_wconf 89' lang='lat' dir='ltr'>nunc</span> <span class='ocrx_word' id='word_1_109' title='bbox 655 1313 709 1354; x_wconf 88' lang='lat' dir='ltr'>ad</span> <span class='ocrx_word' id='word_1_110' title='bbox 747 1326 858 1363; x_wconf 85' lang='lat' dir='ltr'>earn,</span> <span class='ocrx_word' id='word_1_111' title='bbox 899 1313 949 1354; x_wconf 90' lang='lat' dir='ltr'>de</span> <span class='ocrx_word' id='word_1_112' title='bbox 988 1326 1069 1368; x_wconf 87' lang='grc'>(11111</span> <span class='ocrx_word' id='word_1_113' title='bbox 1101 1313 1354 1368; x_wconf 84' lang='grc'>1111(1111111111111</span> <span class='ocrx_word' id='word_1_114' title='bbox 1393 1325 1531 1354; x_wconf 89' lang='lat' dir='ltr'>sumus</span> <span class='ocrx_word' id='word_1_115' title='bbox 1561 1311 1701 1361; x_wconf 85' lang='grc'>1001111,</span> 
     </span>
     <span class='ocr_line' id='line_1_16' title="bbox 311 1388 1703 1446; baseline -0.002 -14"><span class='ocrx_word' id='word_1_116' title='bbox 311 1397 578 1433; x_wconf 86' lang='lat' dir='ltr'>revertamur.</span> <span class='ocrx_word' id='word_1_117' title='bbox 636 1391 733 1433; x_wconf 80' lang='lat'><strong>226.</strong></span> <span class='ocrx_word' id='word_1_118' title='bbox 766 1389 1016 1433; x_wconf 85' lang='lat' dir='ltr'>Coniunctus</span> <span class='ocrx_word' id='word_1_119' title='bbox 1046 1392 1172 1445; x_wconf 84' lang='lat' dir='ltr'>igitur</span> <span class='ocrx_word' id='word_1_120' title='bbox 1202 1389 1362 1446; x_wconf 87' lang='lat' dir='ltr'>Sulpici</span> <span class='ocrx_word' id='word_1_121' title='bbox 1392 1392 1517 1432; x_wconf 86' lang='lat' dir='ltr'>aetati</span> <span class='ocrx_word' id='word_1_122' title='bbox 1546 1388 1591 1431; x_wconf 92' lang='lat' dir='ltr'>P.</span> <span class='ocrx_word' id='word_1_123' title='bbox 1613 1389 1703 1430; x_wconf 88' lang='lat' dir='ltr'>An-</span> 
     </span>
     <span class='ocr_line' id='line_1_17' title="bbox 314 1468 1702 1525; baseline -0.001 -15"><span class='ocrx_word' id='word_1_124' title='bbox 314 1470 450 1511; x_wconf 86' lang='lat' dir='ltr'>tistius</span> <span class='ocrx_word' id='word_1_125' title='bbox 481 1470 576 1519; x_wconf 78' lang='lat' dir='ltr'>fuit,</span> <span class='ocrx_word' id='word_1_126' title='bbox 614 1469 765 1511; x_wconf 83' lang='lat' dir='ltr'>rabula</span> <span class='ocrx_word' id='word_1_127' title='bbox 794 1482 896 1511; x_wconf 86' lang='lat' dir='ltr'>sane</span> <span class='ocrx_word' id='word_1_128' title='bbox 928 1469 1182 1525; x_wconf 88' lang='lat' dir='ltr'>probabilis,</span> <span class='ocrx_word' id='word_1_129' title='bbox 1222 1470 1310 1524; x_wconf 91' lang='grc'>(1111,</span> <span class='ocrx_word' id='word_1_130' title='bbox 1340 1468 1489 1510; x_wconf 89' lang='lat' dir='ltr'>multos</span> <span class='ocrx_word' id='word_1_131' title='bbox 1520 1481 1610 1510; x_wconf 91' lang='lat' dir='ltr'>cum</span> <span class='ocrx_word' id='word_1_132' title='bbox 1639 1474 1702 1509; x_wconf 88' lang='lat' dir='ltr'>ta-</span> 
     </span>
     <span class='ocr_line' id='line_1_18' title="bbox 313 1547 1702 1603; baseline -0.002 -14"><span class='ocrx_word' id='word_1_133' title='bbox 313 1548 469 1589; x_wconf 89' lang='lat' dir='ltr'>cuisset</span> <span class='ocrx_word' id='word_1_134' title='bbox 510 1560 641 1590; x_wconf 83' lang='lat' dir='ltr'>annos</span> <span class='ocrx_word' id='word_1_135' title='bbox 674 1561 807 1603; x_wconf 88' lang='lat' dir='ltr'>neque</span> <span class='ocrx_word' id='word_1_136' title='bbox 849 1549 1054 1590; x_wconf 87' lang='lat' dir='ltr'>contemni</span> <span class='ocrx_word' id='word_1_137' title='bbox 1084 1547 1236 1597; x_wconf 90' lang='lat' dir='ltr'>solum,</span> <span class='ocrx_word' id='word_1_138' title='bbox 1273 1547 1347 1589; x_wconf 89' lang='lat' dir='ltr'>sed</span> <span class='ocrx_word' id='word_1_139' title='bbox 1383 1547 1547 1588; x_wconf 87' lang='lat' dir='ltr'>irrideri</span> <span class='ocrx_word' id='word_1_140' title='bbox 1578 1547 1702 1587; x_wconf 86' lang='lat' dir='ltr'>etiam</span> 
     </span>
     <span class='ocr_line' id='line_1_19' title="bbox 312 1623 1702 1681; baseline -0.001 -14"><span class='ocrx_word' id='word_1_141' title='bbox 312 1625 460 1667; x_wconf 86' lang='lat' dir='ltr'>solitus</span> <span class='ocrx_word' id='word_1_142' title='bbox 486 1632 610 1676; x_wconf 88' lang='lat' dir='ltr'>esset,</span> <span class='ocrx_word' id='word_1_143' title='bbox 633 1627 675 1667; x_wconf 90' lang='lat' dir='ltr'>in</span> <span class='ocrx_word' id='word_1_144' title='bbox 702 1625 908 1667; x_wconf 85' lang='lat' dir='ltr'>tribunatu</span> <span class='ocrx_word' id='word_1_145' title='bbox 928 1628 1099 1681; x_wconf 89' lang='lat' dir='ltr'>primum</span> <span class='ocrx_word' id='word_1_146' title='bbox 1125 1631 1270 1667; x_wconf 87' lang='lat' dir='ltr'>contra</span> <span class='ocrx_word' id='word_1_147' title='bbox 1298 1624 1342 1665; x_wconf 86' lang='lat' dir='ltr'>C.</span> <span class='ocrx_word' id='word_1_148' title='bbox 1362 1623 1440 1666; x_wconf 91' lang='lat' dir='ltr'>Iuli</span> <span class='ocrx_word' id='word_1_149' title='bbox 1463 1624 1579 1666; x_wconf 90' lang='lat' dir='ltr'>illam</span> <span class='ocrx_word' id='word_1_150' title='bbox 1604 1637 1702 1666; x_wconf 88' lang='grc'>0011-</span> 
     </span>
     <span class='ocr_line' id='line_1_20' title="bbox 313 1703 1702 1759; baseline -0.001 -16"><span class='ocrx_word' id='word_1_151' title='bbox 313 1704 472 1744; x_wconf 83' lang='lat' dir='ltr'>sulatus</span> <span class='ocrx_word' id='word_1_152' title='bbox 512 1705 748 1759; x_wconf 88' lang='lat' dir='ltr'>petitionem</span> <span class='ocrx_word' id='word_1_153' title='bbox 787 1703 1159 1745; x_wconf 84' lang='lat' dir='ltr'>extraordinariam</span> <span class='ocrx_word' id='word_1_154' title='bbox 1194 1716 1335 1745; x_wconf 85' lang='lat' dir='ltr'>veram</span> <span class='ocrx_word' id='word_1_155' title='bbox 1373 1715 1544 1745; x_wconf 85' lang='lat' dir='ltr'>causam</span> <span class='ocrx_word' id='word_1_156' title='bbox 1572 1714 1702 1756; x_wconf 79' lang='lat' dir='ltr'>agens</span> 
     </span>
     <span class='ocr_line' id='line_1_21' title="bbox 314 1780 1702 1837; baseline -0.001 -15"><span class='ocrx_word' id='word_1_157' title='bbox 314 1786 377 1822; x_wconf 87' lang='lat' dir='ltr'>est</span> <span class='ocrx_word' id='word_1_158' title='bbox 414 1780 634 1836; x_wconf 84' lang='lat' dir='ltr'>probatus:</span> <span class='ocrx_word' id='word_1_159' title='bbox 671 1787 711 1823; x_wconf 90' lang='lat' dir='ltr'>et</span> <span class='ocrx_word' id='word_1_160' title='bbox 748 1794 798 1823; x_wconf 84' lang='lat' dir='ltr'>eo</span> <span class='ocrx_word' id='word_1_161' title='bbox 839 1783 995 1834; x_wconf 82' lang='lat' dir='ltr'>magis,</span> <span class='ocrx_word' id='word_1_162' title='bbox 1036 1781 1165 1837; x_wconf 88' lang='lat' dir='ltr'>quod,</span> <span class='ocrx_word' id='word_1_163' title='bbox 1207 1781 1381 1823; x_wconf 83' lang='lat' dir='ltr'>eandem</span> <span class='ocrx_word' id='word_1_164' title='bbox 1411 1793 1581 1823; x_wconf 85' lang='lat' dir='ltr'>causam</span> <span class='ocrx_word' id='word_1_165' title='bbox 1611 1793 1702 1822; x_wconf 86' lang='grc'>011111</span> 
     </span>
    </p>
   </div>
   <div class='ocr_carea' id='block_1_3' title="bbox 398 1901 965 1937">
    <p class='ocr_par' dir='ltr' id='par_1_4' title="bbox 398 1901 965 1937">
     <span class='ocr_line' id='line_1_22' title="bbox 398 1901 965 1937; baseline 0.004 -10"><span class='ocrx_word' id='word_1_166' title='bbox 398 1902 457 1928; x_wconf 83' lang='grc'>225.</span> <span class='ocrx_word' id='word_1_167' title='bbox 495 1909 594 1928; x_wconf 63' lang='lat' dir='ltr'>:unius</span> <span class='ocrx_word' id='word_1_168' title='bbox 614 1901 723 1937; x_wconf 80' lang='lat' dir='ltr'>locuti]</span> <span class='ocrx_word' id='word_1_169' title='bbox 745 1902 834 1928; x_wconf 79' lang='lat' dir='ltr'>locuti</span> <span class='ocrx_word' id='word_1_170' title='bbox 853 1909 965 1929; x_wconf 77' lang='lat' dir='ltr'>sumus·</span> 
     </span>
    </p>
   </div>
   <div class='ocr_carea' id='block_1_4' title="bbox 314 1979 1701 2081">
    <p class='ocr_par' dir='ltr' id='par_1_5' title="bbox 314 1979 1701 2081">
     <span class='ocr_line' id='line_1_23' title="bbox 315 1979 1701 2027; baseline 0.001 -14"><span class='ocrx_word' id='word_1_171' title='bbox 315 1990 402 2014; x_wconf 79' lang='lat' dir='ltr'>cum</span> <span class='ocrx_word' id='word_1_172' title='bbox 424 1981 658 2026; x_wconf 75' lang='lat' dir='ltr'>primisque]</span> <span class='ocrx_word' id='word_1_173' title='bbox 691 1992 783 2015; x_wconf 83' lang='lat' dir='ltr'>eum</span> <span class='ocrx_word' id='word_1_174' title='bbox 806 1982 967 2027; x_wconf 79' lang='lat' dir='ltr'>primus</span> <span class='ocrx_word' id='word_1_175' title='bbox 999 1979 1067 2015; x_wconf 89' lang='lat' dir='ltr'>Gu.</span> <span class='ocrx_word' id='word_1_176' title='bbox 1092 1981 1122 2014; x_wconf 92' lang='lat' dir='ltr'>l.</span> <span class='ocrx_word' id='word_1_177' title='bbox 1172 1981 1212 2015; x_wconf 83' lang='lat' dir='ltr'>in</span> <span class='ocrx_word' id='word_1_178' title='bbox 1231 1981 1453 2026; x_wconf 76' lang='lat' dir='ltr'>primisque</span> <span class='ocrx_word' id='word_1_179' title='bbox 1484 1979 1551 2025; x_wconf 81' lang='lat' dir='ltr'>Lg.</span> <span class='ocrx_word' id='word_1_180' title='bbox 1574 1979 1630 2015; x_wconf 89' lang='grc'>20.</span> <span class='ocrx_word' id='word_1_181' title='bbox 1656 1998 1701 2004; x_wconf 84' lang='grc'>-</span> 
     </span>
     <span class='ocr_line' id='line_1_24' title="bbox 314 2036 983 2081; baseline -0.001 -10"><span class='ocrx_word' id='word_1_182' title='bbox 314 2036 551 2080; x_wconf 79' lang='lat' dir='ltr'>Atticorum]</span> <span class='ocrx_word' id='word_1_183' title='bbox 579 2039 835 2081; x_wconf 82' lang='lat' dir='ltr'>antiquorum</span> <span class='ocrx_word' id='word_1_184' title='bbox 858 2037 925 2071; x_wconf 89' lang='lat' dir='ltr'>Gu.</span> <span class='ocrx_word' id='word_1_185' title='bbox 952 2038 983 2071; x_wconf 91' lang='lat' dir='ltr'>l.</span> 
     </span>
    </p>
   </div>
   <div class='ocr_carea' id='block_1_5' title="bbox 404 2102 1646 2148">
    <p class='ocr_par' dir='ltr' id='par_1_6' title="bbox 404 2102 1646 2148">
     <span class='ocr_line' id='line_1_25' title="bbox 404 2102 1646 2148; baseline 0 -11"><span class='ocrx_word' id='word_1_186' title='bbox 404 2102 484 2137; x_wconf 87' lang='grc'>225,</span> <span class='ocrx_word' id='word_1_187' title='bbox 535 2103 631 2146; x_wconf 75' lang='lat' dir='ltr'>tam]</span> <span class='ocrx_word' id='word_1_188' title='bbox 661 2107 792 2137; x_wconf 81' lang='lat' dir='ltr'>tamen</span> <span class='ocrx_word' id='word_1_189' title='bbox 819 2102 875 2138; x_wconf 88' lang='lat' dir='ltr'>ed.</span> <span class='ocrx_word' id='word_1_190' title='bbox 900 2113 955 2148; x_wconf 82' lang='lat' dir='ltr'>pr.</span> <span class='ocrx_word' id='word_1_191' title='bbox 982 2122 1022 2127; x_wconf 94' lang='lat'><strong>—</strong></span> <span class='ocrx_word' id='word_1_192' title='bbox 1060 2112 1203 2136; x_wconf 79' lang='lat' dir='ltr'>nomen</span> <span class='ocrx_word' id='word_1_193' title='bbox 1228 2103 1341 2146; x_wconf 78' lang='lat' dir='ltr'>esset]</span> <span class='ocrx_word' id='word_1_194' title='bbox 1368 2113 1405 2137; x_wconf 80' lang='lat' dir='ltr'>n.</span> <span class='ocrx_word' id='word_1_195' title='bbox 1430 2107 1487 2137; x_wconf 77' lang='lat' dir='ltr'>est</span> <span class='ocrx_word' id='word_1_196' title='bbox 1514 2103 1570 2137; x_wconf 88' lang='lat' dir='ltr'>ed.</span> <span class='ocrx_word' id='word_1_197' title='bbox 1594 2114 1646 2148; x_wconf 86' lang='lat' dir='ltr'>pr.</span> 
     </span>
    </p>
   </div>
   <div class='ocr_carea' id='block_1_6' title="bbox 405 2179 1702 2227">
    <p class='ocr_par' dir='ltr' id='par_1_7' title="bbox 405 2179 1702 2227">
     <span class='ocr_line' id='line_1_26' title="bbox 405 2179 1702 2227; baseline 0.002 -13"><span class='ocrx_word' id='word_1_198' title='bbox 405 2179 535 2216; x_wconf 86' lang='lat' dir='ltr'>LXIII.</span> <span class='ocrx_word' id='word_1_199' title='bbox 583 2181 746 2224; x_wconf 80' lang='lat' dir='ltr'>revecti]</span> <span class='ocrx_word' id='word_1_200' title='bbox 771 2183 909 2216; x_wconf 78' lang='lat' dir='ltr'>reiecti</span> <span class='ocrx_word' id='word_1_201' title='bbox 931 2181 986 2215; x_wconf 89' lang='lat' dir='ltr'>ed.</span> <span class='ocrx_word' id='word_1_202' title='bbox 1006 2191 1060 2226; x_wconf 89' lang='lat' dir='ltr'>pr.</span> <span class='ocrx_word' id='word_1_203' title='bbox 1078 2200 1123 2205; x_wconf 90' lang='lat'>—</span> <span class='ocrx_word' id='word_1_204' title='bbox 1147 2192 1283 2215; x_wconf 78' lang='lat' dir='ltr'>sumus</span> <span class='ocrx_word' id='word_1_205' title='bbox 1305 2180 1440 2225; x_wconf 79' lang='lat' dir='ltr'>locuti]</span> <span class='ocrx_word' id='word_1_206' title='bbox 1464 2182 1515 2215; x_wconf 87' lang='lat' dir='ltr'>sic</span> <span class='ocrx_word' id='word_1_207' title='bbox 1529 2182 1702 2227; x_wconf 84' lang='lat' dir='ltr'>Meyerus</span> 
     </span>
    </p>
   </div>
   <div class='ocr_carea' id='block_1_7' title="bbox 314 2236 1701 2329">
    <p class='ocr_par' dir='ltr' id='par_1_8' title="bbox 314 2236 1701 2329">
     <span class='ocr_line' id='line_1_27' title="bbox 314 2236 1701 2283; baseline 0.003 -13"><span class='ocrx_word' id='word_1_208' title='bbox 314 2247 360 2271; x_wconf 82' lang='lat' dir='ltr'>ex</span> <span class='ocrx_word' id='word_1_209' title='bbox 386 2236 441 2271; x_wconf 86' lang='lat' dir='ltr'>ed.</span> <span class='ocrx_word' id='word_1_210' title='bbox 466 2248 540 2282; x_wconf 87' lang='lat' dir='ltr'>pr.;</span> <span class='ocrx_word' id='word_1_211' title='bbox 568 2237 742 2272; x_wconf 86' lang='lat' dir='ltr'>accedunt</span> <span class='ocrx_word' id='word_1_212' title='bbox 766 2249 858 2272; x_wconf 89' lang='lat' dir='ltr'>nunc</span> <span class='ocrx_word' id='word_1_213' title='bbox 883 2237 950 2283; x_wconf 82' lang='lat' dir='ltr'>Lg.</span> <span class='ocrx_word' id='word_1_214' title='bbox 968 2237 1001 2273; x_wconf 83' lang='lat'>8.</span> <span class='ocrx_word' id='word_1_215' title='bbox 1029 2248 1154 2272; x_wconf 87' lang='lat' dir='ltr'>omnes</span> <span class='ocrx_word' id='word_1_216' title='bbox 1180 2242 1328 2283; x_wconf 83' lang='lat' dir='ltr'>praeter</span> <span class='ocrx_word' id='word_1_217' title='bbox 1345 2237 1420 2280; x_wconf 86' lang='lat'><strong>53.,</strong></span> <span class='ocrx_word' id='word_1_218' title='bbox 1445 2237 1530 2272; x_wconf 88' lang='lat' dir='ltr'>item</span> <span class='ocrx_word' id='word_1_219' title='bbox 1556 2237 1648 2273; x_wconf 90' lang='lat' dir='ltr'>Ven.</span> <span class='ocrx_word' id='word_1_220' title='bbox 1670 2240 1701 2274; x_wconf 93' lang='lat' dir='ltr'>l.</span> 
     </span>
     <span class='ocr_line' id='line_1_28' title="bbox 314 2292 439 2329; baseline 0.008 -2"><span class='ocrx_word' id='word_1_221' title='bbox 314 2292 382 2328; x_wconf 90' lang='lat' dir='ltr'>Gu.</span> <span class='ocrx_word' id='word_1_222' title='bbox 411 2294 439 2329; x_wconf 89' lang='lat'>1.</span> 
     </span>
    </p>
   </div>
   <div class='ocr_carea' id='block_1_8' title="bbox 269 2359 1701 2575">
    <p class='ocr_par' dir='ltr' id='par_1_9' title="bbox 269 2359 1701 2575">
     <span class='ocr_line' id='line_1_29' title="bbox 407 2359 1701 2408; baseline 0.002 -14"><span class='ocrx_word' id='word_1_223' title='bbox 407 2360 485 2394; x_wconf 85' lang='grc'>226.</span> <span class='ocrx_word' id='word_1_224' title='bbox 535 2359 707 2408; x_wconf 76' lang='lat' dir='ltr'>Sulpici]</span> <span class='ocrx_word' id='word_1_225' title='bbox 732 2362 783 2395; x_wconf 90' lang='grc'>310</span> <span class='ocrx_word' id='word_1_226' title='bbox 806 2360 872 2407; x_wconf 85' lang='lat' dir='ltr'>Lg.</span> <span class='ocrx_word' id='word_1_227' title='bbox 892 2361 925 2395; x_wconf 83' lang='lat'>8.</span> <span class='ocrx_word' id='word_1_228' title='bbox 949 2360 1004 2394; x_wconf 88' lang='grc'>35.</span> <span class='ocrx_word' id='word_1_229' title='bbox 1030 2360 1084 2397; x_wconf 87' lang='grc'>39.</span> <span class='ocrx_word' id='word_1_230' title='bbox 1109 2360 1165 2395; x_wconf 85' lang='lat'>53.</span> <span class='ocrx_word' id='word_1_231' title='bbox 1189 2361 1244 2396; x_wconf 88' lang='grc'>58.</span> <span class='ocrx_word' id='word_1_232' title='bbox 1269 2360 1323 2395; x_wconf 89' lang='grc'>70.</span> <span class='ocrx_word' id='word_1_233' title='bbox 1357 2361 1451 2396; x_wconf 87' lang='lat' dir='ltr'>Ven.</span> <span class='ocrx_word' id='word_1_234' title='bbox 1475 2362 1503 2396; x_wconf 92' lang='lat' dir='ltr'>l.</span> <span class='ocrx_word' id='word_1_235' title='bbox 1527 2380 1572 2386; x_wconf 92' lang='lat'>-—</span> <span class='ocrx_word' id='word_1_236' title='bbox 1603 2361 1701 2406; x_wconf 75' lang='lat' dir='ltr'>fuit]</span> 
     </span>
     <span class='ocr_line' id='line_1_30' title="bbox 315 2415 1701 2462; baseline 0.001 -13"><span class='ocrx_word' id='word_1_237' title='bbox 315 2427 385 2450; x_wconf 90' lang='lat' dir='ltr'>om.</span> <span class='ocrx_word' id='word_1_238' title='bbox 413 2415 479 2450; x_wconf 88' lang='lat' dir='ltr'>Gn.</span> <span class='ocrx_word' id='word_1_239' title='bbox 502 2418 532 2452; x_wconf 91' lang='lat' dir='ltr'>I.</span> <span class='ocrx_word' id='word_1_240' title='bbox 557 2436 603 2445; x_wconf 76' lang='lat'>›—</span> <span class='ocrx_word' id='word_1_241' title='bbox 641 2417 679 2452; x_wconf 81' lang='lat' dir='ltr'>C.</span> <span class='ocrx_word' id='word_1_242' title='bbox 707 2417 804 2461; x_wconf 86' lang='lat' dir='ltr'>Iuli]</span> <span class='ocrx_word' id='word_1_243' title='bbox 832 2418 884 2452; x_wconf 90' lang='grc'>310</span> <span class='ocrx_word' id='word_1_244' title='bbox 907 2416 973 2462; x_wconf 86' lang='lat' dir='ltr'>Lg.</span> <span class='ocrx_word' id='word_1_245' title='bbox 994 2416 1027 2449; x_wconf 87' lang='grc'>8.</span> <span class='ocrx_word' id='word_1_246' title='bbox 1043 2417 1099 2452; x_wconf 88' lang='grc'>35.</span> <span class='ocrx_word' id='word_1_247' title='bbox 1116 2417 1171 2451; x_wconf 85' lang='grc'>39.</span> <span class='ocrx_word' id='word_1_248' title='bbox 1196 2417 1251 2451; x_wconf 88' lang='grc'>51.</span> <span class='ocrx_word' id='word_1_249' title='bbox 1271 2417 1324 2451; x_wconf 89' lang='lat'>53.</span> <span class='ocrx_word' id='word_1_250' title='bbox 1345 2416 1399 2452; x_wconf 83' lang='lat'>58.</span> <span class='ocrx_word' id='word_1_251' title='bbox 1425 2418 1477 2453; x_wconf 88' lang='grc'>70.</span> <span class='ocrx_word' id='word_1_252' title='bbox 1512 2417 1602 2451; x_wconf 88' lang='lat' dir='ltr'>Ven.</span> <span class='ocrx_word' id='word_1_253' title='bbox 1625 2419 1652 2452; x_wconf 89' lang='lat' dir='ltr'>I.</span> <span class='ocrx_word' id='word_1_254' title='bbox 1668 2418 1701 2451; x_wconf 90' lang='grc'>2.</span> 
     </span>
     <span class='ocr_line' id='line_1_31' title="bbox 269 2471 1701 2524; baseline 0.001 -20"><span class='ocrx_word' id='word_1_255' title='bbox 269 2517 274 2524; x_wconf 68' lang='lat'><strong>.</strong></span> <span class='ocrx_word' id='word_1_256' title='bbox 314 2471 397 2506; x_wconf 81' lang='lat' dir='ltr'>Vat.</span> <span class='ocrx_word' id='word_1_257' title='bbox 447 2471 523 2506; x_wconf 89' lang='lat' dir='ltr'>Pro</span> <span class='ocrx_word' id='word_1_258' title='bbox 552 2472 589 2508; x_wconf 86' lang='lat' dir='ltr'>C.</span> <span class='ocrx_word' id='word_1_259' title='bbox 618 2473 699 2508; x_wconf 81' lang='lat' dir='ltr'>Iuli</span> <span class='ocrx_word' id='word_1_260' title='bbox 722 2474 835 2508; x_wconf 86' lang='lat' dir='ltr'>illam</span> <span class='ocrx_word' id='word_1_261' title='bbox 861 2472 986 2508; x_wconf 87' lang='lat' dir='ltr'>ottob.</span> <span class='ocrx_word' id='word_1_262' title='bbox 1016 2472 1054 2507; x_wconf 83' lang='lat' dir='ltr'>C.</span> <span class='ocrx_word' id='word_1_263' title='bbox 1081 2472 1286 2514; x_wconf 74' lang='lat' dir='ltr'>Iulullam,</span> <span class='ocrx_word' id='word_1_264' title='bbox 1316 2473 1382 2508; x_wconf 90' lang='lat' dir='ltr'>Gu.</span> <span class='ocrx_word' id='word_1_265' title='bbox 1406 2474 1435 2507; x_wconf 94' lang='lat' dir='ltr'>l.</span> <span class='ocrx_word' id='word_1_266' title='bbox 1463 2473 1501 2508; x_wconf 84' lang='lat' dir='ltr'>C.</span> <span class='ocrx_word' id='word_1_267' title='bbox 1527 2473 1701 2514; x_wconf 81' lang='lat' dir='ltr'>vilulam‚</span> 
     </span>
     <span class='ocr_line' id='line_1_32' title="bbox 313 2527 1701 2575; baseline 0.001 -15"><span class='ocrx_word' id='word_1_268' title='bbox 313 2527 421 2561; x_wconf 89' lang='lat' dir='ltr'>iidem</span> <span class='ocrx_word' id='word_1_269' title='bbox 451 2529 616 2563; x_wconf 87' lang='lat' dir='ltr'>rectioris</span> <span class='ocrx_word' id='word_1_270' title='bbox 647 2530 846 2575; x_wconf 83' lang='lat' dir='ltr'>scripturae</span> <span class='ocrx_word' id='word_1_271' title='bbox 871 2534 990 2564; x_wconf 85' lang='lat' dir='ltr'>testes.</span> <span class='ocrx_word' id='word_1_272' title='bbox 1015 2549 1060 2553; x_wconf 97' lang='lat'><strong>—</strong></span> <span class='ocrx_word' id='word_1_273' title='bbox 1092 2530 1322 2573; x_wconf 73' lang='lat' dir='ltr'>maxumae]</span> <span class='ocrx_word' id='word_1_274' title='bbox 1350 2530 1402 2563; x_wconf 86' lang='lat' dir='ltr'>sic</span> <span class='ocrx_word' id='word_1_275' title='bbox 1427 2535 1488 2564; x_wconf 85' lang='lat' dir='ltr'>aut</span> <span class='ocrx_word' id='word_1_276' title='bbox 1513 2540 1701 2565; x_wconf 65' lang='lat' dir='ltr'>mamume</span> 
     </span>
    </p>
   </div>
   <div class='ocr_carea' id='block_1_9' title="bbox 315 2582 678 2628">
    <p class='ocr_par' dir='ltr' id='par_1_10' title="bbox 315 2582 678 2628">
     <span class='ocr_line' id='line_1_33' title="bbox 315 2582 678 2628; baseline 0.011 -11"><span class='ocrx_word' id='word_1_277' title='bbox 315 2582 380 2628; x_wconf 79' lang='lat' dir='ltr'>Lg.</span> <span class='ocrx_word' id='word_1_278' title='bbox 406 2583 438 2618; x_wconf 82' lang='lat'>8.</span> <span class='ocrx_word' id='word_1_279' title='bbox 463 2584 517 2619; x_wconf 87' lang='lat'>53.</span> <span class='ocrx_word' id='word_1_280' title='bbox 542 2585 596 2619; x_wconf 81' lang='grc'>53.</span> <span class='ocrx_word' id='word_1_281' title='bbox 622 2586 678 2622; x_wconf 85' lang='grc'>63.</span> 
     </span>
    </p>
   </div>
   <div class='ocr_carea' id='block_1_10' title="bbox 317 2650 1700 2757">
    <p class='ocr_par' dir='ltr' id='par_1_11' title="bbox 317 2650 1700 2757">
     <span class='ocr_line' id='line_1_34' title="bbox 407 2650 1700 2699; baseline 0.001 -15"><span class='ocrx_word' id='word_1_282' title='bbox 407 2650 484 2687; x_wconf 85' lang='grc'>227.</span> <span class='ocrx_word' id='word_1_283' title='bbox 535 2657 670 2689; x_wconf 81' lang='lat' dir='ltr'>autem</span> <span class='ocrx_word' id='word_1_284' title='bbox 688 2654 789 2698; x_wconf 79' lang='lat' dir='ltr'>erat]</span> <span class='ocrx_word' id='word_1_285' title='bbox 814 2654 886 2689; x_wconf 76' lang='lat' dir='ltr'>inV.</span> <span class='ocrx_word' id='word_1_286' title='bbox 908 2652 974 2699; x_wconf 86' lang='lat' dir='ltr'>Lg.</span> <span class='ocrx_word' id='word_1_287' title='bbox 991 2652 1045 2688; x_wconf 87' lang='grc'>20.</span> <span class='ocrx_word' id='word_1_288' title='bbox 1059 2672 1104 2678; x_wconf 83' lang='lat'>——</span> <span class='ocrx_word' id='word_1_289' title='bbox 1129 2653 1292 2697; x_wconf 83' lang='lat' dir='ltr'>quidam</span> <span class='ocrx_word' id='word_1_290' title='bbox 1311 2653 1520 2698; x_wconf 82' lang='lat' dir='ltr'>tanquam]</span> <span class='ocrx_word' id='word_1_291' title='bbox 1545 2651 1700 2697; x_wconf 80' lang='lat' dir='ltr'>quidem</span> 
     </span>
     <span class='ocr_line' id='line_1_35' title="bbox 317 2707 1699 2757; baseline 0.004 -18"><span class='ocrx_word' id='word_1_292' title='bbox 317 2709 422 2751; x_wconf 70' lang='lat' dir='ltr'>ianq.</span> <span class='ocrx_word' id='word_1_293' title='bbox 454 2707 534 2744; x_wconf 82' lang='lat' dir='ltr'>libri</span> <span class='ocrx_word' id='word_1_294' title='bbox 564 2716 601 2745; x_wconf 88' lang='lat' dir='ltr'>et</span> <span class='ocrx_word' id='word_1_295' title='bbox 631 2710 688 2747; x_wconf 86' lang='lat' dir='ltr'>ed.</span> <span class='ocrx_word' id='word_1_296' title='bbox 716 2721 770 2757; x_wconf 86' lang='lat' dir='ltr'>pr.</span> <span class='ocrx_word' id='word_1_297' title='bbox 820 2709 911 2745; x_wconf 86' lang='lat' dir='ltr'>Illud</span> <span class='ocrx_word' id='word_1_298' title='bbox 942 2721 964 2744; x_wconf 85' lang='lat' dir='ltr'>a</span> <span class='ocrx_word' id='word_1_299' title='bbox 995 2708 1172 2745; x_wconf 83' lang='lat' dir='ltr'>Lambino</span> <span class='ocrx_word' id='word_1_300' title='bbox 1204 2714 1274 2753; x_wconf 84' lang='lat' dir='ltr'>est,</span> <span class='ocrx_word' id='word_1_301' title='bbox 1309 2710 1579 2756; x_wconf 71' lang='lat' dir='ltr'>probatumque</span> <span class='ocrx_word' id='word_1_302' title='bbox 1614 2707 1699 2744; x_wconf 89' lang='lat' dir='ltr'>Sch.</span> 
     </span>
    </p>
   </div>
   <div class='ocr_carea' id='block_1_11' title="bbox 1802 1026 1807 1614">
    <p class='ocr_par' dir='ltr' id='par_1_12' title="bbox 1802 1026 1807 1614">
     <span class='ocr_line' id='line_1_36' title="bbox 1802 1026 1807 1614; baseline 0 0"><span class='ocrx_word' id='word_1_303' title='bbox 1802 1026 1807 1614; x_wconf 95' lang='lat' dir='ltr'> </span> 
     </span>
    </p>
   </div>
  </div>
 </body>
</html>
