1835 3126
262 206 349 252 30
473 199 669 245 BREVlS
699 197 1092 252 ELOQUENTIAE
1123 199 1257 244 ROM.
1289 200 1433 243 HlST.

261 318 438 359 oratione
468 313 756 354 commendasse
781 319 848 354 aut
871 313 1056 355 adversus
1079 314 1320 355 inimicorum
1343 315 1644 355 obtrectationes

259 384 478 425 defendisse
508 382 641 433 Scipio
677 379 802 421 videri
839 386 979 433 potest.
1038 381 1107 421 His
1146 383 1320 422 omnihus
1359 384 1556 435 antiquior
1587 388 1645 422 est

259 451 386 491 contio
425 454 622 500 postquam
664 460 711 485 cx
738 449 877 495 Africa
913 448 1043 495 rediit,-
1082 449 1217 488 habita
1252 450 1351 489 enim
1390 463 1425 490 a.
1456 451 1539 491 608
1559 447 1643 501 (⁸⁶).

257 517 337 559 Sed
373 522 461 569 post
499 526 702 554 censuram
739 519 776 554 et
805 514 1046 554 consulatum
1075 515 1239 554 alterum
1267 516 1402 556 habita
1431 518 1557 557 oratio
1588 521 1646 556 est

258 590 388 623 contra
435 584 548 631 legem
592 584 787 631 amariam
838 584 897 619 Ti.
945 583 1122 627 Gracchi,
1175 582 1318 634 quippe
1361 596 1397 624 a.
1441 585 1523 624 625
1561 581 1646 636 (⁸⁷).

256 652 459 691 Postrema
502 650 669 688 omnium
713 653 771 688 est
813 648 1000 686 dissuasio
1046 648 1137 697 legis
1178 651 1357 698 Papiriae
1399 650 1446 689 de
1480 652 1645 691 tribunis

256 716 496 765 reficiendis,
533 716 687 765 eodem,
719 727 795 768 quo
827 715 1026 768 superior,
1056 726 1157 753 anno
1187 715 1333 754 habita.
1392 715 1476 756 Etsi
1507 728 1554 756 ea
1582 728 1648 757 res

257 784 461 824 admodum
500 784 704 836 popularis
740 783 965 830 videbatur,
999 786 1041 821 ut
1078 781 1224 833 populo
1263 782 1458 822 tribunum
1496 784 1648 835 quoties

255 851 375 892 vellet
404 850 564 889 reficere
593 850 748 898 liceret,
778 856 906 889 tamen
930 849 1109 889 Africani
1135 853 1171 887 et
1186 848 1314 887 Laelii
1339 849 1378 888 in
1404 849 1648 890 dissuasione

257 918 451 958 sociorum
479 918 692 957 auctoritas
718 916 864 965 effecit,
894 928 942 956 ne
965 916 1206 968 perferretur
1223 912 1307 966 (3⁸).
1355 916 1474 956 Cuius
1499 918 1647 957 oratio-

257 986 316 1024 nis
359 985 456 1023 nihil
500 984 678 1023 relictum
725 989 782 1023 est
828 989 985 1036 praeter
1029 994 1258 1034 responsum
1299 981 1471 1022 Carboni
1519 983 1649 1022 datum

257 1052 319 1090 Ti.
353 1052 567 1091 Gracchum
605 1052 690 1089 iure
727 1062 881 1089 caesum
919 1049 1064 1090 videri:
1105 1050 1166 1088 cui
1201 1061 1390 1101 responso
1433 1061 1517 1088 cum
1547 1054 1649 1089 esset

257 1118 530 1165 acclamatum,
565 1118 684 1168 longe
721 1117 836 1156 etiam
873 1116 1013 1156 fortius
1053 1115 1276 1168 respondit,
1318 1121 1360 1155 ut
1397 1116 1518 1155 refert
1554 1116 1648 1158 Vel-

256 1185 355 1224 leius
372 1182 454 1235 (SS).
503 1184 581 1224 Sed
607 1189 815 1236 praeterea
830 1195 923 1236 pars
941 1183 1051 1223 nulla
1066 1184 1179 1223 huius
1197 1184 1386 1223 orationis
1406 1189 1550 1232 exstat,
1576 1184 1648 1223 etsi

257 1252 457 1292 Ciceronis
482 1257 609 1291 aetate
632 1252 772 1290 lectam
800 1263 885 1291 csse
910 1251 1020 1291 locus
1044 1251 1126 1290 eius
1150 1251 1190 1289 in
1214 1250 1353 1290 Laelio
1376 1250 1528 1291 videtur
1553 1262 1648 1303 pro-

256 1320 352 1358 bare
369 1316 454 1370 (⁸9).
512 1319 593 1358 Nec
623 1321 872 1356 accusationis
900 1321 947 1355 L.
977 1318 1104 1356 Cottae
1130 1318 1334 1369 quicquam
1364 1318 1540 1357 relictum
1570 1323 1648 1365 est3

257 1386 323 1424 sed
369 1386 464 1425 duas
508 1386 722 1438 particulas
765 1386 999 1424 incertarum
1037 1385 1255 1425 orationum
1293 1385 1467 1425 Isidorus
1502 1384 1646 1437 Hispa-

256 1452 375 1491 lensis
406 1454 563 1492 retinuit
591 1452 757 1504 simplici
788 1452 957 1492 candore
986 1452 1128 1491 eximia
1146 1448 1227 1502 (¹³⁰).

886 1559 921 1613 ς.
956 1560 1019 1602 15.

752 1636 792 1672 C.
818 1635 967 1671 Laelius
992 1637 1158 1683 Sapiens,

372 1721 411 1756 (ἴ.
443 1720 597 1756 Laelius
625 1717 727 1756 filius
755 1719 837 1757 cius
870 1718 911 1758 G,
934 1719 1064 1758 Laelii
1088 1719 1181 1766 fuit,
1217 1730 1327 1770 quem
1353 1715 1489 1770 Scipio
1512 1719 1648 1758 Maior

255 1787 293 1825 in
324 1787 439 1825 rebus
468 1785 681 1836 Hispaniae
710 1784 816 1823 bello
848 1785 1122 1837 componendis
1151 1786 1402 1837 praecipuum
1433 1785 1648 1825 adiutorem

254 1852 401 1891 habuit.
468 1853 504 1892 Is
545 1852 643 1891 enim
682 1863 765 1890 cum
809 1852 944 1891 consul
980 1853 1097 1891 suerit
1133 1864 1169 1891 a.
1208 1852 1311 1899 565,
1354 1852 1443 1899 ille,
1482 1852 1528 1891 de
1568 1864 1644 1903 quo

256 1932 326 1959 nos
362 1925 592 1967 tractamus,
629 1924 741 1957 natus
771 1919 949 1958 videatur
986 1932 1021 1957 a.
1052 1920 1134 1959 567
1165 1919 1228 1959 vel
1257 1919 1363 1959 568:
1404 1924 1512 1958 aetas
1543 1924 1647 1958 certe

347 2061 406 2103 86)
431 2060 560 2095 Festus
584 2072 618 2095 v.
640 2064 840 2105 quatenus.
957 2060 1019 2103 87)
1045 2061 1105 2094 Sic
1130 2060 1356 2094 scribendum
1383 2060 1479 2105 apud
1500 2059 1646 2094 Macro-

254 2118 348 2151 bium
370 2118 512 2151 Saturn.
536 2116 579 2150 11.
602 2117 672 2158 10.,
698 2128 770 2161 quo
797 2117 879 2150 loco
904 2117 1012 2163 vulgo
1040 2117 1169 2163 legitur
1195 2117 1478 2157 iudiciariam,
1504 2117 1645 2160 qualem

256 2185 436 2218 nunquam
461 2173 515 2207 Ti.
541 2172 724 2206 Gracchus
757 2173 846 2207 tulit.
898 2173 1012 2207 Recte
1050 2173 1119 2207 hoc
1152 2173 1326 2219 Meycrus
1363 2173 1447 2207 olim
1485 2185 1517 2217 p.
1549 2172 1644 2207 l()5.:

255 2241 348 2263 nunc
373 2229 464 2263 enim
497 2229 532 2262 in
557 2228 628 2262 alia
653 2228 772 2262 omnia
797 2229 882 2262 abiit
914 2241 947 2274 p.
975 2229 1050 2264 191.
1083 2229 1148 2263 sed
1169 2230 1262 2262 male
1292 2229 1376 2263 olim
1405 2229 1442 2263 G.
1477 2228 1648 2263 Gracchi

255 2286 414 2331 scripsit:
449 2286 478 2320 is
510 2286 604 2319 enim
639 2297 733 2319 anno
764 2285 905 2319 demum
930 2285 998 2320 632
1031 2285 1192 2320 tribunus
1222 2285 1287 2319 fuit
1320 2297 1387 2319 nec
1411 2286 1530 2331 leges,
1567 2296 1645 2319 cum

256 2353 328 2376 non
355 2347 449 2376 esset
473 2342 507 2375 in
532 2343 756 2387 magistratu,
781 2342 879 2377 serre
904 2343 1030 2387 potuit.
1080 2342 1146 2377 Est
1169 2354 1260 2377 vero
1287 2341 1337 2375 Τί.
1358 2341 1512 2376 Gracchi
1539 2348 1645 2377 vetus

255 2399 336 2440 illa,
373 2410 478 2443 quam
502 2405 646 2433 senatus
673 2400 802 2433 tollere
826 2411 899 2434 non
926 2404 1005 2433 erat
1030 2410 1159 2440 ausus,
1196 2399 1260 2432 scd
1287 2396 1555 2432 difficultatibus
1583 2398 1645 2432 ob—

255 2455 420 2489 iiciendis
453 2455 565 2489 clusit.
614 2455 817 2490 Manebant
842 2461 959 2490 autem
994 2455 1169 2490 triumviri
1202 2455 1296 2501 agris
1323 2455 1450 2489 dandis
1479 2455 1561 2500 lege
1590 2454 1643 2487 Ti.

256 2510 432 2553 Gracchi,
467 2522 616 2556 quorum
640 2512 748 2547 Gaius
780 2512 892 2547 frater
917 2517 1015 2554 erat3
1052 2513 1088 2546 id
1121 2518 1218 2546 recte
1251 2512 1391 2546 notavit
1414 2511 1536 2546 Schol.
1561 2510 1645 2544 Vat.

256 2567 302 2601 ad
326 2567 397 2603 Cic.
422 2567 502 2603 Mil.
529 2568 561 2610 7,
580 2568 612 2602 2.
726 2569 786 2613 88)
810 2570 904 2604 Vell.
923 2569 964 2604 11.
979 2570 1011 2604 4.
1060 2568 1194 2602 Tamen
1213 2568 1385 2602 incertum
1411 2573 1465 2602 est
1486 2579 1531 2602 an
1550 2567 1645 2602 sorte

256 2636 300 2657 ea
323 2635 382 2658 res
415 2623 460 2657 ad
485 2623 599 2667 legem
625 2625 800 2660 Carbonis
832 2626 1057 2661 tabellariam
1091 2625 1137 2658 ad
1169 2624 1325 2659 aliamve
1354 2624 1530 2669 (plaudam
1563 2635 1642 2670 per-

256 2681 378 2715 tineat.
496 2679 555 2724 89)
582 2680 683 2718 Lael.
704 2683 768 2726 25,
791 2683 846 2719 96.
968 2682 1026 2726 90)
1055 2679 1179 2725 Origg.
1203 2680 1317 2715 1121.
1358 2680 1401 2725 ,ln
1424 2682 1540 2715 altero
1566 2690 1642 2713 cot·-

257 2738 332 2780 rige
361 2739 557 2781 instratis-s·-
