1835 3126
399 226 479 268 AD
511 224 625 267 CIC.
656 224 925 268 BRUTUM
957 224 1076 268 (zAl‘.
1107 226 1173 268 20.
1368 224 1485 271 352

93 341 295 380 minnortbus
338 346 462 378 autem
506 339 714 380 referenda
758 343 846 379 sunt
889 339 939 380 ad
977 340 1114 392 priora
1147 339 1220 379 illa
1262 351 1484 390 numeroque

92 407 215 445 eodem
243 407 340 455 ᾒιῑις
371 407 428 447 sic
457 419 534 447 non
565 419 662 460 opus
691 410 754 458 qut
784 406 916 446 delere
947 418 1031 446 cum
1060 407 1240 447 Ernesto.

201 498 349 534 unctior
385 496 579 547 quaedam]
623 497 763 535 {auctior
802 496 961 543 Orellii,
1003 498 1161 533 vinctior
1197 495 1345 542 Peteri‚
1386 495 1483 534 haec

90 562 243 615 quidem
282 563 399 616 plane
438 564 612 603 barbara
652 563 888 603 coniectura.
945 562 1065 602 Recte
1100 562 1287 602 Ernestus
1328 561 1366 600 in
1403 560 1480 599 lex.

90 630 255 670 technol.
296 631 343 670 de
384 642 429 669 eo
469 629 621 669 dicendi
659 641 804 682 genere
838 630 1135 681 interpretatur,
1176 628 1279 681 quod
1319 628 1481 667 nitorem

89 697 282 749 quandam
311 702 347 737 et
378 697 608 736 elocutionis
638 697 874 747 elegantiam
906 696 1088 736 asciverit
1113 695 1282 734 alienam
1307 695 1356 734 ab
1381 694 1481 733 anti-

89 765 247 816 quitatis
278 763 476 816 squalore.
517 764 635 804 Addit
655 762 885 814 Bernhardy
915 763 1044 802 locum
1074 774 1161 814 epp.
1185 761 1235 801 ad
1257 763 1334 802 Att.
1358 761 1405 801 II.
1430 762 1480 809 1.,

89 842 165 882 quo
204 843 246 870 se
283 832 321 870 in
351 836 579 871 ornamenta
616 830 805 871 orationis
838 829 1123 882 consumpsisse
1160 829 1215 868 ait
1251 834 1368 866 totum
1395 830 1481 866 Iso-

88 901 204 935 cratis
232 895 511 952 μυροθήκιον
540 904 651 948 utque
680 909 806 935 omnes
833 896 1100 945 discipulorum
1130 895 1294 932 arculas.

200 987 268 1025 hoc
296 988 480 1037 praetore]
513 999 550 1025 a.
576 984 671 1026 585.
731 984 791 1023 De
813 983 938 1022 literis
963 982 1130 1034 Sulpicii
1157 981 1261 1022 Galli
1281 993 1317 1021 v.
1339 979 1387 1018 de
1411 980 1478 1019 Or.

85 1053 114 1092 1.
147 1052 218 1100 53,
250 1055 344 1092 227.
402 1054 569 1099 Annum,
602 1062 679 1103 quo
709 1050 857 1090 Ennius
886 1054 1059 1089 mortuus
1090 1053 1166 1096 est⁷
1198 1051 1380 1087 accurate
1411 1044 1480 1085 de-

85 1119 166 1158 finit
195 1119 333 1159 Cicero
366 1117 515 1159 Catone
544 1118 589 1166 5,
623 1119 709 1166 14.;
738 1116 995 1168 Hieronymus
1026 1114 1203 1168 sequenti
1232 1114 1421 1165 assignat.

197 1209 263 1248 79.
326 1210 384 1245 Τὶ.
419 1208 610 1245 Gracchus
640 1210 684 1244 Ρ.
709 1207 765 1256 F.]
798 1210 904 1245 recte
934 1205 1088 1245 codices
1119 1217 1203 1244 cum
1225 1203 1354 1243 Fastis
1385 1213 1478 1241 cou-

85 1275 299 1327 spirantes;
337 1273 405 1313 sed
443 1286 537 1313 sane
568 1274 782 1313 dubitatum
813 1278 870 1312 est
908 1271 955 1311 de
985 1271 1109 1324 patris
1138 1270 1390 1323 praenomine
1428 1268 1477 1307 ab

86 1343 161 1391 eis,
203 1342 270 1394 qui
307 1340 428 1380 filium
466 1341 527 1381 Ti.
561 1342 727 1381 Gracchi
765 1340 826 1379 bis
863 1339 1034 1379 consulis
1072 1338 1178 1378 bello
1217 1335 1478 1379 Hannibalico

85 1409 292 1461 putabant:
323 1421 358 1448 v.
384 1408 508 1461 Intpp.
539 1409 644 1448 Livii
665 1408 769 1448 XLI.
792 1407 837 1455 8,
863 1409 898 1446 1.
958 1405 1031 1445 Ille
1062 1405 1199 1445 consul
1227 1405 1300 1444 fuit
1330 1417 1366 1443 a.
1394 1403 1476 1443 577

85 1480 122 1516 et
150 1475 254 1523 591,
295 1486 434 1515 censor
471 1487 506 1514 a.
536 1474 632 1515 585.
688 1475 733 1515 V.
769 1473 894 1526 Intpp.
933 1472 983 1512 ad
1013 1472 1060 1512 de
1092 1473 1158 1512 Or.
1189 1472 1218 1511 I.
1248 1474 1293 1520 9,
1324 1472 1391 1511 38.
1425 1493 1474 1498 —

82 1546 127 1580 Ρ.
152 1544 278 1593 Scipio
305 1545 452 1580 Nasica⁴
478 1542 675 1580 Corculum
706 1541 842 1582 consul
869 1540 943 1580 fuit
974 1552 1009 1579 a.
1038 1541 1119 1580 592
1146 1544 1183 1579 et
1206 1540 1307 1588 599,
1338 1549 1478 1578 censor

85 1622 120 1649 a.
144 1610 240 1651 595.
283 1610 321 1649 Is
352 1609 399 1649 de
424 1609 530 1649 bello
554 1610 738 1658 Persico,
769 1609 832 1648 cui
860 1607 1052 1655 interfuit,
1085 1606 1234 1647 Graece
1264 1607 1478 1658 scripserat

83 1672 200 1730 πρός
238 1691 334 1717 τινα
372 1676 457 1717 τῶν
495 1674 734 1728 βασιλέων,
777 1680 819 1715 ut
863 1676 918 1714 ait
953 1675 1185 1715 Plutarchus
1229 1674 1269 1712 in
1309 1671 1477 1712 Aemilio

82 1743 207 1785 Paulo
240 1755 272 1784 c.
306 1744 390 1791 15.;
429 1742 479 1782 ad
506 1743 772 1784 Ptolemaeum
810 1743 943 1794 cogita
971 1742 1141 1793 Aegypti
1175 1740 1239 1780 vel
1268 1740 1478 1780 Eumenem

81 1811 270 1862 Pergami
298 1821 445 1861 regem.
470 1832 524 1839 —-
555 1813 601 1848 L.
624 1811 806 1848 Lentulus
834 1810 1016 1862 princeps
1047 1812 1204 1847 senatus
1235 1805 1478 1846 consulatum

84 1879 207 1929 gessit
243 1890 278 1917 a.
309 1878 412 1927 598,
453 1878 495 1923 Q.
527 1878 701 1915 Nobtttor
736 1889 772 1915 a.
804 1877 899 1917 601.
958 1875 1077 1915 Pater
1114 1874 1197 1913 eius
1226 1873 1285 1913 M.
1315 1871 1476 1912 Fulvius

85 1957 164 1985 cos.
199 1944 281 1985 565
321 1956 404 1984 cum
444 1943 590 1983 bellum
628 1944 669 1982 in
704 1942 866 1984 Aetolos
905 1946 1079 1993 gereret,
1121 1945 1277 1994 poetam
1310 1939 1477 1979 Ennium

84 2023 213 2051 secum
243 2010 368 2060 duxit,
399 2010 503 2063 quod
534 2011 570 2050 ei
600 2011 742 2050 acerbe
772 2010 915 2050 obiecit
946 2009 1065 2057 Cat03
1094 2008 1195 2048 idem
1224 2011 1314 2059 post
1340 2006 1476 2045 trium-

81 2079 198 2133 phum
232 2078 360 2119 Musis
398 2077 582 2130 templum
621 2077 836 2125 dedicavit,
882 2089 966 2116 cum
1007 2088 1055 2115 ex
1089 2074 1301 2115 Ambracia
1336 2073 1476 2113 Musas

84 2159 109 2185 a
123 2146 249 2186 Zeuxi
269 2146 394 2198 pictas
412 2146 573 2185 Romam
596 2144 874 2183 transtulisset:
901 2156 938 2183 v.
962 2143 1064 2183 Plin.
1087 2142 1132 2181 H.
1152 2141 1198 2181 N.
1215 2140 1378 2182 XXXV.
1399 2141 1476 2189 10.,

85 2210 169 2253 Cic.
198 2226 236 2265 p.
267 2213 413 2252 Archia
445 2214 530 2259 ll.;
569 2211 661 2263 quin
695 2210 836 2250 Fastos
873 2211 1080 2263 scripsisse
1120 2215 1155 2248 et
1194 2209 1234 2248 in
1269 2208 1341 2247 illa
1379 2206 1477 2247 aede

84 2280 264 2333 posuisse
299 2279 439 2318 dicitur
474 2278 683 2318 Macrohio
722 2278 805 2318 Sat.
836 2278 865 2317 I.
901 2280 983 2326 12.;
1022 2277 1164 2317 librum
1204 2279 1478 2316 commemorat

86 2348 202 2387 etiam
237 2346 438 2387 Charisius
474 2358 512 2398 p.
544 2347 636 2386 112.
695 2345 754 2385 De
788 2344 953 2384 coloniis
993 2357 1018 2384 a
1049 2345 1094 2394 Q.
1124 2343 1264 2384 Fulvio
1301 2341 1476 2382 deductis

84 2414 266 2456 Potentia
288 2413 322 2453 ὅτι
343 2414 510 2453 Pisauro
537 2426 574 2454 v.
596 2413 681 2454 Liv.
706 2412 892 2453 XXXIX.
915 2413 983 2452 44.
1010 2437 1058 2441 —-
1094 2415 1137 2451 Τ.
1160 2413 1307 2449 Annius
1328 2412 1476 2447 Luscus

86 2493 165 2522 cos.
197 2494 233 2520 a.
264 2482 345 2521 601
385 2481 559 2532 graviter
587 2481 627 2520 in
657 2480 717 2520 Ti.
749 2480 964 2520 Gracchum
994 2480 1238 2520 contionatus
1270 2482 1328 2517 est
1355 2475 1476 2516 nullis

85 2550 168 2589 eius
185 2549 296 2589 minis
312 2553 538 2588 commotus:
562 2561 598 2588 v.
616 2548 699 2588 Liv.
718 2547 808 2600 epit.
826 2546 960 2588 LVIII.
990 2546 1092 2587 Plut.
1110 2544 1142 2585 T
1147 2547 1171 2586 i.
1194 2545 1369 2586 Graccho
1390 2544 1474 2590 14.;

84 2616 273 2657 orationis
302 2615 535 2668 particulam
564 2615 733 2656 servavit
761 2615 898 2654 Festus
928 2627 962 2655 v.
993 2616 1147 2651 Satura.
1205 2612 1312 2651 Haec
1339 2609 1474 2662 plera-

85 2695 160 2736 que
192 2683 357 2734 Meyero
388 2682 574 2722 debentur
612 2694 742 2722 rerum
771 2682 1043 2722 historicarum
1082 2677 1354 2729 investigatori
1384 2675 1473 2716 dili-

84 2751 324 2802 gentissimo.
385 2750 443 2790 De
473 2753 518 2788 L.
549 2751 669 2789 Paulo
699 2749 834 2791 Persei
864 2748 1012 2789 victore
1040 2750 1132 2787 nota
1160 2750 1248 2786 sunt
1276 2744 1416 2785 omnia.
