1835 3126
248 191 381 236 204
547 155 550 158 ⁴
774 187 1116 231 CICERONIS

249 305 406 348 essent,
437 296 678 353 probabiles
708 303 844 339 tamen
867 298 1096 350 industria3
1126 311 1357 355 quanquam
1381 298 1445 340 his
1470 299 1635 354 quidem

248 389 332 418 non
373 376 537 417 omnino
583 376 814 428 ingenium,
860 375 935 416 sed
980 377 1203 417 oratorium
1245 378 1455 430 ingenium
1494 376 1633 418 defuit.

248 453 390 508 Neque
416 454 524 495 enim
546 452 672 494 refert
699 452 841 494 videre
868 452 965 507 quid
989 452 1204 493 dicendum
1228 455 1301 504 sit,
1331 456 1411 495 nisi
1437 455 1479 496 id
1505 466 1635 509 queas

249 532 381 586 solute
414 538 451 573 et
483 532 665 573 suaviter
694 530 845 572 dicere.
888 543 939 571 ne
970 530 1013 571 id
1041 529 1205 585 quidem
1235 531 1338 571 satis
1361 538 1445 582 est,
1474 534 1555 573 nisi
1579 532 1633 581 id,

248 610 356 666 quod
390 610 556 659 dicitur,
586 609 628 650 fit
656 622 758 651 voce
781 608 893 650 vultu
920 615 1111 663 motuque
1142 608 1358 650 conditius.
1407 608 1501 649 111.
1528 608 1637 659 Quid

248 689 384 730 dicam
421 701 522 743 opus
564 701 658 729 esse
691 687 905 729 doctrina?
951 688 1040 728 sine
1073 699 1153 742 qua
1183 688 1306 728 etiam
1338 687 1373 727 si
1405 686 1500 741 quid
1530 686 1636 727 hene

250 767 397 808 dicitur
426 766 645 807 adiuvante
668 773 835 815 natura,
866 772 1004 807 tamen
1033 764 1094 815 id,
1126 765 1224 820 quia
1250 764 1414 806 fortuito
1439 763 1498 814 fit,
1532 777 1640 806 sem-

248 859 321 901 per
346 851 534 900 paratum
564 857 658 886 esse
689 857 772 886 non
800 850 945 900 potest.
1003 842 1050 884 In
1075 841 1225 885 Scauri
1256 844 1442 885 oratione
1474 843 1640 898 sapien-

248 925 301 965 tis
331 923 510 965 hominis
542 929 580 964 et
610 925 713 964 recti
743 924 930 977 gravitas
961 934 1121 963 summa
1150 928 1188 963 et
1210 921 1413 963 naturalis
1435 921 1640 976 quaedam

248 1003 381 1044 inerat
413 1002 657 1051 auctoritas,
687 1014 771 1042 non
800 1006 842 1042 ut
872 1013 1061 1049 causam,
1096 1000 1170 1041 sed
1200 1006 1241 1041 ut
1270 1001 1547 1041 testimonium
1577 999 1638 1040 di-

250 1093 344 1122 cere
390 1086 575 1134 putareS‚
622 1092 710 1120 cum
754 1091 827 1134 pro
864 1092 936 1120 reo
978 1078 1145 1119 diceret.
1213 1077 1306 1118 112.
1348 1076 1436 1119 Hoc
1474 1077 1639 1119 dicendi

248 1169 380 1212 genus
413 1156 464 1197 ad
493 1157 726 1211 patrocinia
755 1155 1018 1197 mediocriter
1048 1162 1182 1210 aptum
1210 1155 1449 1205 videbatur,
1487 1155 1540 1197 ad
1571 1168 1637 1196 se-

248 1236 454 1277 natoriam
498 1246 598 1275 vero
639 1233 902 1282 sententiam,
943 1233 1059 1274 cuius
1098 1238 1186 1273 erat
1222 1232 1294 1273 ille
1324 1234 1533 1288 princeps,
1571 1233 1640 1274 vel

248 1326 449 1355 maxume.
509 1310 770 1365 significabat
809 1312 916 1352 enim
952 1323 1035 1352 non
1070 1310 1327 1366 prudentiam
1358 1309 1511 1358 solum,
1551 1310 1638 1360 sed,

248 1391 357 1447 quod
386 1403 573 1431 maxume
604 1402 691 1431 rem
721 1388 973 1438 continebat,
1005 1388 1138 1430 fidem.
1183 1388 1364 1430 habebat
1397 1387 1476 1430 hoc
1508 1401 1533 1430 a
1561 1401 1637 1430 na-

248 1477 340 1511 tura
366 1470 477 1524 ipsa,
510 1468 618 1523 quod
655 1481 680 1509 a
710 1467 898 1509 doctrina
926 1480 1010 1509 non
1038 1466 1164 1509 facile
1192 1473 1345 1522 posset.
1405 1479 1639 1522 quanquam

249 1546 368 1589 huius
400 1559 560 1603 quoque
590 1547 721 1603 ipsius
746 1547 827 1598 rei,
859 1559 977 1602 quem
1009 1545 1063 1588 ad
1092 1545 1255 1588 modum
1286 1546 1390 1595 scis,
1417 1551 1641 1601 praecepta

334 1691 392 1718 110.
430 1691 493 1726 his]
514 1692 561 1718 us.

249 1802 480 1850 quibusdam
505 1802 719 1837 laudandis
744 1803 1125 1850 viris—probabilis
1144 1804 1209 1836 Sec,
1249 1799 1408 1837 Orellius
1434 1799 1638 1847 refingebat

248 1861 365 1895 locum
389 1861 458 1894 sic:
488 1862 528 1893 in
555 1858 692 1903 quibus
717 1859 956 1894 laudabatur·
980 1863 1082 1900 inre,
1111 1861 1273 1893 etiamsi
1294 1861 1467 1893 maoez'mi
1493 1860 1642 1904 inqenz'i

249 1928 328 1952 non
350 1920 497 1956 essent,
520 1914 743 1962 probabilis
769 1920 900 1950 tamen
917 1916 1138 1954 imlzcstricu
1167 1916 1221 1948 cui
1240 1919 1339 1948 recte
1357 1915 1474 1948 iocum
1495 1915 1639 1948 minime

251 1979 370 2018 aptum
395 1973 596 2018 'particulae
629 1976 761 2005 tamen
793 1972 914 2006 obiicit
943 1971 1173 2014 Bernhardy.
1222 1970 1296 2004 Sed
1327 1970 1420 2004 idem
1453 1981 1525 2004 non
1557 1982 1638 2015 per-

249 2030 396 2072 suadet,
420 2040 498 2062 cum
525 2028 735 2071 scripturam
760 2034 918 2061 nostram
944 2039 1015 2061 non
1042 2039 1120 2061 eam
1142 2026 1346 2060 facilitatem
1366 2026 1636 2070 compositionis

249 2091 449 2120 monstrare
475 2083 655 2125 affirmat,
683 2094 786 2127 quam
814 2095 879 2127 par
902 2085 948 2117 sit
973 2095 994 2116 a
1016 2082 1259 2117 Ciceronianis
1285 2082 1491 2116 desiderare
1518 2094 1638 2127 quam-

248 2144 304 2177 vis
341 2141 450 2186 paulo
484 2139 721 2185 negligentius
754 2138 852 2173 fusis.
903 2139 1011 2173 Certe
1043 2139 1256 2182 compositio
1288 2138 1396 2182 longe
1429 2139 1639 2173 dissolutior

249 2199 443 2242 duriorque
469 2202 522 2230 est
546 2196 609 2237 30,
630 2195 704 2228 114.
731 2200 766 2229 et
788 2195 852 2237 33,
872 2195 946 2230 126.
965 2215 1010 2219 —
1036 2195 1183 2240 inyem']
1210 2193 1276 2239 Lg.
1293 2194 1325 2228 S.
1346 2194 1401 2228 51.
1430 2194 1522 2229 Ven.
1544 2195 1572 2228 l.
1593 2214 1637 2220 —

248 2255 310 2290 his
330 2254 505 2299 quidem]
531 2252 577 2286 ad
596 2251 682 2286 Ern.
710 2263 821 2296 usque
846 2255 896 2286 iis
920 2251 1146 2285 scribebatur
1171 2251 1278 2295 plane
1297 2251 1465 2284 barbare.
1504 2250 1639 2285 Verum

248 2310 481 2355 suppeditant
516 2309 582 2342 Gu.
612 2309 641 2342 l.
679 2307 746 2353 Lg.
772 2308 804 2342 8.
830 2308 884 2342 39.
909 2308 963 2342 51.
991 2308 1045 2342 53.
1072 2307 1127 2342 56.
1153 2307 1208 2341 58.
1233 2307 1289 2342 68.
1315 2307 1369 2341 70.
1401 2326 1446 2332 --
1487 2306 1550 2351 fit]
1586 2308 1639 2341 sic

250 2367 306 2402 ed.
329 2378 382 2411 pr.
408 2365 474 2411 Lg.
492 2365 524 2399 S.
547 2364 601 2398 35.
623 2364 677 2398 39.
704 2365 758 2399 51.
779 2364 834 2398 53.
857 2364 912 2399 56.
935 2365 990 2398 58.
1016 2365 1071 2398 70.
1108 2364 1199 2398 Ven.
1228 2363 1258 2398 l.
1293 2361 1369 2398 Ott.
1409 2363 1475 2397 Gu.
1502 2364 1533 2397 l.
1580 2365 1638 2397 sic

250 2424 330 2457 Asc.
355 2422 482 2456 Lamb.
508 2441 551 2446 -
586 2421 709 2465 voltu]
736 2421 802 2466 Lg.
827 2420 859 2455 8.
885 2420 939 2455 35.
965 2421 1020 2455 39.
1047 2421 1101 2455 51.
1126 2420 1182 2455 53.
1206 2420 1261 2454 58.
1285 2420 1339 2455 70.
1377 2420 1468 2454 Ven.
1497 2421 1526 2454 l.

346 2489 421 2523 111.
470 2489 582 2531 recti]
610 2491 704 2522 tecti
726 2488 791 2534 Lg.
810 2489 842 2523 8.
863 2488 907 2522 35
925 2500 1017 2522 corr.
1053 2488 1147 2522 Ven.
1170 2489 1199 2523 l.
1226 2487 1258 2522 2.
1279 2508 1323 2512 —-
1355 2499 1444 2522 cum
1462 2499 1542 2534 pro
1570 2499 1637 2522 reo

251 2547 413 2589 diceret]
441 2556 511 2579 om.
537 2544 604 2578 Gn.
634 2544 661 2578 l.
689 2545 745 2579 ed.
772 2557 823 2591 pr.
851 2545 1061 2579 Schneider.
1088 2544 1172 2579 sch.
1220 2544 1438 2590 Bernhardy
1464 2544 1541 2577 vuit
1558 2555 1637 2591 pro

250 2616 290 2637 se
311 2614 399 2642 reo,
425 2601 611 2636 affirmans
633 2601 871 2636 demonstrari
896 2613 966 2636 non
989 2613 1096 2646 posse
1115 2602 1287 2635 Scaurum
1314 2612 1381 2645 pro
1399 2601 1470 2634 alio
1490 2600 1637 2641 dixisse,

252 2671 357 2703 quain
382 2670 449 2704 pro
476 2670 516 2693 se
542 2658 647 2693 toties
673 2659 708 2692 in
736 2658 904 2693 iudicium
929 2662 1072 2692 vocato.
1112 2657 1198 2692 Non
1224 2669 1369 2702 sequor.
1416 2656 1635 2694 Quantulum

253 2716 346 2750 enim
371 2721 446 2759 est,
477 2715 573 2761 quod
599 2716 645 2750 de
672 2715 887 2753 dictionibus
913 2721 1095 2752 oratorum
1123 2714 1360 2760 antiquiorum
1384 2713 1510 2749 scitur!
