1835 3126
238 158 354 225 154
762 174 1105 219 mcnssouis

238 289 412 346 penuria
439 286 504 328 vir
533 285 728 340 egregius
760 288 1213 342 coniunctissumusque
1244 299 1401 329 mecum
1428 287 1627 329 consilio-

240 380 326 409 rum
365 365 543 407 omnium
580 364 779 406 societate
818 364 1087 407 alienissumo
1124 366 1186 406 rei
1223 364 1415 421 publicae
1445 372 1628 421 tempore

239 444 464 485 exstinctus
502 448 542 483 et
579 442 837 483 auctoritatis
877 446 916 482 et
954 441 1194 496 prudentiae
1227 456 1327 485 suae
1357 444 1473 484 triste
1504 442 1627 484 nobis

239 521 491 563 desiderium
513 519 757 575 reliquerat:
790 517 1084 574 dolebamque,
1116 519 1225 575 quod
1245 533 1347 567 non,
1378 527 1420 561 ut
1440 520 1627 576 plerique

240 599 455 655 putabant,
489 598 774 639 adversarium
804 602 873 638 aut
903 596 1218 639 obtrectatorem
1246 597 1413 639 laudum
1433 611 1631 647 mearum,

239 678 315 719 sed
347 677 504 718 socium
533 677 668 732 potius
692 681 732 717 et
754 680 987 717 consortem
1009 674 1187 729 gloriosi
1208 674 1369 717 laboris
1394 676 1628 716 amiseram.

239 756 278 797 3.
308 754 360 797 Et
396 755 504 796 enim
541 754 578 795 si
613 755 656 795 in
690 752 892 795 leviorum
930 753 1077 794 artium
1116 752 1250 794 studio
1281 753 1505 794 memoriae
1535 765 1631 808 pro-

240 834 366 875 ditum
404 838 467 874 est
502 839 647 888 poetas
684 830 838 873 nobilis
874 837 1087 887 poetarum
1124 830 1360 886 aequalium
1395 835 1525 872 morte
1557 829 1632 872 do-

238 911 389 961 luisse,
422 923 501 966 quo
532 909 698 952 tandem
729 910 866 951 animo
892 910 982 950 eius
1005 910 1212 950 interitum
1233 908 1342 950 ferre
1366 907 1508 958 debui,
1540 921 1631 950 cum

241 1003 321 1045 quo
367 995 528 1030 certare
567 995 656 1030 erat
692 987 940 1042 gloriosius,
984 999 1106 1042 quam
1142 987 1308 1028 omnino
1346 986 1633 1028 adversarium

237 1081 323 1110 non
351 1065 534 1108 haberet
580 1079 671 1108 cum
699 1065 946 1121 praesertim
977 1077 1061 1107 non
1090 1063 1211 1106 modo
1240 1076 1448 1119 nunquam
1479 1065 1533 1106 sit
1563 1071 1633 1107 aut

240 1145 354 1187 illius
386 1157 413 1186 a
441 1157 505 1185 me
538 1157 682 1185 cursus
714 1142 931 1198 impeditus
955 1147 1024 1183 aut
1047 1141 1098 1183 ab
1122 1141 1196 1183 illo
1219 1154 1354 1190 meus,
1387 1142 1462 1184 sed
1486 1148 1632 1185 contra

238 1236 404 1279 semper
440 1221 546 1264 alter
583 1220 635 1263 ab
675 1220 806 1263 altero
838 1219 1001 1262 adiutus
1033 1225 1073 1261 et
1102 1219 1443 1262 communicando
1475 1226 1514 1261 et
1543 1234 1631 1263 mo-

239 1301 375 1343 nendo
423 1306 462 1342 et
506 1299 697 1342 favendo.
762 1296 803 1341 4.
845 1297 932 1340 Sed
978 1298 1173 1353 quoniam
1215 1303 1414 1353 perpetua
1454 1298 1633 1353 quadam

241 1378 442 1420 felicitate
472 1390 572 1419 usus
603 1377 676 1418 ille
708 1377 836 1419 cessit
865 1389 887 1418 e
917 1376 1003 1418 vita
1032 1389 1107 1418 suo
1137 1377 1291 1430 magis,
1323 1388 1445 1430 quam
1466 1389 1633 1417 suorum

239 1457 391 1498 civium
420 1461 623 1510 tempore,
662 1460 701 1496 et
728 1460 813 1496 tum
843 1453 1013 1503 occidit,
1052 1466 1143 1495 cum
1172 1452 1317 1506 lugere
1348 1452 1516 1495 facilius
1544 1467 1633 1496 rem

237 1533 446 1590 publicam
461 1538 623 1589 posset,
655 1532 693 1573 si
713 1532 889 1582 viveret,
921 1543 1044 1586 quam
1066 1531 1228 1581 iuvare,
1258 1530 1439 1586 vixitque
1462 1531 1630 1582 tamdiu,

238 1625 362 1668 quam
398 1611 516 1654 licuit
550 1611 594 1653 in
630 1610 796 1653 civitate
829 1609 937 1652 bene
966 1608 1170 1664 beateque
1198 1609 1359 1651 vivere:
1396 1616 1539 1651 nostro
1570 1611 1633 1651 in-

240 1689 456 1732 commodo
502 1689 845 1744 detrimentoque,
891 1688 927 1729 si
966 1693 1030 1729 est
1065 1688 1124 1729 ita
1160 1700 1357 1737 necesse,
1404 1687 1633 1737 doleamus,

241 1767 355 1809 illius
385 1780 484 1809 vero
511 1768 654 1809 mortis
678 1767 1018 1823 opportunitatem
1040 1765 1334 1808 benevolentia
1353 1767 1488 1822 potius
1511 1778 1633 1821 quam

241 1845 531 1888 misericordia
560 1857 876 1900 prosequamur:
914 1850 976 1894 ut,
1015 1846 1366 1900 quotienscunque
1403 1844 1453 1886 de
1485 1844 1635 1886 claris·

241 2012 344 2046 libris
370 2011 455 2045 dicit
479 2009 682 2052 Corradus,
718 2008 912 2044 Lambinus
944 2015 1064 2043 autem
1087 2009 1140 2042 sic
1163 2008 1401 2053 transposuit:
1438 2008 1633 2045 bonorum

241 2069 560 2115 sapientiumque
584 2068 749 2106 civium,
775 2066 873 2099 nulla
896 2066 1029 2100 idonea
1047 2077 1176 2106 causa,
1202 2064 1368 2109 quicquid
1394 2065 1478 2099 dicit
1499 2065 1630 2100 Baum·

239 2125 341 2159 stark
365 2125 400 2157 in
426 2123 551 2156 libello
577 2121 771 2155 lectionum
795 2121 1038 2155 Tullianarum
1063 2122 1162 2155 edito
1187 2131 1218 2154 a.
1241 2120 1337 2153 1832.
1363 2132 1396 2165 p.
1420 2121 1452 2156 6.

331 2179 365 2215 3,
415 2182 452 2211 et
471 2178 590 2220 enim]
617 2177 669 2210 sic
686 2176 828 2211 divisim
848 2176 912 2223 Lg.
930 2177 985 2212 39.
1001 2177 1056 2211 51.
1077 2177 1132 2212 53.
1151 2176 1207 2211 56,
1227 2175 1280 2211 58.
1299 2175 1344 2209 70
1360 2187 1453 2211 corr.
1484 2176 1579 2212 Ven.
1600 2178 1630 2213 l.

238 2238 321 2271 Vat.
343 2247 379 2271 v.
401 2235 440 2270 C.
460 2233 519 2269 Cr.
537 2233 584 2267 ad
604 2233 650 2267 de
670 2230 736 2267 Or.
757 2232 782 2267 Ι.
804 2233 840 2267 ll
854 2260 864 2275 ,
883 2234 936 2268 50.
960 2254 1004 2259 —-
1030 2232 1187 2276 nobilis]
1213 2233 1275 2268 sic.
1290 2232 1394 2267 codd.
1420 2232 1537 2268 adhuc
1561 2234 1633 2268 col-

239 2294 303 2328 lati
323 2303 457 2326 omnes.
476 2308 518 2316 »-
546 2290 690 2333 morte]
714 2289 813 2324 solus
832 2289 1027 2324 Lambinus
1047 2294 1238 2331 mortem,
1256 2289 1442 2325 defensum
1462 2288 1632 2325 aBauin-

238 2350 377 2385 starkio
403 2360 438 2393 p.
458 2347 492 2382 8.
517 2365 564 2373 —
597 2347 809 2391 nunquam]
835 2347 953 2381 nullus
979 2347 1057 2381 cod.
1081 2358 1147 2392 per
1169 2357 1221 2381 m.

332 2406 365 2440 4.
414 2403 694 2447 benevolentia]
717 2403 821 2438 codd.
842 2415 908 2448 per
927 2406 960 2445 2⁸3
984 2415 1019 2438 v.
1037 2403 1076 2439 C.
1095 2403 1151 2439 Cr.
1172 2403 1218 2437 ad
1236 2402 1283 2437 de
1302 2399 1368 2437 Or.
1385 2400 1428 2437 11.
1449 2401 1502 2445 17,
1519 2402 1631 2438 72.—

240 2461 580 2508 quotienscunque]
606 2463 790 2506 quotiesc.
816 2460 914 2495 solus
934 2460 1145 2495 collatorum
1166 2459 1247 2494 Vat.
1268 2479 1308 2484 —-
1335 2458 1569 2493 clarissumo
1589 2478 1630 2484 —

241 2518 495 2561 beatissumo]
522 2518 573 2551 sic
589 2516 655 2563 Lg.
672 2517 706 2552 8.
723 2516 778 2551 51.
798 2517 853 2552 53.
872 2515 972 2559 Ott.;
996 2517 1176 2562 scriptura
1198 2515 1234 2551 in
1253 2515 1372 2551 Bruto
1399 2515 1503 2550 unice
1528 2526 1631 2551 vera.

332 2575 365 2609 5.
414 2575 616 2619 tanquam]
645 2578 850 2619 tamquam
873 2574 940 2620 Lg.
964 2573 997 2609 8.
1024 2573 1079 2609 51.
1106 2574 1161 2608 58.

333 2630 376 2665 11.
421 2630 455 2665 6.
503 2635 539 2664 ει
565 2630 684 2674 enim]
711 2630 853 2666 divisim
870 2629 936 2676 Lg.
956 2630 989 2665 8.
1009 2629 1061 2665 39.
1078 2629 1134 2664 51.
1156 2628 1211 2663 56.
1227 2628 1283 2664 58.
1304 2629 1360 2664 70.
1384 2628 1477 2664 Ven.
1497 2627 1527 2663 1.
1553 2624 1629 2662 Ott.

243 2687 337 2724 Gud.
358 2687 387 2724 l.
412 2706 459 2714 ·--
482 2688 628 2732 cetera]
654 2699 722 2733 per
745 2698 792 2723 ae
815 2687 881 2734 Lg.
898 2687 953 2724 53.
971 2687 1028 2724 58.
1065 2698 1101 2723 v.
1127 2687 1265 2723 Comm.
1291 2685 1351 2722 Cr.
1376 2684 1424 2721 ad
1446 2677 1579 2719 de'ssr.
1603 2681 1630 2718 Ι.
