1835 3126
314 164 392 208 ¹20
527 158 723 203 BREVIS
753 157 1147 211 ELOQUENTIAE
1179 157 1313 203 ROM.
1346 160 1490 202 HIST.

315 277 486 315 insontes
516 272 724 312 iudicatae.
784 272 863 313 Sed
892 273 983 313 Sex.
1013 274 1239 315 Peducaeus
1270 276 1444 314 tribunus
1472 274 1598 327 plebis
1629 276 1706 315 cri-

317 341 474 381 minosis
505 339 747 379 contionibus
776 340 822 379 L.
851 340 1055 380 Metellum
1083 342 1302 393 pontificem
1331 342 1537 381 maximum
1565 347 1706 381 totum-

318 419 393 459 que
437 406 646 457 collegium
689 405 793 458 apud
835 407 1021 458 populum
1056 408 1096 446 in
1135 413 1282 448 tantam
1315 408 1474 448 adduxit
1510 408 1706 456 invidiam,

316 479 358 513 ut
394 475 602 524 rogatione
638 474 761 525 ipsius
788 473 833 512 L.
865 474 1047 522 Cassius,
1085 475 1268 527 scopulus
1306 487 1462 515 reorum
1502 476 1625 515 dictus
1657 475 1706 515 ol)

316 541 579 588 severitatem,
619 540 819 592 quaesitor
858 546 1078 589 crearetur,
1121 543 1187 593 qui
1227 541 1274 581 de
1314 553 1433 581 causa
1457 543 1530 582 illa
1559 554 1705 592 cogno-

317 612 443 647 sceret
464 605 547 658 (23).
606 606 790 646 Defendit
818 607 940 658 igitur
967 607 1132 648 Crassus
1158 608 1341 658 gentilem
1371 621 1499 657 suam,
1537 609 1605 648 sed
1636 609 1708 648 etsi

318 674 655 726 eloquentissimus
688 674 815 722 visus,
849 686 926 726 quo
956 675 1080 714 minus
1103 674 1369 722 damnaretur,
1398 672 1609 726 prohibere
1630 687 1708 714 non

316 741 454 793 potuit.
508 741 630 781 Huius
662 741 897 781 defensionis
926 747 1060 794 partes
1091 741 1279 794 quaedam
1311 742 1479 793 scriptae
1506 741 1707 781 Ciceronis

315 812 444 847 aetate
479 809 683 848 exstabant
699 806 794 859 (²¹⁹),
825 820 925 848 nuuc
953 813 1112 860 praeter
1139 821 1275 848 nomen
1305 809 1402 848 nihil
1430 807 1607 847 relictum
1639 813 1708 848 est.

315 874 485 924 Deinde,
509 876 541 914 si
564 875 658 915 fides
675 876 855 916 Ciceroni
876 875 1056 915 habenda
1072 872 1161 927 (3⁰),
1189 887 1347 915 causam
1373 876 1538 913 coloniae
1554 875 1709 913 Narbo-

315 945 441 980 nensis
469 942 716 982 deducendae
748 944 827 993 egit
857 943 1105 994 popularium
1129 948 1262 995 partes
1294 947 1468 989 secutus;
1504 942 1707 993 optimates

317 1009 417 1048 enim
454 1010 708 1058 resistebant,
747 1022 795 1049 ne
834 1009 981 1048 reditus
1018 1021 1066 1049 ex
1104 1021 1203 1060 agro
1244 1010 1402 1061 publico
1433 1009 1705 1046 minuerentur.

317 1076 547 1127 Quanquam
591 1082 697 1117 errat
738 1077 807 1116 ille
850 1076 950 1115 hanc
994 1076 1202 1116 dictionem
1238 1076 1444 1115 Liciniana
1483 1074 1708 1115 defensione

314 1143 572 1194 posteriorem
614 1155 782 1195 ponens:
829 1142 994 1182 deducta
1034 1143 1133 1183 enim
1169 1142 1325 1182 colonia
1359 1142 1493 1182 Narbo
1533 1154 1569 1180 a.
1611 1143 1707 1190 636,

318 1209 453 1249 Crassi
472 1211 655 1250 vicesimo
680 1211 795 1250 tertio
814 1206 896 1260 (3¹).
940 1210 1064 1249 Huius
1089 1211 1278 1250 orationis
1305 1210 1376 1249 etsi
1391 1221 1467 1249 non
1482 1208 1706 1260 infrequens

316 1281 374 1316 est
406 1277 609 1325 memoria,
641 1282 767 1317 tamen
790 1281 948 1329 praeter
974 1278 1201 1316 sententiam
1225 1277 1417 1329 quandam
1439 1276 1706 1316 brevissimam

314 1355 477 1394 eamque
499 1343 700 1383 Ciceronis
729 1345 858 1384 verbis
887 1343 1215 1383 accommodatam
1240 1344 1337 1383 nihil
1365 1356 1413 1383 ex
1441 1354 1489 1382 ea
1514 1343 1706 1394 reliquum

316 1413 374 1448 est
397 1406 480 1458 (32).
539 1410 689 1449 Multas
721 1410 859 1449 deinde
889 1421 1028 1449 causas
1065 1423 1089 1449 a
1121 1410 1265 1450 Crasso
1296 1411 1418 1449 dictas
1449 1421 1532 1448 cum
1563 1421 1634 1461 per
1664 1422 1706 1449 se

314 1475 397 1514 veri
427 1475 553 1514 simile
583 1481 658 1523 est,
689 1481 767 1515 tum
798 1476 997 1516 Ciceronis
1026 1477 1156 1517 verbis
1187 1475 1434 1515 confirmatur
1450 1472 1544 1525 (³3);
1574 1487 1707 1516 verum

313 1553 360 1581 ne
400 1543 556 1582 nomina
585 1541 738 1595 quidem
767 1554 900 1582 earum
930 1541 980 1582 ad
1009 1555 1080 1583 nos
1105 1543 1262 1596 perlata
1291 1548 1391 1583 sunt.
1447 1543 1528 1583 Iam
1556 1547 1705 1595 tempo-

313 1621 397 1649 rum
441 1609 577 1649 ordine
620 1610 799 1661 proxima
841 1614 900 1650 est
941 1613 1069 1648 suasio
1112 1611 1203 1660 legis
1240 1611 1422 1649 Serviliae
1466 1609 1512 1650 de
1550 1608 1706 1649 iudiciis

315 1676 484 1727 equitum
525 1688 608 1715 cum
646 1682 783 1715 senatu
822 1677 1166 1726 communicandis3
1206 1689 1254 1717 ea
1290 1677 1355 1717 lex
1384 1677 1468 1716 lata
1497 1689 1522 1716 a
1547 1677 1706 1717 consule

314 1741 361 1791 Q.
386 1742 555 1782 Servilio
582 1741 781 1794 Caepione
806 1755 841 1783 a.
859 1744 960 1792 648,
992 1744 1058 1794 qui
1075 1744 1255 1784 Ciceroni
1278 1744 1421 1783 natalis
1444 1743 1534 1792 fuit,
1560 1742 1704 1784 Crasso

314 1814 475 1862 quartus
517 1815 553 1849 et
588 1810 804 1849 trIcesimus
831 1807 915 1860 (3⁴¹).
983 1809 1081 1849 Num
1122 1811 1278 1861 perlata
1316 1811 1365 1849 sit
1401 1811 1587 1850 incertum
1626 1816 1705 1860 est;

313 1881 417 1915 certe
446 1877 581 1928 paucis
612 1878 723 1915 annis
753 1882 860 1928 post,
894 1888 978 1916 cum
1008 1876 1174 1916 Crassus
1206 1876 1272 1916 Cn.
1304 1877 1504 1917 Plancium
1533 1877 1705 1917 defendit

312 1942 499 1982 adversus
543 1949 809 1983 accusatorem
849 1944 1032 1992 Brutum,
1079 1944 1227 1995 equites
1273 1943 1499 1983 iudicabant
1528 1941 1621 1996 (35);
1667 1949 1704 1984 et

312 2021 348 2048 a.
381 2011 465 2050 659
501 2010 559 2050 M.
593 2011 726 2051 Livius
755 2011 905 2050 Drusus
942 2012 1070 2062 legem
1099 2011 1293 2051 Serviliae
1327 2011 1561 2050 simillimam
1602 2011 1703 2050 tulit.

312 2075 543 2128 Quanquam
572 2082 659 2116 sunt
690 2078 755 2129 qui
777 2078 985 2119 Serviliam
1012 2078 1181 2118 consulis
1211 2078 1293 2116 alia
1318 2078 1490 2117 Servilia
1515 2078 1703 2117 Glauciae

312 2143 507 2194 praetoris
537 2143 730 2185 sublatam
759 2149 911 2195 putent,
951 2145 1056 2184 velut
1082 2145 1282 2183 Ernestus.
1340 2144 1421 2183 Hos
1451 2149 1577 2183 autem
1608 2157 1701 2197 pro-

402 2294 462 2336 28)
507 2294 567 2328 Sic
609 2301 778 2329 accurate
812 2296 988 2329 Asconius
1025 2295 1070 2329 ad
1104 2294 1344 2329 Milonianam
1377 2306 1406 2329 c.
1446 2295 1497 2329 12.
1541 2295 1583 2330 cf.
1617 2294 1697 2331 Liv.

313 2350 399 2394 epit.
420 2349 549 2384 LXIII.
581 2350 766 2386 Plutarch.
788 2351 938 2389 Quaest.
955 2351 999 2386 R.
1030 2363 1063 2396 p.
1087 2350 1163 2385 360.
1184 2351 1304 2393 Hutt.‚
1335 2351 1431 2396 apud
1459 2363 1563 2396 quein
1589 2353 1700 2385 corri-

311 2405 464 2450 gendum
478 2405 668 2446 ,Βετούτιος
680 2404 824 2455 Βάρρος
838 2419 904 2452 pro
919 2409 1110 2445 Βουτέτιος
1126 2405 1318 2454 βάρβαρος,
1340 2407 1566 2453 castigandus
1582 2415 1699 2442 autem

311 2473 414 2496 error
445 2462 630 2507 scriptoris
663 2475 738 2498 rent
772 2463 818 2497 ad
842 2463 982 2498 Punica
1014 2470 1181 2508 tempora
1212 2464 1414 2498 referentis.
1530 2463 1590 2506 29)
1624 2464 1697 2499 Cic.

310 2517 414 2552 Brut.
439 2518 504 2561 43,
542 2519 617 2554 160.
713 2519 772 2562 30)
806 2520 878 2556 Cic.
910 2520 932 2554 l.
959 2531 989 2554 c.
1083 2520 1142 2561 31)
1174 2520 1307 2555 Vellei.
1333 2519 1359 2554 l.
1388 2519 1439 2554 15.
1482 2520 1524 2555 cf.
1551 2521 1624 2555 Cic.
1653 2520 1699 2554 de

311 2572 374 2609 Or.
396 2573 439 2608 11.
464 2575 520 2617 55,
543 2575 621 2611 223.
656 2588 690 2622 p.
718 2577 857 2611 Cluent.
884 2576 938 2611 51.
969 2575 1176 2613 Quintilian.
1205 2576 1263 2611 Vl.
1291 2577 1332 2618 3,
1358 2577 1413 2612 44.
1530 2576 1590 2620 32)
1624 2576 1698 2610 Cic.

311 2628 381 2665 Off.
407 2630 450 2666 11.
480 2631 542 2673 IS,
565 2632 621 2667 (33.
725 2632 785 2676 33)
812 2633 883 2669 Cic.
912 2632 1012 2667 Brut.
1041 2632 1062 2666 1.
1090 2644 1116 2665 c.
1218 2633 1277 2676 34)
1303 2634 1376 2669 Cic.
1404 2632 1507 2669 Brut.
1528 2633 1590 2675 43,
1619 2632 1695 2668 161.

310 2686 370 2730 35)
393 2687 465 2722 Cic.
495 2687 636 2723 Cluent.
660 2689 714 2723 51.
