1835 3126
358 208 555 252 BREVIS
587 208 982 261 ELOQUENTIAE
1014 209 1148 253 ROM.
1179 209 1321 253 IIIST.
1427 213 1540 257 12?

143 324 462 375 compositionem
504 323 720 375 sordesque
763 323 970 363 verborum
1013 321 1273 376 reprehendat
1302 321 1383 375 (²2).
1455 323 1537 365 Sed

143 390 343 431 Secundus
393 392 596 442 utriusque
649 391 863 430 sententiae
912 390 1058 430 medius
1112 397 1149 431 et
1203 391 1322 431 iudex
1370 392 1539 443 aequior

141 457 401 508 granditatem
438 458 689 497 consiliorum
730 457 964 509 dignumque
998 458 1150 497 homine
1177 458 1303 497 libero
1337 463 1373 497 et
1402 458 1534 497 futuro

139 524 316 575 princ-ipe
360 525 526 565 civitatis
562 524 713 564 dicendi
751 536 874 575 genus
909 526 1019 563 iustis
1053 525 1234 564 laudibus
1271 524 1424 564 extollit
1448 521 1537 574 (23).

140 590 235 629 Cum
261 591 334 630 hoc
365 592 607 631 consentiens
631 592 890 642 Quintilianus
922 592 1077 631 multum
1102 592 1141 631 in
1172 603 1217 631 eo
1241 591 1363 631 fuisse
1384 592 1535 642 ingenii

137 657 284 696 iudicat
321 658 555 710 dignumque
593 659 654 698 cui
693 665 729 698 et
768 672 873 699 mens
910 659 1048 698 melior
1078 664 1115 698 et
1142 659 1222 698 vita
1251 658 1410 709 longior
1439 670 1532 698 con-

138 725 291 774 tigisset
309 722 391 774 (2⁴).
437 726 572 777 Itaque
601 726 741 776 dignus
772 727 808 765 ei
835 726 940 766 visus
967 730 1042 772 est,
1077 737 1125 763 ex
1156 725 1262 764 cuius
1290 725 1538 765 orationibus

139 792 318 843 exempla
341 791 602 832 studiosorum
624 792 829 831 imitationi
844 793 883 830 in
898 792 1032 842 primis
1048 790 1190 829 idonea
1205 797 1432 842 excerperet
1449 789 1535 843 (²5).

138 857 336 909 Excerpta
367 869 416 897 ex
446 869 491 897 eo
523 858 598 897 sihi
627 858 745 896 missa
775 868 861 895 esse
890 857 948 895 M.
972 856 1188 895 Antoninus
1217 856 1405 895 Frontoni
1434 858 1533 896 scri-

138 924 194 962 bit
211 921 296 974 (²⁶).
339 924 434 963 Post
462 924 561 962 hunc
591 935 616 961 a
645 922 829 962 studiosis
856 922 979 962 lectus
1011 926 1047 961 et
1074 921 1251 973 exemplo
1274 923 1428 961 habitus
1454 935 1534 963 non

136 990 308 1030 videtur:
338 1001 427 1028 nam
455 989 578 1029 verba
606 1000 700 1028 sane
730 989 866 1041 aliqua
895 993 1057 1041 propter
1079 988 1384 1040 qualemcunque
1406 990 1537 1029 ratio-

135 1068 222 1095 nem
269 1056 561 1106 grammaticam
609 1068 634 1095 a
673 1056 877 1096 Prisciano
922 1055 1091 1107 aliisque
1136 1055 1232 1094 artis
1274 1056 1535 1107 scriptoribus

133 1123 282 1174 apponi
327 1122 512 1162 videmus.
577 1123 612 1162 A
656 1122 834 1163 doctrina
871 1122 1029 1163 Caelius
1072 1133 1151 1161 non
1191 1126 1270 1161 tam
1311 1128 1453 1162 natura
1495 1127 1538 1162 et.

135 1189 278 1229 iudicio
303 1190 576 1236 abhorruisse,
608 1201 723 1241 quam
744 1190 966 1229 turbulento
996 1190 1155 1240 ingenio
1186 1194 1223 1229 et
1243 1189 1402 1228 luxuria
1426 1190 1534 1229 vitae

137 1255 322 1295 abductus
368 1267 454 1295 esse
490 1256 655 1296 videtur.
724 1257 838 1298 Certe
873 1269 950 1296 non
986 1256 1183 1307 reperitur
1218 1255 1319 1294 alius
1356 1255 1534 1304 Caelius,

136 1323 198 1361 cui
226 1324 285 1363 M.
315 1322 442 1364 Varro
480 1323 621 1362 librum
659 1336 769 1363 suum
806 1324 853 1363 de
891 1323 1109 1374 geometria
1136 1322 1393 1374 inscripserit.
1451 1322 1533 1363 Sed

136 1389 240 1440 quod
279 1390 395 1429 etiam
429 1402 454 1429 a
487 1390 677 1430 Cicerone
710 1392 853 1430 librum
884 1390 959 1429 sibi
988 1389 1149 1428 inscribi
1179 1389 1283 1440 cupit
1305 1385 1376 1439 (2⁷)
1404 1389 1531 1439 magis

134 1456 333 1495 ambitiosi
365 1462 442 1505 est,
489 1470 604 1509 quam
632 1458 836 1497 literarum
863 1456 1045 1496 studiosi:
1087 1467 1165 1495 non
1193 1456 1292 1495 enim
1321 1455 1535 1493 familiari-

135 1527 215 1561 tate
249 1522 393 1570 solum,
422 1523 490 1562 sed
522 1525 637 1563 etiam
663 1523 877 1563 studiorum
908 1522 1173 1562 communione
1197 1533 1281 1561 cum
1306 1521 1534 1574 aequalium

133 1588 399 1629 literatissimo
431 1591 655 1630 coniunctus
685 1590 809 1630 videri
839 1589 1009 1629 volebat.

246 1655 401 1705 Restat,
433 1662 472 1696 ut
502 1657 548 1696 de
579 1658 706 1696 causis
737 1657 928 1705 dicamus,
961 1667 1058 1707 quas
1089 1654 1188 1704 egit,
1219 1658 1256 1692 et
1282 1653 1330 1693 de
1351 1654 1536 1706 reliquiis

132 1722 354 1762 orationum
394 1724 622 1764 testimoniis
665 1724 898 1775 scriptorum
940 1732 1012 1773 per
1057 1720 1324 1771 antiquitatem
1366 1721 1530 1772 sparsis.

132 1788 182 1827 Et
223 1791 511 1830 accusationum
548 1790 721 1841 quidem,
762 1801 859 1841 quas
900 1793 1002 1835 treS,
1044 1797 1175 1826 omnes
1220 1797 1241 1826 e
1276 1797 1320 1825 re
1358 1786 1531 1838 publica,

132 1855 253 1894 fuisse
283 1855 420 1896 Cicero
461 1855 553 1895 dicit
576 1853 665 1907 (28),
706 1855 806 1895 duae
844 1855 939 1894 satis
970 1858 1086 1893 notae
1116 1858 1203 1892 sunt
1235 1853 1273 1891 G.
1305 1854 1463 1891 Antonii
1492 1857 1534 1892 et

132 1923 179 1961 L.
211 1923 394 1961 Atratini.
452 1923 642 1962 Antonius
670 1922 933 1962 Macedoniae
971 1919 1183 1973 proconsul
1223 1931 1295 1971 per
1323 1919 1532 1958 triennium

132 1987 376 2039 praefuerat,
408 2000 457 2028 ex
482 2002 560 2042 qua
587 1971 792 2042 provincia
826 1988 984 2029 Caelius
1016 1999 1101 2027 eum
1129 1985 1430 2038 repetundarum
1461 1997 1534 2024 ac-

133 2055 281 2095 cusavit
308 2055 580 2108 damnavitque
595 2054 680 2107 (2¹³).
724 2056 873 2096 Iniuria
896 2055 1135 2107 disceptatur
1158 2053 1325 2106 pecunia
1345 2052 1533 2091 multatus

132 2132 182 2159 an
216 2121 257 2160 in
296 2122 477 2162 exsilium
518 2124 662 2163 eiectus
697 2123 885 2163 Antonius
922 2122 971 2161 sit
994 2117 1080 2171 (3⁰).
1141 2119 1239 2159 Nam
1276 2130 1402 2170 neque
1441 2118 1533 2158 sola.

133 2188 254 2227 multa
288 2189 401 2228 huius
439 2189 571 2229 delicti
609 2190 764 2241 culpam
804 2200 852 2227 ea
881 2192 1008 2226 aetate
1037 2186 1158 2224 luisse
1187 2196 1278 2224 reos
1309 2189 1462 2223 constat
1491 2188 1533 2223 et

132 2254 290 2293 miseria
317 2255 390 2293 illa
418 2256 594 2304 Antonii,
627 2256 674 2296 de
702 2266 779 2305 qua
801 2253 939 2293 Cicero
969 2251 1148 2303 pluribus
1180 2251 1399 2290 orationum
1428 2250 1530 2289 locis

132 2320 325 2371 queritur,
362 2332 439 2359 non
468 2326 596 2372 potest
623 2321 698 2360 nisi
729 2319 874 2360 exsulis
904 2317 1071 2368 intelligi
1088 2313 1170 2367 (3¹).
1230 2316 1530 2368 Subscriptores

132 2386 290 2426 Caelius
319 2387 455 2426 habuit
485 2388 530 2437 Q.
553 2387 716 2427 Fabium
741 2386 957 2427 Maximum
986 2389 1023 2423 et
1056 2383 1100 2424 G.
1126 2382 1326 2424 Caninium
1352 2382 1527 2431 Gallum3

222 2505 281 2548 22)
307 2505 404 2541 Dial.
432 2506 476 2540 de
500 2504 564 2541 Or.
589 2506 642 2542 18.
672 2510 708 2540 et
731 2505 786 2542 21.
882 2503 941 2546 23)
970 2503 993 2539 l.
1015 2513 1045 2537 c.
1071 2513 1100 2538 c.
1121 2502 1177 2536 25.
1300 2501 1359 2545 24)
1390 2501 1459 2539 Qu.
1478 2501 1524 2537 X.

135 2561 171 2602 l,
199 2561 273 2595 115.
390 2562 450 2604 25)
478 2562 547 2600 Qu.
567 2562 633 2599 1V.
654 2563 697 2605 2,
720 2562 795 2597 123.
821 2574 856 2597 v.
876 2559 979 2595 infra.
1097 2557 1158 2602 26)
1183 2568 1220 2603 p.
1239 2557 1294 2593 32.
1322 2557 1378 2592 ed.
1396 2557 1524 2592 Berol.

130 2617 189 2659 27)
215 2617 360 2654 Divers.
386 2617 482 2652 V111.
507 2618 539 2654 3.
656 2619 716 2662 28)
742 2619 816 2654 Cic.
840 2617 945 2652 Brut.
966 2615 1031 2658 79,
1055 2614 1133 2650 273.
1251 2613 1311 2657 29)
1339 2613 1423 2649 vide
1447 2613 1522 2648 Cic.

130 2684 167 2718 p.
193 2672 317 2708 Caelio
342 2675 374 2709 7.
401 2680 437 2709 et
460 2674 515 2709 31.
549 2675 654 2721 Pigh.
678 2675 735 2712 111.
762 2687 797 2721 p.
822 2673 901 2708 334.
928 2671 997 2707 340
1013 2682 1093 2717 sqq.
1210 2670 1271 2714 30)
1304 2670 1452 2715 Quippe
1476 2669 1527 2705 ab

131 2730 245 2777 intpp.
273 2730 320 2767 ad
342 2730 503 2779 Philipp.
523 2730 565 2767 11.
586 2732 641 2768 23.
759 2731 817 2777 31)
846 2730 920 2768 cic.
944 2729 981 2766 in
1000 2728 1124 2767 Vatin.
1146 2727 1198 2763 11.
1232 2726 1328 2764 Phil.
1354 2725 1398 2763 11.
1419 2725 1476 2762 38.
