1835 3126
523 139 784 184 BRUTUS
825 139 944 184 CAP.
975 140 1043 186 59.
1072 142 1140 185 60.
1397 143 1524 190 255

248 250 341 295 LX.
371 250 465 295 Reli
503 308 514 315 ἢ
515 265 563 315 31„
566 252 780 315 §lRlelm
791 265 957 308 ,magere
989 254 1321 320 sst-mssm11¹i,ssffz‚
1346 255 1389 296 in
1413 261 1524 298 utro-

137 345 214 389 que
253 330 478 374 cachinnos
516 331 770 373 irridcntium
809 332 1103 375 commovebat.
1162 314 1305 375 Motus
1344 341 1432 376 erat
1473 336 1523 386 is,

135 423 254 466 quem
290 416 329 451 et
368 408 412 451 G.
452 408 580 452 Iulius
618 412 659 451 in
696 418 930 467 perpetuum
966 413 1139 462 notavit,
1179 424 1268 453 cum
1308 424 1358 453 ex
1395 425 1444 454 eo
1482 414 1524 455 in

134 495 346 543 utramque
388 495 545 544 partem
584 495 668 531 toto
708 502 879 545 corpore
910 490 1133 532 vacillante
1165 491 1388 546 quaesivit,
1430 493 1522 544 quis

134 567 373 620 loqueretar
410 581 429 608 e
460 569 603 617 lintre;
644 575 683 610 ct
724 567 795 609 Gn.
829 567 1012 611 Sicinius
1049 568 1171 611 homo
1210 570 1409 625 impurus,
1448 568 1523 610 sed

134 645 351 687 admodum
399 646 617 697 ridiculus,
662 660 794 702 neque
841 647 953 688 aliud
999 649 1042 689 in
1078 661 1127 689 eo
1170 648 1348 690 oratoris
1387 646 1522 689 simile

134 727 380 778 quicquam:
446 725 544 767 217.
596 726 632 766 is
674 738 764 767 cum
811 725 996 766 tribunus
1040 725 1174 781 plebis
1220 723 1439 767 Curionem
1484 731 1523 767 et

135 800 349 844 Octavium
393 802 587 845 consules
630 803 892 858 produxisset
930 802 1136 857 Curioque
1179 802 1307 843 multa
1351 803 1523 844 dixisset

131 880 300 922 sedente
340 879 412 921 Cn.
451 877 624 921 Octavio
662 879 847 933 collega,
892 880 961 933 qui
1000 878 1211 920 devinctus
1248 885 1337 921 erat
1374 880 1522 922 fasciis

131 964 171 999 et
200 958 337 999 multis
367 956 679 998 medicamentis
710 962 874 1012 propter
904 955 1090 998 dolorem
1122 963 1278 998 artuum
1302 956 1521 1007 delibutus,

114 1035 378 1088 JVunquam,
419 1035 570 1089 inquit,
616 1034 783 1081 Octavi,
821 1036 994 1087 colleoae
1027 1042 1097 1077 luo
1132 1037 1315 1088 qratiam
1344 1036 1519 1088 reseres:

129 1115 201 1167 qui
234 1115 318 1154 nisi
357 1125 397 1154 se
436 1125 511 1154 suo
555 1125 670 1154 more
707 1114 963 1160 memissa,
1001 1115 1121 1154 hodie
1162 1120 1197 1155 te
1233 1115 1325 1154 istic
1356 1125 1521 1154 muscae

128 1193 407 1234 comedissent.
451 1189 661 1233 Memoria
690 1196 824 1232 autem
853 1192 911 1232 ita
934 1190 1007 1232 suit
1028 1189 1161 1240 nulla,
1192 1197 1233 1232 ut
1256 1190 1520 1246 ahsluotiens,

126 1271 208 1311 tria
247 1283 337 1311 cum
370 1271 674 1325 proposuisset,
716 1275 784 1310 aut
824 1275 1011 1324 quartum
1048 1269 1217 1311 adderet
1255 1275 1323 1311 aut
1358 1271 1521 1311 tertium

129 1354 367 1405 quaereret:
410 1349 477 1403 qui
515 1350 558 1389 in
591 1347 745 1389 iudicio
786 1348 946 1403 privato
977 1347 1045 1390 vel
1070 1361 1280 1397 maxumo,
1318 1360 1408 1389 cum
1439 1360 1520 1399 ego

126 1440 200 1483 pro
233 1425 392 1468 Titinia
422 1424 566 1467 Cottae
595 1427 920 1481 peroravissem,
948 1425 1020 1468 ille
1052 1433 1196 1468 contra
1226 1439 1289 1468 me
1320 1439 1393 1482 pro
1427 1423 1520 1467 Ser.

126 1503 288 1547 Naevio
326 1504 500 1554 diceret,
547 1503 682 1546 subito
720 1511 846 1547 totam
884 1517 1055 1547 causam
1097 1504 1249 1547 oblitus
1292 1511 1355 1546 est
1395 1504 1519 1559 idque

125 1583 339 1627 veneficiis
385 1589 424 1625 et
469 1582 729 1625 cantionibus
767 1582 951 1625 Titiniae
1001 1584 1153 1626 sactum
1199 1596 1294 1625 esse
1341 1582 1518 1625 dicebat.

125 1662 221 1705 218.
267 1661 428 1717 Magna
471 1661 576 1704 haec
618 1663 869 1704 immemoris
912 1663 1055 1716 ingeni
1099 1663 1246 1716 signa:
1292 1661 1368 1703 sed
1416 1659 1520 1702 nihil

1472 1743 1484 1758 x

127 1807 372 1851 instruendo]
399 1809 440 1841 in
464 1806 649 1840 struendo
674 1806 730 1841 ed.
758 1818 812 1851 pr.
852 1806 919 1853 Lg.
943 1806 998 1841 39.
1024 1806 1078 1842 51.
1117 1805 1209 1841 Ven.
1237 1806 1267 1842 l.
1317 1806 1454 1842 Contra
1478 1807 1520 1841 in

127 1876 196 1900 om.
222 1863 288 1908 Lg.
316 1869 398 1897 cett.
427 1869 572 1906 praeter
597 1863 674 1905 20.,
703 1863 788 1896 item
815 1862 882 1897 Gu.
910 1864 940 1899 l.
964 1883 1010 1887 —-

213 1946 294 1982 LX.
341 1946 576 1991 loqueretur]
598 1944 778 1990 loquetur
797 1946 852 1981 ed.
874 1958 927 1992 pr.
951 1946 1018 1993 Lg.
1040 1951 1187 1992 praeter
1203 1946 1257 1981 51.
1274 1966 1320 1971 —
1345 1958 1365 1980 e
1385 1946 1517 1990 lintre]

123 2004 289 2045 eluntre,
323 2003 467 2044 elatre,
503 2002 701 2044 aclantre,
738 2003 928 2044 ehmtrz‘oe,
967 2003 1137 2038 elambi-e
1172 2003 1239 2049 Lg.
1271 2009 1415 2048 praeter
1440 2003 1518 2045 56.;

122 2062 206 2096 item
232 2061 313 2095 Vat.
350 2059 471 2094 Gusl.
496 2079 542 2084 ——-
577 2057 770 2102 Sicinius]
798 2058 970 2094 Sinnius
995 2060 1061 2094 Gu.
1085 2060 1112 2094 l.
1134 2080 1179 2084 -—-
1216 2061 1402 2103 oratoris]
1430 2071 1518 2093 ora-

125 2121 204 2153 tori
226 2117 287 2162 Lg.
308 2121 456 2161 praeter
472 2115 547 2157 20„
571 2116 605 2148 in
628 2126 697 2159 quo
714 2122 768 2150 est
790 2121 966 2156 oratore5
993 2116 1058 2150 sed
1076 2119 1251 2150 oratoris
1273 2115 1364 2151 Ven.
1385 2117 1413 2151 1.
1439 2114 1516 2151 Ott.

212 2200 291 2234 217.
341 2200 390 2242 is]
417 2198 498 2233 add.
525 2200 628 2232 enim
654 2197 708 2232 ed.
734 2210 785 2244 pr.
819 2198 964 2244 Meyer.
991 2219 1037 2224 —-—
1071 2199 1247 2243 artuum]
1274 2211 1343 2233 om.
1370 2198 1437 2245 Lg.
1458 2198 1514 2234 35.

122 2257 213 2292 Ven.
227 2256 259 2290 2.
292 2257 439 2289 artium
459 2254 511 2289 70.
544 2257 702 2289 auriam
723 2255 779 2289 ed.
796 2267 848 2300 pr.
862 2276 907 2280 —
930 2256 1122 2301 qratiam]
1143 2258 1299 2301 qratia?
1320 2255 1385 2301 Lg.
1400 2255 1515 2290 35.—

123 2312 375 2358 aliquotiens]
411 2311 561 2345 formam
590 2311 693 2345 unice
722 2310 994 2346 Ciceronianam
1029 2311 1095 2357 Lg.
1122 2323 1264 2354 omnes,
1304 2311 1395 2346 Ven.
1426 2313 1453 2346 l.
1480 2312 1512 2346 2.

121 2367 196 2405 Ott.
236 2370 303 2403 Gn.
332 2367 360 2402 1.
389 2387 433 2391 -
474 2368 678 2411 maxumo]
712 2368 764 2401 sic
795 2366 861 2413 Lg.
888 2368 921 2402 8.
954 2368 1009 2403 39.
1042 2368 1096 2402 51.
1130 2368 1183 2402 53.
1215 2368 1270 2402 58.
1301 2368 1354 2403 68.
1388 2369 1442 2403 70.
1468 2389 1513 2394 —-

127 2426 290 2468 Titinia]
319 2426 457 2459 licinia
482 2423 546 2469 Lg.
569 2424 624 2459 20.
672 2427 833 2459 cecinna
860 2424 926 2460 Gu.
955 2426 983 2460 l.
1007 2445 1051 2450 —
1080 2426 1390 2471 peroravissem]
1417 2437 1510 2472 pro-

121 2483 363 2518 curavissem
390 2480 457 2515 Gn.
485 2482 513 2515 l.
538 2500 584 2506 —
624 2478 708 2515 Ser.
736 2481 906 2526 Naevio]
933 2480 1027 2517 Sex.
1055 2481 1205 2516 Naevio
1229 2481 1355 2517 Lamb.
1385 2493 1429 2515 ex
1457 2493 1509 2517 or.

119 2551 154 2585 p.
170 2538 314 2576 Quinct.
332 2539 359 2573 l.
374 2550 382 2579 3
401 2536 466 2571 sed
484 2537 655 2572 incertum
672 2549 754 2572 num
771 2538 864 2572 idem
881 2539 939 2573 sit.
977 2538 1091 2575 Codd.
1108 2541 1243 2579 nenio,
1264 2544 1301 2572 ut
1320 2537 1450 2572 solent.
1464 2556 1509 2563 ——

123 2594 309 2638 Titiniae]
336 2596 498 2629 liciniae
521 2593 589 2641 Lg.
613 2594 669 2630 20.
720 2597 817 2630 tinie
841 2596 885 2630 70
906 2607 997 2631 corr.

209 2674 289 2709 218.
339 2674 485 2720 inqeni]
520 2674 573 2709 sic
601 2673 669 2720 Lg.
696 2674 730 2711 8.
756 2674 811 2710 51.
851 2674 943 2710 Ven.
970 2673 1000 2710 1.
1025 2693 1071 2699 —
1107 2671 1423 2718 obliviscebatur]
1457 2674 1509 2709 sic
