1835 3126
273 157 405 204 248
798 154 1147 199 CICERONIS

275 278 528 314 maxumum,
567 264 694 319 quod,
735 277 826 307 cum
863 268 1122 309 contentione
1153 267 1353 310 orationis
1381 264 1546 307 flectere
1577 265 1668 306 ani-

275 356 366 387 mos
409 342 589 384 iudicum
623 342 693 384 vix
729 348 872 397 posset
902 356 980 385 nec
1020 345 1184 386 omnino
1223 357 1272 387 eo
1310 358 1465 399 genere
1501 344 1669 393 diceret,

275 421 492 464 tractando
530 426 667 462 tamen
706 419 964 475 impellebat,
1001 426 1043 461 ut
1072 420 1181 461 idem
1207 420 1393 463 facerent
1423 435 1448 464 a
1479 436 1523 464 se
1558 435 1670 464 com-

277 501 397 549 moti,
442 498 549 553 quod
590 511 616 540 a
655 496 840 554 Sulpicio
890 499 1096 540 concitati.
1156 497 1252 538 203.
1296 496 1386 539 Fuit
1429 501 1537 541 enim
1574 498 1671 540 Sul-

276 578 410 634 picius
439 576 508 618 vel
538 589 725 618 maxume
759 577 959 626 omnium,
999 589 1102 631 quos
1130 575 1292 631 quidem
1322 589 1400 630 ego
1432 577 1671 626 audiverim,

279 654 452 709 grandis
479 660 538 704 et,
565 662 607 696 ut
628 656 687 696 ita
715 654 863 703 dicam,
888 655 1074 708 tragicus
1104 660 1255 695 orator.
1301 667 1381 695 vox
1409 667 1499 696 cum
1522 666 1674 707 magna

278 739 361 774 tum
388 733 528 774 suavis
560 738 599 774 et
631 732 870 788 splendida3
900 738 1042 786 gestus
1071 737 1110 773 et
1138 738 1271 773 motus
1303 732 1489 787 eorporis
1519 732 1577 772 ita
1603 744 1676 773 ve-

279 816 446 860 nustus,
492 817 534 852 ut
578 817 715 852 tamen
756 810 808 852 ad
853 809 1005 860 forum,
1050 823 1133 852 non
1174 809 1226 851 ad
1265 822 1433 851 scenam
1469 810 1675 851 institutus

279 888 511 939 videretur3
551 889 722 931 incitata
759 895 798 930 et
826 888 1043 938 volubilis,
1081 901 1158 930 nec
1190 900 1241 929 ea
1273 887 1508 929 redundans
1537 894 1675 928 tamen

280 979 360 1008 neo
405 966 690 1009 circumfluens
734 968 881 1009 oratio.
947 965 1144 1008 Crassum
1187 965 1254 1008 hie
1296 965 1463 1008 volebat
1503 965 1676 1015 imitari3

283 1042 405 1086 Cotta
434 1044 615 1086 malebat
645 1044 890 1086 Antonium:
934 1045 1009 1087 sed
1038 1044 1088 1086 ab
1124 1044 1203 1087 hoe
1236 1045 1299 1086 vis
1332 1044 1477 1086 aberat
1505 1043 1673 1092 Antoni,

283 1120 429 1162 Crassi
473 1121 524 1162 ah
564 1122 637 1163 illo
679 1121 810 1177 lepos.
870 1121 965 1164 204.
1005 1121 1038 1163 Ο
1082 1136 1293 1176 magnam,
1332 1124 1478 1177 inquit,
1532 1128 1672 1171 artem,

280 1197 459 1241 Brutus:
515 1201 551 1240 si
596 1198 759 1253 quidem
803 1200 922 1249 istis,
969 1212 1058 1240 cum
1103 1200 1249 1240 summi
1288 1206 1428 1241 essent
1475 1206 1677 1249 oratores,

285 1276 390 1319 duae
422 1290 490 1318 res
516 1289 760 1326 maxumae,
791 1276 924 1318 altera
955 1276 1075 1318 alteri
1106 1276 1246 1318 defuit.

396 1352 500 1395 LVI.
538 1354 673 1409 Atque
704 1355 747 1396 in
773 1353 838 1396 his
870 1355 1104 1397 oratoribus
1136 1355 1240 1397 illud
1272 1355 1676 1397 animadvertendum

285 1436 349 1474 est
389 1445 515 1488 posse
562 1445 658 1474 esse
707 1446 910 1483 summos,
956 1434 1025 1489 qui
1069 1434 1176 1475 inter
1217 1447 1262 1476 se
1309 1436 1389 1476 sint
1436 1434 1675 1476 dissimiles.

284 1509 389 1552 nihil
430 1511 538 1552 enim
578 1517 662 1551 tam
702 1511 905 1552 dissimile
945 1525 1066 1567 quam
1101 1510 1220 1554 Cotta
1251 1510 1457 1568 Sulpicio,
1501 1519 1539 1554 et
1569 1519 1679 1554 uter-

286 1601 364 1643 que
413 1587 661 1643 aequalibus
715 1590 802 1630 suis
850 1589 1078 1644 plurumum
1123 1591 1339 1645 praestitit.
1415 1589 1553 1640 Quare
1599 1589 1679 1632 hoc

287 1665 469 1707 doctoris
513 1665 794 1720 intellegentis
843 1672 906 1708 est
953 1668 1095 1710 videre
1140 1682 1219 1722 quo
1265 1668 1372 1709 ferat
1410 1675 1559 1708 natura
1603 1681 1680 1709 sua

287 1756 488 1799 quemque
519 1750 559 1786 et
589 1757 642 1786 ea
673 1744 776 1787 duce
804 1752 983 1787 utentem
1015 1747 1077 1788 sie
1112 1747 1345 1796 instituere,
1382 1752 1425 1787 ut
1453 1744 1680 1788 Isocratem

286 1865 412 1908 mum]
437 1866 488 1899 sic
512 1865 578 1910 Lg.
600 1865 631 1901 8.
653 1866 708 1901 35.
727 1866 782 1902 51.
804 1866 859 1901 53.
881 1865 935 1900 58.
958 1865 1013 1901 68.
1034 1866 1088 1901 70.
1124 1864 1201 1902 Ott.
1226 1886 1272 1891 —-
1307 1878 1396 1901 cum
1420 1868 1679 1911 contentione]

288 1932 377 1956 cum
403 1933 471 1955 om.
499 1921 565 1955 Gu.
592 1923 621 1957 l.

381 1977 460 2011 203.
507 1979 709 2022 maxume]
734 1985 771 2013 ut
797 1978 824 2024 ξ.
849 1978 948 2021 202,
973 1982 1118 2023 praeter
1142 1976 1209 2022 Lg.
1235 1977 1290 2012 35.
1314 1995 1359 2002 —
1393 1979 1583 2021 omnium]
1609 1990 1677 2013 om.

288 2032 357 2078 Lg.
378 2032 411 2066 8.
431 2032 485 2067 39.
512 2033 566 2066 51.
593 2034 646 2068 56.
669 2035 723 2069 58.
761 2034 827 2068 Gu.
854 2036 883 2068 l.
908 2054 953 2058 —
993 2034 1228 2076 audiverim]
1254 2034 1451 2068 audierim
1474 2035 1540 2080 Lg.
1561 2035 1614 2070 35.
1632 2055 1679 2061 —-

290 2100 377 2124 eum
396 2090 555 2134 musmo]
583 2093 668 2123 tum
691 2101 741 2124 m.
770 2090 836 2126 Gu.
860 2091 888 2124 l.
910 2108 956 2114 ·--
989 2100 1059 2123 uec
1084 2090 1146 2132 ea]
1173 2100 1242 2123 nec
1265 2093 1323 2124 ita
1349 2090 1416 2124 Gu.
1440 2092 1468 2125 1.
1490 2111 1535 2116 —
1567 2090 1680 2125 Cras-

289 2156 377 2179 sum
401 2144 465 2179 hic
489 2144 642 2178 volebat
667 2146 838 2188 imitari]
869 2145 927 2181 Cr.
949 2145 1034 2186 hic,
1058 2150 1103 2179 ut
1126 2144 1228 2180 milti
1250 2146 1407 2180 videtur
1429 2146 1501 2181 vol.
1529 2150 1595 2182 im..
1622 2148 1679 2184 ed.

289 2212 343 2246 pr.
370 2221 415 2225 -—
450 2200 613 2245 Antoni]
640 2201 707 2247 Lg.
733 2202 765 2236 8.
791 2201 846 2235 35.
873 2202 929 2235 51.
956 2202 1011 2236 53.
1039 2201 1093 2236 58.
1120 2202 1174 2236 70.
1213 2201 1296 2236 Vat.

380 2267 459 2302 204.
508 2274 658 2310 artem,
692 2268 862 2312 Brutus]
900 2270 972 2304 inV.
1010 2268 1065 2302 ed.
1097 2279 1151 2314 pr.
1183 2288 1228 2294 ——-
1269 2271 1501 2314 mcccvumae]
1533 2272 1584 2305 sic
1615 2270 1682 2318 Lg.

292 2329 441 2369 praeter
465 2325 520 2361 20.
545 2325 602 2361 56.

381 2390 477 2425 LVI.
527 2390 726 2438 Sulpicio]
741 2390 917 2439 Sulpicii
929 2392 1077 2437 corrigit
1090 2391 1255 2437 Madvig.
1271 2393 1306 2426 in
1321 2393 1394 2428 Cic.
1410 2393 1485 2427 Fin.
1500 2406 1532 2438 p.
1545 2393 1622 2429 633.
1637 2414 1682 2419 —

285 2446 533 2493 plurumum]
565 2449 731 2482 multum
761 2448 827 2494 Lg.
862 2448 915 2483 39.
951 2460 977 2482 u
1012 2449 1142 2482 retinui
1177 2450 1253 2483 sine
1288 2450 1396 2485 libris.
1446 2449 1561 2483 Paulo
1598 2456 1683 2484 ante

291 2502 417 2537 Lamb.
458 2508 501 2537 at
536 2508 720 2549 uterque,
759 2511 887 2539 contra
921 2504 1033 2538 libros
1071 2509 1106 2537 et
1141 2505 1198 2540 ed.
1234 2517 1288 2550 pr.
1321 2527 1367 2533 —
1408 2506 1681 2551 intelleqenlz's]

293 2557 359 2604 Lg.
377 2559 408 2592 S.
427 2558 482 2594 51.
509 2557 585 2596 Ott.
601 2581 646 2584 -—
672 2560 896 2606 lenissumo]
921 2561 1125 2596 levis-sumo
1146 2560 1213 2607 Lg.
1231 2561 1286 2596 35.
1304 2562 1358 2598 70.
1385 2560 1509 2597 ottob.
1527 2574 1620 2598 corr.
1637 2582 1681 2587 —-

295 2614 487 2659 calcaria]
515 2615 649 2651 calcar·
674 2617 729 2652 ed.
756 2629 809 2662 pr.

386 2671 465 2707 205.
516 2670 686 2719 Sulpici]
712 2673 775 2720 Lg.
801 2674 834 2712 8.
859 2672 914 2709 35.
940 2672 993 2707 51.
1018 2672 1074 2710 53.
1095 2672 1148 2708 70.
1179 2672 1325 2710 Vat.—-
1351 2673 1570 2718 consuesse]
1595 2682 1682 2708 con-
