1835 3126
366 173 567 219 BREVIS
598 172 995 227 ELOQUENTIAE
1026 174 1162 221 ROM.
1192 174 1335 218 HIST.
1441 177 1548 221 14?

151 297 193 332 ut
220 291 349 331 mitior
376 290 492 329 etiam
522 295 559 330 et
587 289 740 329 dulcior
768 290 854 342 ipso
879 289 1069 330 Cicerone
1096 290 1230 338 fuerit,
1262 300 1412 338 eorum,
1445 301 1546 342 quae

151 363 348 399 oratorem
377 357 592 409 perfectum
620 357 767 396 habere
798 356 924 406 decet,
960 369 1040 396 una
1068 358 1310 398 vehementia
1342 356 1547 397 affectuum

151 424 427 465 movendorum
468 424 615 472 caruit,
655 423 828 464 docendo
867 429 903 464 et
939 424 1187 475 delectando,
1223 436 1339 477 quam
1377 423 1427 464 ad
1456 435 1546 477 per-

148 492 370 533 suasionem
400 490 576 543 cogendo
608 490 778 532 auditori
807 492 990 532 intentior
1007 488 1093 541 (⁰⁰).

778 595 814 647 ς.
847 592 914 634 55.

549 667 771 712 Eloquentia
793 669 924 703 aetatis
946 669 1143 713 sequentis.

265 735 447 778 Videmus
491 737 613 788 igitur
655 738 729 777 hac
773 743 926 786 aetate,
983 750 1063 790 qua
1104 737 1259 776 summis
1304 734 1550 787 eloquentiae

152 804 336 856 praemiis
374 804 588 856 propositis
625 803 873 842 felicissimus
913 808 1112 843 oratorum
1150 807 1359 854 proventus
1392 802 1549 848 exstitit,

86 913 92 918 ,
152 870 305 909 dicendi
342 871 502 922 cupidos
532 871 742 922 plurimos,
786 869 952 908 disertos
981 868 1086 907 haud
1115 879 1283 920 paucos,
1324 866 1551 918 eloquentes

152 948 229 976 nou
266 936 395 976 nullos
436 936 572 975 fuisse.
633 937 862 976 Ciceronem
901 935 1124 987 aequalium
1155 939 1192 974 et
1221 934 1374 973 omnino
1405 933 1550 973 Roma-

151 1015 288 1058 norum
309 1003 475 1042 omnium
503 1003 764 1055 principatum
791 1013 1006 1054 occupasse
1030 1002 1272 1041 consentiunt
1294 1011 1442 1039 omnes:
1473 1011 1551 1038 non

151 1069 256 1121 quod
279 1070 406 1109 omnia
431 1070 718 1123 perfectissima
739 1069 940 1118 habuerit,
966 1068 1034 1108 sed
1058 1067 1162 1121 quod
1176 1068 1368 1120 plurima3
1392 1071 1552 1118 praeter

149 1136 250 1176 hunc
280 1141 445 1176 naturae
474 1137 649 1177 bonitate
671 1136 713 1177 G.
739 1135 889 1176 Caesar
920 1139 957 1174 et
984 1135 1029 1185 Q.
1057 1135 1304 1182 Hortensius,
1337 1133 1553 1173 studiorum

150 1201 357 1253 diligentia
402 1202 445 1244 C.
490 1203 634 1244 Calvus
678 1209 828 1244 ceteros
874 1203 1084 1242 anteibant.
1158 1201 1239 1243 Sed
1280 1206 1439 1253 praeter
1480 1201 1553 1239 hos

150 1270 286 1320 magni
329 1269 455 1310 adhue
495 1276 606 1310 erant
637 1272 695 1311 M.
730 1269 907 1312 Calidius
945 1270 1032 1310 Ser.
1063 1269 1265 1321 Sulpicius
1302 1268 1360 1308 M.
1393 1266 1553 1308 Caelius

151 1337 298 1385 Rufus;
329 1338 363 1376 si
393 1337 436 1378 G.
462 1337 582 1379 Curio
612 1339 672 1377 his
703 1337 926 1390 comparari
954 1342 1061 1377 recte
1087 1348 1165 1376 non
1194 1339 1345 1388 potest,
1372 1334 1436 1375 vel
1461 1345 1553 1386 per-

151 1415 291 1444 versae
328 1404 368 1442 in
407 1416 451 1443 re
481 1405 650 1457 'publica
688 1404 863 1456 gerenda
897 1405 1015 1443 menti
1051 1408 1118 1442 aut
1144 1401 1337 1442 voluntati
1366 1413 1390 1439 a
1418 1400 1555 1439 studiis

151 1470 356 1510 literarum
379 1483 543 1511 aversae
576 1471 692 1523 culpa
714 1469 844 1510 danda
872 1470 1037 1510 videtur.
1077 1470 1228 1509 Rursus
1257 1468 1317 1507 his
1344 1467 1554 1506 inferiores

155 1543 266 1576 erant
292 1538 350 1577 M.
377 1537 596 1577 Marcellus
623 1538 681 1578 M.
707 1538 804 1578 Cato
834 1537 892 1577 M.
916 1537 1079 1584 Brutus,
1109 1536 1233 1574 minus
1255 1534 1405 1584 ingenii
1426 1533 1555 1572 felici-

152 1609 250 1652 tate,
292 1616 407 1656 quam
438 1604 542 1656 quod
577 1604 771 1644 consulto.
790 1604 910 1643 aliam
940 1602 1149 1654 eloquendi
1176 1602 1280 1641 viam
1308 1600 1552 1639 insistebant.

153 1671 234 1712 Sed
264 1670 430 1723 {praeter
467 1672 539 1710 hos
570 1671 680 1710 multi
713 1671 913 1717 dicebant,
952 1681 1116 1720 quorum
1146 1666 1396 1719 quibusdam,
1434 1671 1476 1704 ut
1507 1666 1540 1704 T

154 1738 359 1790 Torquato
387 1743 424 1777 et
442 1737 484 1778 C.
501 1738 659 1777 Triario
687 1748 753 1776 eas
768 1736 906 1776 laudes
929 1735 1099 1787 impertit
1116 1734 1275 1781 Cicero,
1300 1737 1342 1771 ut
1364 1743 1553 1773 converso

245 1857 304 1899 60)
336 1855 414 1890 Huc
445 1855 598 1889 redeunt
623 1854 837 1892 Quintiliani
864 1853 1031 1888 iudicium
1057 1853 1103 1887 X.
1129 1853 1170 1895 1,
1200 1851 1274 1886 113.
1311 1851 1354 1887 cf.
1380 1851 1405 1887 l.
1433 1851 1473 1894 7,
1499 1851 1554 1885 35.

152 1912 233 1947 Xll.
252 1912 311 1955 11,
330 1911 385 1947 28.
412 1917 447 1945 et
464 1912 631 1946 Senecae
649 1912 825 1946 Controv.
852 1910 874 1946 l.
896 1921 925 1944 c.
951 1909 994 1944 cf.
1012 1909 1097 1945 dial.
1119 1909 1164 1943 de
1185 1914 1290 1943 oratt.
1309 1908 1364 1943 21.
1406 1907 1554 1942 Famam

154 1969 280 2003 diserti
304 1970 531 2003 retinuerunt
548 1968 676 2003 Horat.
703 1967 749 2002 ad
769 1967 894 2003 Pison.
917 1966 996 2001 370.
1030 1965 1157 2001 Tibull.
1177 1964 1239 2000 IV.
1258 1965 1274 1998 l
1287 1991 1298 2008 ,
1318 1965 1374 2000 45.
1410 1964 1553 1998 Seneca

153 2024 352 2061 ἀποκολοκ.
371 2037 406 2071 p.
421 2025 500 2060 386.
534 2025 627 2059 Hinc
648 2036 736 2060 suae
758 2025 886 2060 aetatis
910 2023 1090 2059 hominum
1110 2022 1366 2067 plerorumque
1390 2021 1555 2055 iactatio-

152 2093 235 2116 nem
258 2088 402 2116 secutus
426 2082 525 2127 Aper
556 2082 591 2115 in
620 2082 704 2117 dial.
731 2082 777 2116 de
803 2087 909 2116 oratt.
935 2092 964 2116 c.
989 2080 1046 2114 24.
1073 2079 1194 2112 dicere
1219 2079 1355 2122 potuit,
1390 2087 1463 2110 non
1490 2087 1556 2120 per

153 2139 272 2183 ipsum
307 2139 471 2181 stetisse,
505 2150 574 2183 quo
607 2139 724 2172 minus
755 2138 929 2171 laetitiam
960 2143 996 2171 et
1026 2136 1179 2169 nitorem
1210 2134 1395 2178 sequentis
1428 2131 1557 2165 aetatis

154 2195 393 2239 exprimeret:
426 2194 564 2228 scilicet
597 2200 699 2227 aetas
725 2193 911 2226 Ciceronis
936 2190 1086 2225 horrida
1118 2200 1191 2222 non
1218 2188 1323 2222 nullis
1353 2187 1555 2227 videbatur,

156 2251 242 2295 quia
264 2250 391 2283 aberat
416 2261 437 2282 a
458 2248 588 2293 puerili
609 2248 868 2282 sententiarum
893 2246 1074 2287 acumine,
1103 2245 1215 2280 virilis
1234 2243 1353 2290 potius
1374 2242 1558 2288 dignitatis

156 2306 344 2348 studiosa,
378 2316 485 2349 quam
516 2303 748 2338 muliebribus
779 2303 918 2337 artibus
951 2307 1105 2348 compta.
1153 2300 1278 2335 Verba
1308 2304 1428 2334 tamen
1456 2297 1558 2332 Mes-

158 2362 275 2396 sallae
301 2361 479 2406 quaedam
505 2360 612 2394 etiam
640 2359 866 2397 Quintiliano
892 2359 1118 2395 obsolevisse
1143 2356 1379 2398 videbantur,
1409 2359 1447 2388 ut
1470 2354 1556 2400 yla-

160 2418 270 2453 diola
296 2417 322 2452 Ι.
343 2418 384 2460 6,
404 2418 478 2459 42„
505 2417 601 2462 quod
624 2417 685 2451 ille
710 2428 732 2450 a
756 2416 872 2451 forma
896 2416 1077 2463 qlaclz‘um
1101 2414 1186 2450 oriri
1207 2413 1369 2458 potuisse
1393 2409 1558 2456 putabat,

160 2474 204 2508 cs.
231 2474 436 2509 Varronem
461 2474 507 2508 de
531 2473 573 2508 L.
589 2472 632 2508 L.
657 2472 720 2508 IX.
745 2473 801 2507 81.
826 2484 862 2518 p.
890 2473 965 2507 224.
990 2472 1119 2507 Muell.
1168 2469 1347 2503 Vitiosum
1378 2468 1415 2501 in
1437 2477 1481 2501 eo
1501 2477 1556 2499 re-

160 2531 254 2575 perit
278 2532 377 2575 Aper
405 2531 441 2565 in
466 2531 549 2565 dial.
577 2530 622 2565 de
649 2541 701 2564 or.
725 2529 806 2572 20.‚
834 2530 931 2574 quod
959 2541 981 2562 a
1003 2526 1211 2564 valetudine
1240 2523 1450 2560 excusanda
1473 2533 1558 2568 pro-

160 2587 280 2620 oemia
304 2586 458 2621 duxerit.
490 2587 536 2621 At
555 2586 796 2625 Quintilianus
817 2585 878 2619 lV.
898 2585 928 2627 l,
946 2586 978 2621 9.
1001 2583 1181 2631 ingenii&
1198 2582 1328 2617 virium
1348 2577 1558 2614 infirmitate

159 2643 317 2687 ingenue
338 2641 551 2678 ‚confitenda
569 2654 737 2690 magnam
762 2642 960 2688 prooemiis
983 2638 1332 2676 commendationem
1353 2639 1555 2670 assecutum

159 2704 319 2734 testatur.
370 2698 480 2745 Igitur
505 2700 574 2735 hoc
599 2711 742 2745 quoque
767 2699 828 2734 ille
854 2710 899 2733 ex
923 2698 1035 2733 seculi
1061 2695 1241 2731 iactantia.

1189 2763 1273 2804 10*
