1835 3126
313 221 443 267 364
744 214 1266 260 EXPLICATIONES

316 333 525 371 Mummius
549 332 711 369 vocatur
727 328 997 368 Atellanarum
1020 330 1207 381 scriptor,
1235 329 1466 381 praesertim
1493 339 1575 367 oum
1600 325 1702 378 apud

315 396 563 438 Macrobium
597 399 687 447 post
714 394 760 434 L.
790 392 1045 446 Pomponium
1073 395 1354 435 Bononiensem
1383 395 1521 436 Sullae
1555 404 1701 445 aequa-

314 464 392 504 lem
426 467 613 516 ponatur,
657 462 697 498 G.
735 463 956 498 Memmtmn
997 471 1102 508 esse,
1145 461 1210 511 qui
1253 472 1336 499 cum
1374 462 1556 501 Lucretio
1596 460 1703 507 vixit,

317 530 458 571 dudum
496 529 599 568 docti
626 527 823 567 viderunt:
860 527 932 566 etsi
970 527 1123 566 minime
1151 526 1235 566 veri
1269 526 1393 565 simile
1427 538 1513 565 esse
1544 526 1704 566 eundem

316 603 434 649 atque
459 595 500 636 G.
525 594 749 634 Memmium
778 594 989 633 Gemellum
1009 593 1268 646 praetorium,
1299 593 1365 644 qui
1388 597 1705 632 commemoratur

317 677 349 704 c.
376 665 449 711 70,
473 663 575 701 247:
618 662 652 700 is
692 661 790 699 enim
819 661 1042 707 fastidiosus
1073 661 1267 697 lateram-um
1296 658 1703 697 Latinammdicitur.

429 727 633 777 astrtcttor]
664 727 823 779 parcior
855 727 1081 774 verborum,
1120 726 1310 774 bitndiyer.
1368 724 1411 764 Id
1441 729 1526 763 erat
1554 725 1594 762 in
1623 725 1705 776 pri-

316 797 386 836 mis
428 796 667 841 Stoicorum;
707 807 744 834 v.
784 793 895 833 Brut.
929 794 1005 841 31,
1040 794 1132 832 120.
1191 791 1340 840 „Haud
1379 791 1538 830 multum
1577 790 1704 839 distat,

319 862 422 917 quod
445 861 665 915 perplacuit
685 860 884 908 Ciceroni,
915 873 1085 910 pressus,
1112 864 1242 911 aptum
1265 857 1363 897 illud
1389 858 1574 906 orationi,
1605 869 1705 909 quae

317 930 413 970 nihil
452 929 691 981 pronuntiet,
734 928 825 980 quin
866 926 916 966 ad
955 927 1080 978 ipsam
1117 938 1198 966 rem
1235 926 1440 978 pertineat.
1496 925 1708 976 Utrumque

317 998 441 1037 iunxit
469 996 619 1035 Plinius
649 995 749 1046 Epp.
779 994 847 1034 ΙΙΙ.
882 995 953 1041 18,
988 995 1074 1041 10.;
1110 994 1173 1045 qui
1209 993 1305 1032 alibi
1335 992 1517 1045 opposuit
1551 990 1708 1039 effltsnm

317 1065 445 1102 stilum
473 1062 502 1101 Ι.
535 1063 608 1109 20,
639 1062 741 1100 20.“
800 1060 1032 1106 Bernhardy.

432 1132 497 1178 Sp.
522 1128 664 1176 Albini]
695 1132 857 1179 propter
881 1126 1104 1165 coniunctos
1126 1124 1299 1163 homines
1321 1135 1405 1162 eum
1431 1134 1516 1162 esse
1541 1127 1706 1174 oportet,

318 1196 385 1248 qui
416 1193 657 1233 consulatum
681 1193 804 1242 gessit
834 1204 869 1230 a.
889 1193 992 1238 606,
1022 1202 1101 1229 non
1127 1202 1232 1236 eum,
1264 1191 1330 1241 qui
1360 1202 1395 1228 a.
1421 1191 1522 1237 644,
1554 1194 1590 1228 et
1619 1193 1708 1240 post

316 1263 408 1313 lege
431 1259 612 1300 Mamilia
639 1258 815 1297 sublatus
846 1262 904 1296 est
933 1269 1016 1296 cum
1046 1256 1204 1303 ceteris,
1236 1256 1302 1307 qui
1325 1255 1536 1305 Iugurthae
1563 1256 1708 1294 favisse

316 1328 559 1370 videbantur.
619 1324 685 1365 Sic
723 1325 822 1363 enim
860 1329 1008 1363 aetates
1045 1323 1183 1362 horum
1218 1322 1379 1360 habent:
1419 1322 1465 1360 L.
1502 1322 1708 1361 Mummius

319 1407 397 1436 cos.
431 1407 466 1433 a.
493 1394 596 1440 6083
637 1391 683 1441 Q.
714 1391 922 1443 Pompeius
963 1403 998 1429 a.
1024 1391 1125 1437 613;
1161 1389 1219 1428 Μ.
1248 1388 1420 1441 Lepidus
1458 1401 1493 1427 a.
1523 1389 1624 1435 6173
1665 1387 1706 1428 G.

316 1462 494 1514 Popilius
525 1472 561 1499 a.
590 1460 694 1507 622;
733 1458 775 1498 C.
807 1457 1023 1497 Tuditanus
1055 1469 1090 1495 a.
1117 1456 1220 1503 6253
1257 1456 1304 1495 L.
1333 1455 1516 1495 Aurelius
1548 1455 1707 1495 Orestes

318 1543 355 1569 a.
380 1530 476 1569 628.
533 1527 680 1567 Horum
711 1531 928 1578 postremus
958 1523 1107 1566 Sardos
1141 1522 1310 1563 rebelles
1341 1523 1513 1574 subegit:
1554 1535 1592 1563 v.
1622 1523 1708 1563 Liv.

319 1597 410 1649 epit.
439 1595 524 1635 LX.

429 1661 497 1702 95.
553 1663 597 1697 P.
633 1659 816 1709 Popilius]
862 1658 954 1699 civis
994 1657 1178 1708 egregius
1213 1661 1397 1704 vocatur,
1438 1655 1540 1708 quod
1581 1656 1708 1696 socios

318 1729 379 1768 Ti.
398 1728 563 1768 Gracchi
583 1726 762 1779 proximo
785 1738 885 1765 anno
906 1723 1101 1764 interfecti
1125 1723 1333 1763 crudeliter
1357 1724 1567 1776 oppressit3
1594 1735 1709 1775 quam

320 1795 368 1835 ob
406 1806 487 1834 rem
532 1794 575 1834 C.
608 1794 804 1833 Gracchus
837 1793 965 1843 legem
1006 1804 1115 1831 suam
1150 1791 1419 1843 Semproniam
1448 1792 1560 1843 quasi
1588 1791 1709 1843 privi-

317 1862 464 1912 legium
495 1860 659 1899 maxime
697 1860 737 1898 in
766 1860 866 1898 hunc
902 1859 988 1898 tulit
1016 1858 1237 1909 effecitque,
1278 1863 1319 1896 ut
1349 1863 1485 1910 sponte
1521 1858 1646 1897 abiret
1671 1857 1710 1896 in

318 1928 508 1968 exsilium.
556 1947 612 1952 —u
658 1925 696 1961 G.
740 1926 983 1974 Sempronius
1026 1925 1236 1961 Tuditanus
1278 1935 1407 1963 rerum
1450 1925 1711 1964 Romanorum

317 1995 441 2034 libros
471 1992 705 2043 composuit,
736 1991 825 2029 item
856 1991 1150 2042 magistratuum
1178 1990 1324 2038 libros,
1354 2002 1518 2043 quorum
1546 1991 1709 2030 Macro-

318 2062 405 2101 bius
430 2064 466 2099 et
483 2058 631 2098 Gellius
653 2058 916 2096 meminerunt.
962 2057 1119 2096 Notavit
1140 2057 1337 2107 Meyerus.
1366 2078 1421 2084 ἢ
1452 2061 1511 2094 Μ.
1532 2060 1707 2095 Octavius

320 2128 380 2167 Ti.
415 2125 578 2166 Gracchi
617 2125 657 2163 in
693 2124 891 2163 tribunatu
932 2123 1090 2173 collega
1128 2134 1213 2161 eam
1253 2125 1430 2160 ittittrimn
1464 2127 1622 2173 accepit,
1668 2129 1709 2163 ut

318 2192 569 2234 intercedenti
612 2191 848 2231 Gracchanis
891 2190 1046 2241 legibus
1087 2190 1337 2240 magistratus
1374 2202 1445 2242 per
1478 2191 1600 2229 tribus
1639 2192 1708 2229 ab-

318 2265 548 2311 rogaretur:
589 2260 662 2298 hoc
702 2263 828 2297 autem
866 2259 1009 2310 ipsum,
1048 2257 1229 2307 neglecta
1258 2262 1431 2309 potestas
1460 2263 1711 2297 sacrosancta

318 2329 579 2374 tribunorum,
618 2326 832 2365 Gracchum
868 2327 980 2375 freyit
1017 2325 1041 2364 i.
1075 2337 1106 2364 e.
1148 2325 1223 2365 vim
1261 2324 1342 2363 eius
1376 2323 1603 2364 debilitavit.
1662 2326 1707 2366 V.
1816 2370 1817 2374 Ἰ

319 2394 527 2435 Asconium
557 2394 595 2432 iu
628 2392 745 2433 Corn.
776 2405 813 2445 p.
847 2395 912 2433 71.
944 2414 998 2420 »fl
1024 2391 1083 2432 De
1114 2395 1171 2430 M.
1205 2391 1346 2442 Lepido
1376 2394 1540 2429 Porcina
1568 2391 1708 2432 dictum
1804 2422 1805 2448 ¹

319 2462 358 2501 in
387 2460 569 2514 prolegg.
602 2458 637 2512 ᾗ.
672 2461 736 2498 17.
1804 2464 1805 2472 ¹

432 2528 499 2566 96.
558 2525 751 2563 verborum
796 2524 1089 2575 comprehensio]
1139 2528 1334 2563 structura
1383 2528 1420 2563 et
1470 2525 1707 2564 concinnitas

320 2593 588 2646 periodorum3
629 2603 713 2630 eam
742 2596 869 2630 tamen
900 2592 1024 2643 ipsam
1055 2591 1103 2629 ab
1132 2591 1205 2629 illa
1234 2596 1362 2630 aetate
1393 2591 1559 2631 alienam
1589 2603 1708 2644 saepe

322 2660 467 2699 iudicat
510 2658 661 2699 Cicero.
728 2659 882 2705 Artifex
925 2659 1035 2695 stilus
1078 2657 1196 2710 paulo
1243 2659 1445 2697 obscurius
1491 2658 1709 2710 explicatur

324 2739 348 2765 a
374 2725 647 2778 Bernhardyo,
677 2730 856 2779 spectare
889 2736 972 2764 eum
1003 2724 1052 2764 ad
1083 2724 1322 2776 diligentiam
1352 2725 1490 2778 Lepidi
1519 2725 1706 2777 gravissi-
