1835 3126
262 157 380 241 146
471 186 669 233 BREVIS
698 184 1094 240 ELOQUENTIAE
1124 185 1259 231 ROM.
1290 185 1434 231 HIST.

264 305 444 356 elegidiis
482 302 533 342 ad
561 301 777 354 Sulpiciam
812 301 987 354 scriptis,
1024 313 1125 354 quae
1154 302 1310 342 fuerunt
1346 303 1413 354 qui
1443 302 1480 342 ei
1507 301 1656 342 tribue-

263 377 349 413 rent
377 367 462 421 (5³).

377 436 623 483 orationum,
653 433 758 486 quod
785 434 828 473 in
854 433 940 474 viro
968 428 1315 476 tantis'virtutibus
1338 435 1516 488 praedito
1541 440 1578 475 et
1604 436 1654 475 ab

265 505 440 545 omnibus
481 501 641 542 laudato
679 502 839 548 mirere,
877 512 1100 552 perpaucae
1137 503 1290 542 nomine
1325 508 1435 542 tenus
1467 508 1654 550 retentae,

262 572 492 624 pauciorum
532 569 647 608 etiam
681 573 814 620 partes
852 572 1032 607 servatae
1067 574 1166 609 sunt.
1230 570 1380 610 Multas
1419 570 1655 610 Graecorum

264 636 505 677 exercitandi
548 647 669 676 causa
702 635 844 675 Latine
886 646 1022 675 versas
1067 636 1116 674 ab
1162 647 1207 675 eo
1254 637 1452 676 orationes
1494 636 1655 675 tradidit

263 703 553 753 Quintilianus,
605 702 674 743 sed
714 714 831 741 unam
872 702 1096 741 nominatim
1138 703 1338 751 Hyperidis
1384 715 1453 751 pro
1495 703 1654 748 Phryne,

264 772 373 811 cuius
416 771 493 810 tria
521 770 592 809 ille
619 770 742 811 verba
769 769 929 808 retinuit
952 765 1034 819 (54).
1092 768 1242 808 Deinde
1268 771 1308 806 in
1342 781 1458 806 causa
1481 768 1658 815 Aufidiae

264 837 362 878 dixit
386 849 548 889 eamque
577 837 658 878 sive
689 837 929 889 oppugnavit
957 836 1038 876 sive
1062 835 1252 884 defendit,
1282 839 1322 874 ut
1350 835 1390 873 in
1412 839 1657 886 pertractan-

264 904 324 945 dis
366 905 454 946 Ser.
486 904 653 955 Sulpicii
695 904 811 943 rebus
851 902 1028 943 vidimus.
1094 902 1231 941 Tertia
1266 913 1387 941 causa
1423 905 1480 939 est
1516 901 1657 938 Libur-

263 974 349 1009 niae
364 968 448 1021 (55),
474 983 589 1022 quam
611 970 771 1009 eandem
795 970 910 1008 etiam
929 968 1065 1008 Asinio
1087 969 1259 1009 Pollioni
1281 967 1432 1007 dicendi
1456 969 1659 1006 materiam

262 1038 492 1089 praebuisse
521 1038 661 1075 scimus
678 1033 764 1087 (5⁰).
824 1035 973 1084 Quarta
1003 1040 1059 1073 est
1083 1035 1286 1082 Pythodori
1313 1035 1481 1074 rhetoris
1508 1039 1658 1073 cetero-

265 1103 358 1154 quin
394 1102 539 1152 ignoti,
579 1114 695 1152 quam
733 1101 1027 1140 disertissimam
1064 1100 1155 1139 dicit
1193 1101 1346 1141 Seneca
1370 1098 1454 1152 (5⁷).
1514 1101 1659 1150 Quinta

264 1174 323 1208 est
352 1174 483 1206 contra
505 1168 664 1205 Antonia
692 1169 845 1212 literas,
878 1167 944 1218 qui
971 1167 1160 1206 transisse
1185 1168 1418 1207 Messallam
1447 1167 1498 1206 ad
1525 1173 1660 1219 partes

264 1235 449 1277 Caesaris
485 1246 607 1284 aegre
649 1234 780 1273 serens
820 1232 945 1272 literis
989 1232 1040 1271 ad
1077 1239 1251 1273 senatum
1292 1234 1419 1273 missis
1457 1246 1542 1273 eum
1572 1234 1659 1284 Jcri-

263 1303 430 1342 minatus
472 1301 600 1342 videri
641 1305 769 1353 potest
798 1296 881 1350 (53).
946 1299 1069 1340 Sexta
1111 1301 1155 1337 de
1189 1302 1348 1338 Antonii
1388 1304 1526 1338 statuis
1572 1305 1662 1352 post

262 1380 435 1421 pugnam
476 1368 677 1408 Actiacam
718 1367 855 1406 hahita
896 1366 1070 1406 videtur:
1116 1366 1185 1406 sed
1229 1366 1344 1406 deiici
1388 1378 1454 1406 eas
1498 1368 1659 1406 iussisse

263 1434 498 1476 Messallam
533 1445 612 1472 non
648 1433 943 1480 affirmaverim3
978 1445 1056 1472 non
1096 1434 1194 1471 euim
1236 1434 1331 1472 satis
1363 1433 1546 1473 decorum
1573 1435 1659 1474 viro

262 1505 422 1554 praeter
452 1500 553 1538 alias
580 1498 717 1539 laudes
749 1499 798 1538 ab
829 1499 932 1538 omni
957 1499 1167 1538 insolentia
1195 1499 1324 1538 alieno
1343 1496 1426 1550 (59).

378 1566 632 1608 Consentiunt
658 1566 724 1617 qui
752 1566 824 1605 has
854 1578 917 1605 res
948 1567 1161 1617 attigerunt
1187 1566 1429 1618 eloquentem
1451 1564 1660 1606 Corvinum

262 1635 407 1682 fuisse,
435 1634 504 1674 sed
531 1638 573 1672 ut
600 1633 802 1683 intelligas
835 1631 928 1684 quid
958 1633 994 1672 ei
1024 1632 1202 1673 defuerit.
1262 1632 1357 1673 Cum
1392 1632 1491 1671 enim
1514 1645 1661 1672 summa

263 1702 473 1743 verborum
503 1700 800 1752 deligendorum
831 1704 868 1739 et
897 1699 1251 1752 componendorum
1281 1711 1376 1739 cura
1398 1700 1435 1738 ei
1455 1700 1661 1749 tribuatur,

356 1863 416 1906 53)
449 1862 731 1896 Wernsdorfius
755 1863 777 1896 l.
806 1873 836 1897 c.
868 1873 903 1907 p.
927 1861 1001 1896 150.
1030 1862 1135 1896 nixus
1165 1862 1256 1896 locis
1290 1862 1486 1907 elegiarum
1518 1862 1660 1897 illarum

265 1918 330 1955 IV.
356 1918 389 1953 8.
417 1924 452 1953 et
480 1918 535 1953 10.
583 1917 617 1952 ls
649 1918 846 1963 Sulpiciam
883 1917 970 1951 clari
1007 1918 1095 1951 iuris
1129 1918 1280 1951 consulti
1317 1916 1430 1952 filiam
1465 1919 1660 1964 significari

264 1980 386 2021 putat3
411 1975 476 2009 sed
502 1979 580 2008 tota
602 1986 660 2009 res
688 1975 842 2009 obscura
868 1979 933 2007 est.
958 1993 1003 1998 —-
1033 1972 1196 2007 Incertae
1221 1974 1435 2018 scriptorum
1459 1973 1659 2010 Messallae

264 2038 389 2077 partes
415 2035 557 2065 exstant
583 2030 681 2075 apud
706 2030 855 2067 Quintil.
882 2029 908 2065 I.
938 2029 981 2072 6,
1007 2029 1062 2064 42.
1099 2029 1276 2063 Senecam
1301 2028 1497 2065 ἄποκολοκ.
1524 2044 1558 2077 p.
1581 2031 1660 2067 386.

264 2086 350 2131 Bip.
389 2087 589 2121 Charisium
619 2086 644 2121 1.
676 2099 711 2132 p.
741 2086 816 2120 119.
865 2085 924 2118 Ad
956 2085 1065 2129 patris
1097 2085 1209 2119 libros
1245 2087 1434 2131 augurales
1467 2087 1663 2122 referenda.

264 2148 347 2176 sunt
373 2141 465 2176 Gell.
490 2141 588 2176 Xlll.
616 2142 667 2176 15.
711 2140 881 2175 Macrob.
905 2139 930 2173 1.
956 2151 991 2185 p.
1016 2139 1096 2174 290.
1123 2140 1235 2174 Zeun.
1274 2141 1402 2176 Festus
1429 2154 1462 2176 v.
1489 2146 1660 2189 sponsis,

265 2197 396 2232 solida
414 2197 534 2237 sella,
555 2197 656 2232 suad
672 2197 759 2241 ted,
777 2198 992 2231 vernisera.
1108 2196 1167 2239 54)
1193 2195 1342 2234 Quintil.
1361 2197 1406 2232 X.
1427 2197 1460 2240 5,
1475 2198 1507 2232 2.
1537 2198 1663 2233 Verba

264 2253 466 2288 Messallae
490 2258 634 2288 exstant
658 2253 755 2299 apud
779 2253 933 2288 eundem
953 2251 978 2285 I.
1004 2252 1044 2294 5,
1069 2251 1124 2286 61.
1241 2252 1300 2296 55)
1327 2253 1456 2288 Festus
1480 2266 1515 2290 v.
1542 2253 1661 2291 tabes.

265 2310 326 2353 56)
353 2310 501 2347 Quintil.
523 2310 584 2345 IX.
603 2310 646 2352 2,
662 2310 717 2345 34.
768 2309 867 2344 Festi
891 2309 994 2342 locus
1019 2313 1206 2353 corruptus
1226 2309 1306 2343 Ant.
1325 2310 1526 2355 Augustino
1552 2311 1662 2345 corri-

266 2366 374 2412 gendi
398 2367 583 2401 materiem
608 2366 708 2400 dedit
736 2364 969 2409 Cornificio‚·
996 2364 1061 2398 sed
1087 2364 1218 2398 dudum
1241 2375 1366 2399 verum
1393 2366 1578 2401 inventum
1604 2373 1659 2401 est

267 2433 315 2456 ex
340 2422 422 2456 loco
447 2422 660 2459 Quintiliani
686 2427 723 2456 et
746 2422 818 2456 alio
842 2421 888 2456 X.
916 2420 954 2463 l,
972 2420 1027 2454 24,
1143 2421 1202 2463 57)
1231 2421 1316 2456 Sen.
1336 2421 1509 2457 Controv.
1535 2421 1582 2456 11.
1606 2423 1659 2458 12.

266 2490 303 2523 p.
330 2478 497 2523 171Bip.
614 2479 672 2523 58)
706 2478 844 2514 Charis.
874 2476 899 2511 l.
928 2476 1003 2512 103.
1122 2476 1183 2521 59)
1221 2477 1360 2513 Charis.
1396 2490 1432 2524 p.
1454 2478 1510 2513 80.
1543 2490 1662 2524 pauca

267 2534 352 2568 inde
370 2534 485 2568 verba
509 2536 636 2571 attulit.
673 2535 731 2570 Ad
757 2534 908 2569 eandem
929 2532 1128 2568 orationem
1152 2533 1250 2568 refer
1273 2545 1365 2579 quae
1385 2534 1526 2569 Plinius
1550 2534 1661 2571 habet

267 2589 311 2624 H.
329 2589 377 2625 N.
399 2590 564 2627 XXXIII.
584 2593 617 2627 3.
667 2590 798 2628 Oratio
824 2590 873 2624 de
897 2591 1176 2626 constitutione
1194 2591 1446 2637 vectiyalium
1464 2591 1585 2626 Asiae
1609 2592 1660 2628 in·

267 2652 368 2680 certa
392 2652 464 2689 est3
489 2654 610 2693 potest
633 2649 727 2685 enim
746 2647 901 2685 Charisii
925 2646 1165 2683 testimonium
1189 2658 1224 2692 p.
1243 2647 1300 2684 85.
1327 2649 1434 2683 etiam
1459 2648 1505 2684 de
1524 2647 1657 2693 scripto

266 2702 430 2748 intelligi.
