1835 3126
262 261 336 305 16
475 252 671 298 BREVIS
703 250 1097 304 ELOQUENTIAE
1127 250 1263 294 ROM.
1293 251 1436 294 HIST.

263 384 360 425 opus
399 373 456 409 est
494 367 738 420 eloquentia3
777 365 846 406 sed
884 367 923 405 in
964 378 1042 417 qua
1076 365 1249 407 desaevit
1286 366 1411 406 civilis
1437 364 1646 413 discordia,

262 441 427 488 regnant
463 435 673 483 factiones,
711 434 770 472 ius
812 438 849 472 et
886 433 1030 471 iniuria
1053 433 1092 472 vi
1123 434 1333 485 potentium
1364 437 1401 472 et
1428 433 1555 485 plebis
1587 432 1645 471 ef-

260 506 437 544 frenatae
474 503 702 549 miscentur,
737 500 837 539 hanc
868 500 1060 539 civitatem
1091 499 1314 551 eloquentes
1343 499 1522 539 idoneam
1550 511 1647 538 nan-

263 572 476 617 ciscuntur,
516 569 555 607 in
598 579 676 619 qua
713 566 850 606 animis
892 578 969 606 non
997 571 1075 605 tam
1103 565 1284 605 docendis
1316 578 1431 618 quam
1461 564 1647 616 cogendis

262 643 299 677 et
322 635 612 689 perfringendis
637 634 890 674 dominentur.
938 633 1048 673 Haec
1072 632 1233 684 pulchre
1256 634 1455 684 perspexit
1479 633 1647 684 scriptor

262 704 414 754 dialogi
452 702 500 742 de
539 702 761 742 oratoribus
788 698 857 752 (⁵9)
899 711 1044 739 summo
1087 699 1172 738 iure
1204 698 1403 738 Ciceronis
1436 699 1647 738 sententiae

260 771 501 811 adversatus.
559 769 735 810 Plurima
773 768 896 819 igitur
923 767 1095 807 moribus
1132 766 1172 805 in
1200 766 1310 818 peius
1347 765 1524 813 mutatis,
1564 776 1648 804 cum

260 838 507 891 quaestiones
553 841 766 888 perpetuae
817 835 1133 881 instituerentur,
1185 844 1233 872 ex
1272 833 1419 870 tudiciis
1459 831 1650 872 succrevit

260 905 484 944 oratoribus
513 903 707 942 materies.
765 901 815 942 Et
847 901 1114 941 adolescentes
1144 900 1309 938 maxime
1337 899 1556 939 accusando
1589 900 1649 938 in-

260 972 415 1022 genium
451 970 659 1009 nobilitare
692 968 914 1017 studebant,
955 972 1083 1007 aetate
1120 966 1387 1018 provectiores
1422 966 1549 1005 causis
1580 965 1647 1004 de-

258 1037 460 1077 fendendis
505 1036 706 1075 clientelas
751 1046 909 1085 augere.
992 1034 1223 1084 Quanquam
1259 1033 1412 1071 minime
1454 1032 1651 1071 insolitum

259 1104 334 1143 fuit
374 1105 489 1143 etiam
536 1113 647 1141 senes
683 1106 719 1140 et
756 1102 969 1140 honoratos
1009 1099 1060 1138 ad
1096 1097 1354 1137 accusandum
1390 1097 1647 1147 descendere3

259 1171 327 1223 qui
374 1182 456 1209 mos
499 1179 641 1219 magno
684 1168 744 1207 rei
785 1167 967 1220 publicae
1011 1166 1237 1206 detrimento
1281 1179 1357 1206 non
1400 1165 1518 1206 multo
1561 1170 1650 1205 ante

258 1237 397 1277 Sullae
426 1242 602 1288 tempora
627 1234 802 1274 sublatus
834 1239 901 1273 est.
960 1234 1084 1274 Huius
1110 1234 1169 1273 rei
1196 1234 1335 1274 Cicero
1354 1231 1421 1282 (⁶⁰)
1446 1233 1554 1272 testis
1579 1238 1649 1281 est,
1819 1250 1822 1335 Ι

1818 1342 1821 1455 l

260 1304 366 1343 cuius
411 1309 538 1342 aetate
576 1314 639 1341 res
678 1313 771 1341 sane
810 1301 951 1341 dudum
980 1307 1127 1340 mutata
1157 1306 1252 1340 erat.
1311 1301 1520 1341 Accusavit
1549 1300 1648 1339 enim

259 1371 357 1412 Cato
399 1370 612 1411 Censorius
654 1368 863 1421 plurimos,
909 1373 945 1407 et
984 1379 1102 1407 senex
1143 1368 1295 1419 quidem
1336 1379 1524 1407 annorum
1561 1366 1648 1419 plus

260 1438 461 1487 octoginta
490 1437 576 1477 Ser.
610 1436 797 1483 Galbam;
827 1435 869 1475 P.
903 1434 1115 1474 Africanus
1145 1436 1190 1474 L.
1225 1435 1396 1482 Cottam,
1427 1435 1469 1474 P.
1502 1435 1646 1473 Lentu-

259 1504 320 1544 lus
352 1504 535 1556 princeps
571 1508 726 1542 senatus
756 1503 812 1542 M’
844 1501 1044 1553 Aquilium
1063 1498 1154 1552 (⁶¹);
1192 1502 1249 1541 M.
1278 1502 1449 1541 Scaurus
1480 1500 1577 1540 adeo
1613 1505 1650 1540 et

263 1572 307 1611 P.
346 1570 515 1610 Rutilius
548 1569 697 1618 Rufus,
738 1569 804 1621 qui
845 1581 923 1608 una
958 1569 1152 1621 petierant
1181 1566 1441 1616 consulatum,
1472 1579 1555 1606 cum
1585 1568 1649 1607 hic

262 1638 460 1690 repulsam
503 1637 676 1685 tulisset,
735 1636 811 1674 sibi
862 1636 1025 1676 invicem
1070 1636 1358 1675 accusationem
1398 1635 1646 1674 intentarunt.

258 1705 396 1745 Plures
435 1708 477 1743 ut
516 1716 632 1743 unum
675 1702 944 1751 defenderent,
986 1702 1186 1743 Ciceronis
1223 1701 1372 1742 demum
1406 1707 1579 1754 tempore
1608 1702 1648 1740 in

259 1783 403 1811 morem
440 1771 568 1817 venit;
606 1769 694 1808 huic
734 1768 886 1820 quidem
927 1770 960 1808 is
999 1781 1080 1809 mos
1120 1770 1204 1809 iure
1241 1770 1403 1809 vitiosus
1433 1769 1539 1809 visus
1575 1773 1648 1818 est,

260 1839 333 1878 etsi
370 1842 457 1877 sunt
495 1837 700 1887 graviores
738 1837 819 1875 eius
861 1836 938 1884 rei,
978 1848 1093 1888 quam
1135 1849 1232 1888 quas
1264 1841 1536 1876 commemorat
1562 1832 1647 1887 (⁶2),

261 1916 415 1945 causae.
476 1903 555 1945 Sed
594 1908 842 1942 accusatores
872 1903 1004 1955 plures
1038 1904 1076 1942 in
1108 1903 1241 1943 eadem
1272 1915 1391 1943 causa
1418 1902 1648 1955 prodibant:

259 1973 365 2013 velut
402 1972 441 2010 in
476 1972 546 2011 Μ’.
579 1970 738 2022 Aquilio
773 1970 1007 2022 postulando
1047 1971 1090 2010 P.
1121 1971 1308 2011 Lentulus
1345 1972 1648 2024 subscriptorem

258 2039 393 2079 habuit
422 2037 463 2078 C.
495 2037 680 2078 Rutilium
695 2033 779 2088 (⁶3).
1820 2032 1823 2108 Ι

370 2106 503 2145 Minus
530 2105 852 2144 incrementorum
877 2104 1100 2156 eloquentia
1125 2104 1366 2142 deltberuttva.
1392 2106 1503 2157 cepit.
1550 2108 1649 2145 Ante
1820 2126 1823 2144 ι

260 2173 523 2214 Gracchorum
561 2172 660 2211 enim
696 2177 863 2211 aetatem
891 2171 1098 2223 plurimum
1130 2172 1168 2210 in
1208 2182 1252 2210 re
1281 2172 1440 2223 publica
1475 2173 1649 2223 gerenda
1819 2164 1822 2281 ⁴

259 2244 414 2279 senatus
442 2238 620 2278 valebat:
664 2238 767 2290 quod
799 2250 882 2278 cum
911 2237 1081 2289 prudens
1109 2243 1211 2277 esset
1239 2238 1466 2289 collegium,
1501 2240 1649 2279 minore

259 2305 412 2346 dicendi
456 2310 648 2358 apparatu
695 2305 944 2345 suadentibus
988 2309 1025 2344 et
1066 2303 1377 2345 dissuadentibus
1416 2317 1512 2358 opus
1551 2312 1646 2346 erat.
1819 2286 1821 2349 l

261 2373 395 2413 Causa
420 2374 519 2412 enim
542 2373 601 2412 rei
624 2374 806 2426 publicae
834 2371 936 2424 apud
958 2372 1213 2424 peritissimos
1236 2373 1342 2412 viros
1366 2373 1453 2425 plus
1479 2373 1647 2421 valebat,
1818 2361 1821 2418 l

261 2452 377 2492 quam
415 2439 620 2492 eloquendi
659 2440 862 2480 artificium
879 2436 961 2491 (⁶¹¹).
1023 2440 1162 2479 Omnes
1196 2444 1345 2487 autem,
1385 2441 1450 2491 qui
1480 2441 1517 2479 in
1548 2440 1646 2479 iudi·
1819 2435 1821 2456 ⁵

265 2508 334 2545 ciis
365 2506 590 2558 frequenter
619 2506 820 2557 (licebant,
852 2509 968 2548 etiam
1000 2507 1038 2546 in
1070 2511 1206 2546 senatu
1239 2512 1275 2546 et
1297 2508 1645 2547 contionibusora-

1818 2544 1820 2560 l

354 2614 412 2657 59)
439 2626 468 2650 c.
489 2615 542 2649 311.
660 2616 719 2657 60)
747 2617 820 2651 Cic.
841 2617 964 2651 Divin.
991 2617 1026 2650 iu
1044 2615 1177 2650 caecil.
1204 2614 1258 2649 21.
1377 2615 1436 2658 61)
1463 2616 1535 2651 Cic.
1556 2617 1576 2652 1.
1597 2629 1645 2658 c.;
1816 2600 1819 2638 ¹

263 2670 305 2705 rs.
326 2670 470 2706 Muren.
496 2670 558 2713 28,
585 2671 639 2706 58.
677 2672 798 2709 valer.
826 2673 928 2708 Max.
955 2671 1049 2707 vlu.
1078 2671 1118 2713 l,
1144 2671 1196 2707 ll.
1223 2676 1346 2705 nostra
1370 2672 1415 2706 ad
1442 2673 1515 2708 Cic.
1540 2673 1645 2708 Brut.
1810 2664 1819 2720 J!

262 2727 325 2768 28,
354 2727 427 2763 108.
544 2728 603 2771 62)
636 2728 736 2763 Brut.
766 2730 828 2773 57,
864 2729 939 2764 210.
1057 2728 1116 2771 03)
1150 2727 1223 2763 Cic.
1253 2727 1335 2763 niv.
1361 2728 1465 2765 Verr.
1499 2729 1563 2771 21,
1589 2728 1643 2763 69.

262 2783 320 2826 64)
350 2784 422 2819 (Tic.
448 2784 493 2818 de
521 2782 585 2819 Or.
617 2785 658 2820 ΙΙ.
685 2786 747 2828 822,
775 2785 852 2820 333.
