1835 3126
310 225 443 285 :390
737 233 1269 279 EXPLchTIONES

312 350 482 389 Duellius
520 348 554 387 8⁶
596 348 736 385 Bellias
770 348 935 385 Duillius
976 352 1014 386 et
1044 349 1179 386 Btlltus
1214 350 1315 389 inter
1355 361 1396 389 se
1437 349 1566 388 iuncta
1603 352 1701 395 sunt,

311 417 370 455 ita
395 415 544 452 Dntltus
574 419 611 454 et
641 414 785 459 mlius,
818 425 842 452 a
877 425 954 465 quo
979 413 1133 452 ductum
1166 417 1355 454 limenas:
1386 416 1434 456 cf.
1467 416 1704 456 Garatonum

312 481 364 521 ad
392 481 530 521 Plane.
561 493 599 533 p.
630 482 724 520 262.
757 480 899 528 Orell.,
936 485 973 520 et
1000 481 1100 520 hunc
1138 480 1189 519 ad
1219 482 1286 522 Or.
1316 482 1390 531 45,
1425 483 1514 522 153.
1575 481 1703 534 Ipsum

315 549 484 588 Btltenus
512 548 670 600 repperi
700 547 804 600 apud
836 547 1041 588 Graevium
1070 559 1107 599 p.
1140 549 1240 596 861,
1274 549 1338 587 12.

436 639 527 677 176.
590 637 655 676 Cn.
706 637 852 687 Octavi]
898 637 931 675 is
978 636 1113 676 consul
1158 649 1193 675 a.
1233 638 1335 684 666,
1386 648 1469 675 cum
1513 635 1626 675 Sulla
1669 636 1707 675 in

316 703 520 744 Graeciam
548 704 727 755 profecto
754 705 917 756 primum
944 704 1105 744 Cinnam
1133 715 1196 743 res
1226 716 1348 744 novas
1372 704 1589 743 molientem
1613 704 1708 742 urbe

316 770 515 817 eiecisset,
556 770 659 821 quod
693 771 838 810 bellum
872 771 1125 811 Octavianum
1156 770 1316 818 dicitur,
1353 775 1443 822 post
1473 770 1595 810 Cinna
1625 781 1709 808 cum

314 837 449 877 Mario
479 837 613 876 urbem
644 849 837 888 aggresso
870 849 953 877 cum
985 838 1031 887 Q.
1064 837 1204 878 Catulo
1241 838 1282 878 C.
1312 837 1484 878 Caesare
1514 837 1709 877 Strabone

316 904 374 944 M.
405 904 573 944 Antonio
613 910 772 944 oratore
805 910 861 943 est
890 905 1054 945 occisus.
1113 905 1158 946 V.
1189 904 1380 946 Velleium
1410 904 1459 943 II.
1494 905 1560 943 20.
1605 903 1710 942 Dru-

315 983 441 1009 mann.
471 971 569 1010 Hist.
602 971 648 1011 R.
678 976 704 1010 t.
734 971 781 1010 II.
812 984 849 1024 p.
882 972 976 1012 581.

428 1059 601 1101 XLVIII.
663 1062 767 1100 177..
818 1061 856 1098 C.
883 1061 1014 1110 Inltus]
1042 1060 1088 1100 de
1103 1061 1177 1099 hoc
1194 1064 1318 1098 actum
1334 1059 1372 1097 in
1387 1059 1572 1110 prolegg.
1590 1057 1624 1111 ξ.
1644 1059 1709 1096 31.

317 1128 439 1174 Iyttur
477 1138 692 1166 sermonem
726 1127 775 1165 ab
810 1127 983 1166 instituto
1014 1127 1216 1178 paulisper
1244 1125 1504 1164 deflectentem
1541 1126 1580 1163 in
1609 1125 1712 1165 viam

318 1197 498 1230 revocat:
537 1192 586 1231 cf.
618 1192 850 1241 Heusinger.
890 1193 939 1231 ad
973 1192 1046 1232 Off.
1076 1193 1104 1230 I.
1140 1195 1184 1240 1,
1217 1195 1253 1232 3.
1298 1192 1500 1231 Heindorf.
1536 1190 1585 1230 ad
1615 1191 1709 1230 Hor.

317 1257 442 1299 Serm,
466 1257 495 1297 I.
528 1260 570 1305 1,
595 1259 661 1298 27.
701 1258 823 1297 Kritz.
856 1257 905 1296 ad
932 1257 1031 1297 Sall.
1059 1259 1142 1307 Iug.
1169 1271 1206 1309 p.
1236 1260 1328 1296 124.
1372 1259 1555 1307 Legimus
1586 1269 1618 1296 c.
1646 1259 1711 1305 32,

319 1326 419 1363 122:
452 1324 563 1361 Cario
591 1325 664 1372 fuit
689 1327 804 1373 iyitur
826 1324 987 1361 eiusdem
1011 1327 1147 1361 aetatis
1173 1324 1250 1370 fere
1273 1337 1364 1360 sanc
1389 1324 1546 1360 illustris
1571 1330 1711 1362 orator.

318 1391 393 1438 47,
421 1392 519 1430 173;
548 1391 689 1428 duobus
716 1393 830 1439 igitur
854 1393 1010 1427 summis
1037 1390 1173 1427 Crasso
1196 1396 1228 1427 et
1252 1391 1416 1427 Antonio
1447 1391 1494 1428 L.
1517 1390 1712 1440 Philippus

317 1460 516 1506 promimus
547 1457 753 1496 accedebat.

433 1535 527 1576 178.
586 1538 628 1574 P.
657 1535 845 1584 Cethegus]
878 1534 910 1573 is
936 1546 1019 1573 cum
1040 1534 1172 1574 Mario
1195 1534 1316 1573 hostis
1340 1533 1532 1572 imilcatus
1558 1545 1592 1572 a.
1618 1535 1713 1584 666,

319 1600 471 1652 aliquot
494 1606 622 1640 tamen
647 1601 757 1640 annis
784 1607 890 1653 post,
929 1613 1010 1640 cum
1037 1602 1076 1640 in
1100 1601 1317 1641 Numidiam
1344 1600 1475 1641 salvus
1503 1599 1714 1652 effugisset,

317 1667 457 1707 Sullae
486 1668 663 1721 partibus
694 1679 780 1708 sese
810 1668 1043 1721 applicavit,
1086 1681 1121 1708 a.
1153 1670 1248 1708 671.
1308 1668 1421 1717 Quod
1450 1668 1520 1707 alii
1551 1680 1586 1708 a.
1620 1669 1715 1717 669,

320 1733 391 1773 alii
418 1747 452 1773 a.
471 1736 554 1775 680
578 1729 800 1788 praetorem
823 1736 945 1775 fuisse
967 1741 1113 1788 putant,
1135 1736 1251 1775 nullis
1276 1735 1316 1774 fit
1334 1735 1505 1775 testibus.
1550 1734 1593 1775 V.
1610 1734 1714 1774 Dru-

319 1802 451 1838 manni
488 1802 586 1840 Hist.
625 1803 670 1842 R.
711 1808 735 1842 t.
766 1803 814 1842 Π.
852 1815 889 1854 p.
921 1802 1016 1843 557.
1079 1804 1123 1848 Q.
1156 1805 1354 1840 Lucretius
1387 1802 1533 1849 Ofella,
1572 1802 1639 1853 qui
1675 1803 1715 1841 in

321 1866 461 1906 Sullae
494 1869 666 1906 exercitu
696 1874 851 1907 strenue
882 1869 1052 1917 fecerat,
1093 1882 1177 1908 cum
1211 1870 1359 1908 iniussu
1389 1868 1589 1908 dictatoris
1623 1880 1716 1908 con-

321 1932 489 1973 sulatum
519 1939 652 1985 petere
683 1946 799 1973 ausus
830 1940 949 1982 esset,
979 1936 1060 1973 eius
1090 1936 1197 1974 iussu
1228 1936 1451 1974 interfectus
1476 1941 1533 1974 est
1557 1948 1592 1976 a.
1619 1937 1713 1975 673.

321 1999 366 2040 V.
397 2001 606 2039 Asconium
637 2000 686 2039 ad
718 2000 797 2041 Cic.
826 2002 865 2039 in
889 2006 986 2051 toga
1016 2000 1125 2040 cand.
1157 2013 1193 2052 p.
1225 2003 1313 2048 92„
1345 2001 1447 2052 apud
1481 2013 1592 2052 quem
1623 2002 1715 2041 olim

321 2066 446 2105 minus
483 2066 682 2106 emendate
710 2068 843 2104 Asella
882 2067 1096 2107 dicebatur.
1158 2067 1305 2114 Ofella,
1344 2067 1447 2119 quod
1476 2069 1621 2119 primus
1651 2080 1715 2108 re-

321 2133 444 2172 stituit
483 2133 701 2181 Corradus,
742 2133 856 2172 etiam
895 2146 979 2173 eam
1011 2132 1350 2173 commendationis
1391 2146 1548 2173 causam
1586 2136 1715 2184 habet,

324 2199 430 2251 quod
469 2200 615 2251 gentile
652 2211 792 2240 nomen
828 2200 998 2240 additum
1036 2212 1113 2240 non
1153 2204 1230 2238 est:
1278 2211 1323 2238 eo
1361 2201 1460 2239 enim
1501 2214 1599 2253 opus
1639 2215 1717 2243 non

322 2271 428 2315 erat,
464 2267 568 2318 quod
599 2268 732 2308 Ofella
759 2267 997 2319 Vespillonis
1028 2267 1185 2318 gentilis
1215 2271 1310 2304 erat.

439 2346 532 2383 179.
592 2348 634 2383 Ρ.
669 2346 815 2395 Orbius]
847 2351 1008 2399 praetor
1038 2358 1073 2384 a.
1099 2347 1200 2392 690,
1234 2356 1334 2383 anno
1364 2349 1453 2396 post
1474 2344 1594 2384 Asiae
1622 2357 1716 2397 pro-

323 2410 474 2450 vinciae
512 2412 755 2462 praefectus:
793 2426 829 2453 v.
868 2413 947 2452 Cic.
978 2426 1017 2465 p.
1048 2409 1192 2451 Flacco
1224 2413 1290 2450 31.
1352 2414 1396 2450 T.
1420 2411 1596 2459 Aufidius
1632 2413 1716 2464 ipse

325 2489 481 2529 quoque
509 2479 642 2517 Asiam
671 2491 742 2530 pro
773 2485 956 2531 praetore
988 2480 1104 2526 rexit,
1143 2478 1211 2518 sed
1240 2491 1361 2517 annus
1389 2478 1614 2528 ignoratum
1653 2492 1715 2518 se-

324 2549 434 2582 cutus
473 2549 531 2583 est
561 2545 764 2585 Claudium
792 2547 1004 2594 Neronem,
1041 2546 1118 2597 ipsi
1157 2546 1342 2585 successit
1370 2545 1573 2592 Varinius3
1618 2547 1716 2585 haec

326 2612 425 2649 enirn
455 2617 591 2651 narrat
615 2612 754 2652 Cicero
784 2626 822 2665 p.
850 2614 994 2653 Flacco
1022 2614 1084 2651 19.
1130 2616 1188 2650 Μ.
1219 2613 1398 2661 Virgilius
1424 2625 1448 2650 a
1471 2611 1593 2652 Cinna
1624 2614 1714 2651 suh—

326 2684 484 2717 ornatus
509 2684 567 2718 est
590 2680 628 2718 in
653 2680 805 2720 Sullam
829 2684 1054 2719 accusator:
1076 2692 1111 2719 v.
1133 2680 1234 2719 Plut.
1260 2679 1362 2719 Sull.
1389 2681 1472 2726 10.;
1499 2680 1560 2718 hic
1587 2684 1712 2719 autem

326 2752 456 2797 spreto
489 2752 719 2788 accusatore
749 2746 798 2787 ad
828 2747 972 2787 bellum
1001 2746 1306 2787 Mithridaticum
1336 2745 1534 2798 profectus
1565 2751 1634 2786 est.
