1835 3126
401 235 482 279 AD
515 233 628 277 CIC.
657 233 928 278 BRUTUM
959 235 1078 279 CAP.
1109 236 1176 278 69.
1208 235 1274 278 70.
1432 237 1537 280 411

145 349 254 391 orari
292 348 452 388 iubebat
488 349 589 388 binis
628 349 735 388 horis
773 349 1013 398 accusatori,
1051 349 1170 388 ternis
1199 353 1366 401 patrono
1397 348 1448 388 ad
1477 348 1537 388 di-

143 415 302 457 cendum
325 415 443 455 datis:
467 429 502 455 v.
519 416 728 456 Asconium
752 416 791 455 in
806 416 947 456 Milon.
976 429 1014 468 p.
1033 417 1098 455 37.
1135 416 1183 454 cf.
1200 416 1304 455 Dial.
1322 416 1369 455 de
1386 417 1452 457 Or.
1470 417 1537 457 38.

144 483 225 524 Cic.
254 483 363 523 Brut.
395 485 470 531 94,
502 484 595 522 324.
655 483 838 523 Pluribus
872 482 920 522 de
950 494 998 521 ea
1026 482 1117 532 lege
1147 481 1330 522 disseruit
1357 484 1537 535 Madvig.

143 549 234 589 diss.
267 550 310 588 de
340 551 496 588 tribunis
527 552 688 588 aerariis
717 561 756 601 p.
786 550 825 589 6.

257 618 350 657 244.
408 620 626 654 memorium
663 616 805 665 notam]
852 615 877 654 i.
924 626 956 654 e.
1001 621 1179 655 notorum
1224 622 1260 656 et
1302 617 1537 669 aequalium.

141 683 327 735 Meyerus
359 688 560 735 comparat
590 682 781 732 aequalem
804 686 1021 720 memorium
1051 684 1178 735 Legg.
1211 684 1240 724 I.
1273 686 1321 732 3,
1351 686 1389 724 8.

252 750 390 799 verum]
419 749 590 790 Orellius
615 748 1028 789 secundumNizolium
1053 750 1282 791 adiectivum
1304 757 1414 803 putat
1430 764 1538 800 esse3

140 817 226 855 iure
257 815 512 856 adversantur
540 816 783 857 Gebhardtus
814 817 848 856 Sc
871 817 1057 868 Meyerus
1086 831 1213 856 verum
1242 819 1456 858 reserentes
1487 819 1538 858 ad

140 894 418 935 praegressum
448 884 607 934 quidem.
664 883 745 923 Nec
777 897 904 922 verum
934 898 1065 922 nomen
1096 884 1188 936 quid
1219 886 1268 924 sit
1295 885 1447 926 videtur
1477 887 1538 925 in-

139 950 265 1001 telligi
299 963 428 1002 posse.

254 1018 379 1059 LXX.
439 1019 532 1057 245.
594 1020 638 1054 Τ.
674 1016 899 1065 Torquatus]
931 1020 1103 1054 mortuus
1134 1020 1223 1054 ante
1253 1028 1289 1055 a.
1320 1019 1423 1064 7023
1451 1031 1538 1055 am-

141 1084 238 1121 bitus
277 1085 377 1122 enim
406 1084 576 1121 sublatus
610 1083 739 1132 legem
768 1082 945 1133 Pompeii
977 1082 1130 1120 tertium
1169 1083 1339 1122 consulis
1374 1083 1421 1123 de
1456 1097 1537 1123 am-

140 1150 224 1189 bitu
252 1155 421 1202 spectat,
453 1162 531 1201 qua
558 1149 764 1200 graviores
795 1160 947 1200 poenae
977 1148 1150 1188 sontibus
1181 1150 1411 1190 constitutae
1436 1157 1535 1193 suut.

140 1217 184 1259 V.
215 1218 357 1257 Ascon.
387 1217 427 1256 in
456 1216 546 1257 Mil.
582 1218 648 1256 37.
691 1215 890 1256 Plutarch.
921 1216 1056 1267 Pomp.
1087 1227 1119 1255 c.
1149 1216 1216 1256 55.

251 1284 433 1333 .Mol0uis]
463 1296 499 1323 V.
532 1283 583 1322 ad
612 1295 644 1322 c.
674 1285 752 1331 90,
784 1284 879 1322 312.

253 1352 349 1390 246.
407 1354 466 1388 Μ.
490 1350 699 1399 Pontidius]
727 1362 814 1388 num
842 1350 891 1388 sit
916 1348 1028 1397 idem,
1055 1348 1163 1388 cuius
1187 1347 1328 1388 dictum
1353 1349 1538 1390 laudatur

143 1416 190 1456 de
221 1417 288 1457 Or.
313 1417 360 1456 II.
389 1417 462 1464 68,
495 1417 610 1464 275„
643 1416 749 1468 quod
777 1417 942 1467 Meyero
970 1417 1117 1464 risum,
1148 1415 1300 1464 dubito;
1331 1429 1408 1456 non
1438 1418 1539 1457 enim

142 1483 316 1523 ordinem
343 1489 512 1523 aetatum
542 1488 578 1523 et
600 1488 815 1536 temporum
838 1483 936 1523 adeo
967 1483 1217 1534 neglecturus
1242 1483 1364 1523 fuisse
1386 1484 1540 1524 videtur

143 1552 302 1600 Cicero,
332 1556 374 1590 ut
397 1550 610 1591 Caesarum
633 1552 796 1602 triginta
818 1552 928 1591 annis
954 1551 1141 1591 maiorem
1167 1551 1280 1590 huius
1304 1552 1537 1592 auctoritate

141 1631 251 1658 usum
281 1618 438 1658 diceret.

252 1689 312 1724 M.
343 1685 542 1734 Messalla]
581 1684 717 1724 consul
747 1696 832 1724 cum
858 1685 916 1725 M.
946 1684 1091 1724 Pisone
1121 1695 1157 1723 a.
1189 1685 1285 1725 693.

253 1754 347 1792 247.
408 1755 492 1790 Duo
525 1755 640 1789 ettam
670 1752 829 1802 Metelli]
874 1752 976 1789 Celer
1016 1751 1152 1791 consul
1181 1763 1267 1790 cum
1297 1752 1342 1791 L.
1372 1751 1539 1792 Afranio

142 1831 178 1859 a.
204 1820 304 1866 694,
333 1819 558 1870 optimatum
585 1817 788 1867 defensor,
817 1818 1016 1858 Ciceronis
1041 1818 1262 1866 familiaris,
1286 1830 1387 1857 anno
1413 1819 1539 1858 altero

141 1891 231 1937 post
271 1897 295 1924 a
333 1885 475 1925 Clodia
514 1897 642 1925 uxore
678 1897 826 1925 veneno
868 1885 1119 1936 interemptus
1157 1889 1226 1923 est.
1285 1886 1414 1934 Nepos
1457 1886 1540 1924 eius

142 1952 266 1991 frater
306 1953 482 1991 tribunus
515 1952 743 1992 Ciceronem
772 1951 969 1991 consulem
1001 1952 1144 1991 acriter
1171 1951 1433 2003 impugnavit,
1471 1952 1541 1992 sed

143 2031 167 2057 a
196 2019 342 2071 populo
375 2018 576 2058 destitutus
605 2024 674 2059 est.
734 2019 882 2059 Consul
911 2019 1037 2058 factus
1069 2023 1126 2058 est
1154 2030 1190 2058 a.
1222 2020 1317 2058 697.

253 2087 321 2124 hoc
349 2108 405 2113 ——
434 2086 614 2135 populare
641 2086 771 2134 yenus]
802 2097 879 2124 non
903 2085 999 2134 quod
1029 2088 1166 2130 nostis,
1197 2090 1236 2124 ut
1257 2086 1444 2135 Meyerus
1472 2097 1541 2125 ex-

141 2154 285 2205 plicat,
330 2152 399 2191 sed
433 2153 521 2196 hoc,
562 2151 659 2201 quod
697 2152 747 2188 ad
776 2152 955 2201 populum
985 2152 1144 2188 dicentes
1172 2152 1335 2201 plerique
1364 2151 1540 2199 afferunt,

142 2221 297 2268 vulgare
328 2219 437 2264 illud3
477 2212 722 2270 ὂημήγοροι
753 2218 852 2257 enim
883 2218 1034 2257 minime
1065 2229 1195 2257 omnes
1223 2219 1373 2269 pariter
1401 2219 1542 2258 lauda-

142 2287 242 2325 biles
274 2290 360 2324 sunt
387 2285 545 2334 ingenio
577 2290 613 2323 et
638 2285 829 2324 oratione.
874 2285 1033 2324 Falsum
1060 2285 1159 2324 euim
1181 2296 1287 2332 6556,
1321 2285 1424 2338 quod
1451 2286 1544 2326 dicit

144 2353 233 2400 ille,
262 2352 456 2404 populare
486 2341 608 2402 genus
639 2351 791 2391 dicendi
821 2352 980 2391 minoris
1010 2352 1182 2391 habitum
1209 2364 1324 2403 quam
1345 2353 1542 2402 iudiciale,

146 2426 183 2459 et
218 2420 377 2458 maioris
407 2418 622 2458 industriae
652 2432 767 2471 quam
797 2419 1020 2467 doctrinae,
1058 2420 1145 2471 ipse
1174 2419 1244 2459 ille
1273 2419 1384 2459 locus
1419 2420 1543 2468 docet,

147 2499 259 2539 quem
290 2491 517 2525 antestatur.
578 2487 722 2526 Crasso
754 2487 853 2526 enim
882 2498 913 2526 c.
943 2488 1001 2526 44
1026 2492 1123 2526 extr.
1158 2492 1344 2538 tanquam
1369 2487 1544 2526 cumulus

146 2554 275 2594 laudis
304 2553 477 2601 additur,
518 2565 597 2592 non
631 2559 673 2593 ut
713 2553 760 2593 de
798 2554 881 2593 eius
918 2555 1161 2606 praestantia
1190 2554 1433 2593 detrahatur:
1471 2554 1545 2601 fuit

149 2626 185 2659 ὶη
223 2622 290 2659 Ιιοο
321 2624 433 2658 etium
461 2620 656 2669 popularis
688 2621 799 2659 dictio
827 2621 1033 2668 excellens3
1072 2623 1231 2659 Antonii
1258 2634 1373 2670 genus
1401 2620 1545 2659 dicendi

149 2689 264 2725 multo
300 2691 425 2737 aptius
462 2688 611 2725 viudiciis
651 2701 763 2737 quam
793 2688 1034 2726 contionibus.
1092 2689 1135 2728 Iu
1164 2687 1298 2740 primis
1337 2692 1464 2726 autem
1494 2687 1544 2726 ad

150 2754 405 2795 refellendam
428 2754 536 2794 illam
557 2755 785 2795 seutentiam
807 2755 902 2795 facit
924 2754 1034 2795 locus
1049 2754 1097 2795 de
1113 2755 1242 2795 01:11.
1260 2755 1327 2805 82,
1347 2755 1430 2794 334
1445 2767 1543 2807 sqq.,
