1835 3126
581 94 836 140 BRUTUS
876 95 995 139 CAP.
1026 97 1094 141 64.
1406 101 1536 146 263

144 222 310 252 numero
350 220 482 249 anuos
522 214 712 264 quattuor
751 212 791 250 et
828 208 1104 264 quadraginta
1144 210 1288 252 fuisse.
1354 209 1444 254 Hoc
1483 212 1534 254 de

143 294 305 331 oratore
334 285 458 342 paulo
487 292 580 342 post
610 286 731 343 plura
760 287 967 330 dicemus:
997 286 1076 330 hoc
1109 295 1243 330 autem
1272 289 1367 332 loco
1397 289 1534 333 volui-

143 377 231 407 mus
267 370 444 406 aetatem
475 366 519 406 iu
548 366 754 422 disparem
786 372 994 408 oratorum
1024 366 1256 417 includer03
1300 381 1534 423 quanquam

139 442 183 484 id
212 442 375 498 quidem
406 443 595 486 omnibus
625 457 703 486 usu
728 445 869 486 venire
900 457 1075 487 necesse
1106 445 1202 495 fuit,
1234 445 1382 500 quibus
1407 445 1533 501 paulo

138 519 308 575 longior
343 522 429 563 vita
468 523 657 577 contigit,
693 529 736 564 ut
777 529 816 565 et
856 535 946 565 cum
984 522 1109 565 multo
1147 523 1375 566 maioribus
1415 530 1530 574 natu,

139 611 261 654 quam
294 606 432 641 essent
468 601 566 656 ipsi,
605 607 643 642 et
679 615 770 644 cum
806 601 1017 657 aliquanto
1056 602 1284 644 minorihus
1315 615 1532 658 compara-

138 683 288 718 rentur.
349 676 399 719 Ut
435 677 590 721 Accius
631 679 763 722 isdem
800 679 1007 721 aedilibus
1051 681 1109 722 ait
1147 693 1192 722 se
1233 686 1272 722 et
1307 679 1531 724 Pacuvium

138 755 332 797 docuisse
359 755 559 805 fabulam,
592 770 712 812 quom
737 757 809 798 ille
834 759 1065 811 octoginta,
1093 759 1182 813 ipse
1205 759 1375 812 triginta
1397 771 1530 802 annos

137 839 258 875 natus
289 840 423 875 esset:
481 833 580 874 230.
621 835 682 876 sic
711 833 957 876 Hortensius
986 846 1071 875 non
1101 846 1192 875 cum
1222 836 1310 875 suis
1341 836 1531 890 aequali-

135 910 212 953 bus
243 911 396 959 solum,
428 910 502 952 sed
532 916 571 952 et
599 923 694 952 mea
721 923 812 952 cum
839 916 974 951 aetate
1005 915 1045 952 et
1070 923 1161 952 cum
1190 917 1282 961 tua,
1311 910 1459 962 Brute,
1490 919 1530 955 et

135 1002 226 1030 cum
257 988 468 1042 aliquanto
499 989 712 1043 superiore
744 989 1027 1042 coniungitur:
1059 989 1095 1030 si
1120 989 1284 1044 quidem
1308 995 1347 1032 et
1371 988 1529 1034 Crasso

131 1067 226 1108 vivo
256 1066 395 1108 dicere
426 1065 590 1108 solebat
620 1072 660 1108 et
688 1068 824 1121 magis
855 1067 938 1108 iam
969 1067 1094 1109 etiam
1122 1067 1292 1122 vigebat
1322 1081 1412 1111 cum
1439 1069 1528 1111 An-

132 1145 268 1193 toni03
296 1150 336 1186 et
358 1143 546 1201 Philippo
575 1145 658 1186 iam
689 1158 789 1188 sene
820 1159 894 1202 pro
919 1144 992 1187 Cn.
1016 1144 1185 1202 Pompei
1214 1146 1337 1189 bonis
1364 1147 1527 1190 dicente

134 1224 177 1265 in
205 1222 282 1265 illa
311 1235 459 1273 causa,
499 1223 749 1267 adolescens
780 1237 871 1267 cum
901 1229 1035 1274 esset,
1064 1224 1257 1281 princeps
1288 1225 1384 1275 suit,
1416 1231 1456 1268 et
1485 1226 1528 1267 in

218 1389 277 1416 230.
315 1388 463 1423 Philippo
482 1391 542 1417 iam
560 1399 629 1418 sene
642 1399 704 1425 pro
727 1391 782 1417 Cn.
798 1391 938 1425 Pompeii
958 1391 1047 1419 bonis
1067 1392 1184 1420 (licente
1201 1393 1232 1419 in
1252 1392 1307 1418 illa
1325 1398 1433 1422 causa,
1454 1392 1524 1418 ado-

311 1435 424 1461 lescens
451 1443 518 1462 cnm
541 1438 630 1467 esset,
652 1437 801 1471 princeps
819 1437 894 1472 suit]
921 1446 986 1465 cum
1006 1438 1082 1465 Phil.
1108 1440 1164 1465 iam
1183 1446 1257 1464 sene
1276 1451 1309 1457 —
1328 1437 1457 1465 dicente.
1494 1437 1525 1464 ln

310 1481 361 1507 ina
379 1482 431 1508 &a

223 1616 302 1651 230.
349 1615 505 1662 viyebat
540 1636 584 1642 —
618 1616 787 1661 dicente]
826 1617 1054 1664 Madvigium
1094 1623 1238 1653 secutus
1273 1629 1350 1652 sum
1389 1618 1468 1653 Em.
1497 1618 1523 1654 1.

130 1684 166 1718 p.
190 1672 285 1714 171„
311 1673 408 1717 quod
429 1673 521 1706 idem
542 1672 761 1718 Bernhardy
786 1678 864 1708 erat
888 1673 1065 1714 facturus3
1093 1674 1202 1707 modo
1229 1674 1325 1717 quod
1348 1679 1431 1718 post
1450 1674 1525 1708 Δη-

133 1731 241 1763 tonio
274 1740 346 1762 non
373 1729 532 1774 virgula,
565 1729 630 1762 sed
662 1728 780 1762 medie
805 1729 961 1763 distinxi.
1010 1729 1040 1761 A
1067 1729 1168 1763 libris
1192 1729 1296 1763 abest
1320 1741 1409 1763 cum
1440 1735 1526 1764 ante

131 1785 320 1825 Antonio,
353 1786 498 1830 ponitur
530 1789 614 1818 ante
637 1782 850 1831 Philippm·
881 1784 1110 1830 distinguitur
1139 1791 1257 1819 autem
1282 1785 1393 1832 vulgo
1417 1786 1526 1830 plene

130 1848 212 1886 post
237 1842 402 1877 dicente.
452 1841 529 1877 Illa
552 1852 675 1875 causa
706 1841 728 1875 i.
752 1852 782 1876 e.
810 1846 899 1875 nota
921 1841 993 1875 illa.
1041 1841 1218 1886 Meyerus
1245 1842 1358 1876 libros
1382 1848 1526 1877 secutus

128 1898 288 1942 scripsit:
321 1902 360 1932 et
391 1901 520 1943 mallis
543 1916 589 1923 ——-
614 1897 771 1943 viyebat
793 1897 984 1937 Antonio,
1023 1901 1062 1930 et
1098 1909 1187 1931 cum
1216 1897 1404 1945 Philippo
1441 1901 1525 1933 iam

128 1965 217 1988 sene
237 1966 313 2000 pro
342 1953 406 1988 Cn.
426 1954 599 2001 Pompei
622 1954 734 1988 bonis
758 1954 911 1988 dicente
937 1957 978 1988 in
1003 1953 1072 1987 illa
1098 1965 1220 1988 causa
1245 1957 1309 1989 &c.
1360 1955 1424 1989 Cui
1449 1955 1525 1989 iure

129 2010 250 2045 obiicit
282 2009 499 2056 Bernhardy
532 2013 617 2044 vivo
651 2022 697 2044 ex
727 2011 886 2044 membro
922 2011 1044 2055 priore
1076 2011 1193 2055 repeti
1225 2011 1370 2045 minime
1402 2023 1524 2055 posse,

129 2067 193 2101 sed
220 2067 423 2101 orationem
449 2067 568 2111 potius
602 2066 652 2099 ita
676 2066 844 2100 debuisse
874 2066 1009 2100 institui
1037 2071 1073 2100 ec
1099 2069 1229 2112 mayz's
1258 2069 1342 2100 iam
1369 2066 1524 2112 viqebat

130 2126 253 2157 etiam
279 2128 362 2157 tum
385 2125 468 2156 vivo
493 2122 673 2157 Antonio.
724 2122 799 2155 Sed
831 2121 920 2155 illud
943 2123 1023 2155 viro
1048 2122 1157 2156 docto
1184 2133 1257 2157 non
1282 2123 1524 2157 concesserim

127 2179 340 2213 incredibile
375 2178 492 2212 videri
527 2177 714 2211 Hortensii
753 2177 933 2222 quendam
972 2177 1122 2223 gradum
1159 2182 1194 2212 et
1232 2179 1523 2224 progressionem

129 2247 151 2268 a
172 2234 290 2269 Crassi
316 2232 538 2279 temporibus
564 2233 609 2267 ad
627 2233 822 2268 Antonium
847 2232 1009 2276 definiri,
1034 2245 1184 2278 quorum
1208 2241 1343 2269 mortes
1369 2241 1523 2280 quatuor

130 2291 232 2325 annis
253 2290 451 2336 diremptae
469 2290 611 2324 suerint.
651 2289 773 2324 Dictio
795 2291 889 2324 enim
910 2289 1095 2324 Hortensii
1115 2302 1182 2335 pro
1201 2290 1381 2336 Pompeio
1401 2302 1522 2325 rursus

129 2348 164 2381 in
187 2359 266 2381 eum
293 2359 424 2381 annum
448 2346 587 2388 incidit,
614 2347 672 2390 qui
697 2346 881 2391 proximus
906 2352 959 2380 est
984 2352 1066 2391 post
1090 2346 1237 2381 Antonii
1257 2354 1429 2390 mortem,
1454 2359 1523 2381 nec

128 2404 241 2449 magis
262 2404 440 2449 quinque,
465 2414 567 2448 quam
590 2408 758 2448 quattuor
782 2404 884 2437 annis
905 2402 1117 2437 Hortensius
1141 2403 1187 2438 ad
1205 2408 1319 2438 artem
1339 2404 1521 2438 videbitur

130 2458 312 2505 proficere
338 2461 509 2505 potuisse.
558 2459 655 2496 Quid
679 2459 724 2494 de
746 2471 786 2494 se
810 2460 859 2493 ait
883 2459 1037 2494 Cicero?
1085 2459 1172 2495 Cum
1198 2467 1282 2505 post
1302 2461 1521 2495 Roscianam

130 2517 311 2550 actionem
344 2516 549 2551 iuveniliter
579 2517 817 2551 luxuriantem
851 2516 887 2550 in
914 2516 1032 2550 Asiam
1065 2517 1251 2561 profectus
1282 2522 1399 2558 esset,
1437 2521 1520 2561 post

128 2571 311 2606 biennium
345 2578 437 2606 totus
464 2577 618 2607 mutatus
644 2573 768 2608 rediit:
802 2585 837 2608 v.
864 2572 959 2607 infra
989 2584 1020 2607 c.
1046 2573 1106 2615 91,
1130 2573 1209 2608 316.
1257 2572 1383 2607 Potuit
1413 2572 1520 2618 igitur

129 2628 243 2662 simile
268 2628 351 2674 quid
369 2628 565 2664 Hortensio
589 2631 810 2676 contingere.
829 2649 875 2659 υ-
900 2629 1088 2677 Pompei]
1114 2630 1165 2665 sic
1187 2630 1252 2676 Lg.
1278 2634 1425 2676 praeter
1447 2628 1517 2671 35„
