1835 3126
283 164 413 219 2'94
809 163 1151 208 CICERONIS

284 286 326 325 in
356 280 504 322 Atticis
543 276 630 319 alia
667 276 861 326 meliora,
895 276 1055 324 videat,
1094 287 1146 316 ne
1185 274 1347 328 ignoret
1378 276 1418 313 et
1445 269 1600 326 gradus
1631 274 1671 310 et

283 355 642 401 dissimilitudines
677 360 716 396 et
748 354 831 395 vim
862 359 901 394 et
928 353 1171 394 varietatem
1200 351 1439 393 Atticorum.
1498 349 1673 397 Atticos,

284 437 435 492 inquit,
473 434 569 476 volo
610 433 774 474 imitari.
837 430 980 482 Quos?
1024 441 1102 470 nec
1142 428 1251 469 enim
1283 434 1345 469 est
1372 441 1494 469 unum
1527 438 1671 481 genus.

285 528 380 557 nam
408 512 504 568 quid
534 517 597 553 est
625 517 707 552 tam
731 508 933 551 dissimile
958 520 1079 563 quam
1100 504 1400 547 Demosthenes
1431 510 1469 545 et
1491 503 1673 558 Lysias?

286 605 407 648 quam
439 589 573 632 eidem
603 595 641 630 et
670 586 930 644 Hyperides'ss
976 598 1098 641 quam
1126 584 1269 626 horum
1301 583 1477 625 omnium
1502 581 1677 624 Aeschi-

286 673 395 712 nes?
454 681 572 724 quem
617 667 742 720 igitur
786 665 994 707 imitaris?
1054 662 1103 704 Si
1147 662 1353 717 aliquem:
1408 660 1535 701 ceteri
1577 671 1677 712 ergo

288 747 423 789 Attice
459 759 541 787 non
573 744 776 787 dicebant.
836 745 872 785 si
903 742 1058 785 omnis:
1101 742 1169 796 qui
1197 746 1340 796 poteS,
1372 751 1462 779 cum
1494 737 1574 778 sint
1600 737 1678 792 ipsi

289 824 568 867 dissimillumi
602 824 708 864 inter
740 825 812 864 se?
871 819 917 862 In
950 833 1029 876 quo
1061 818 1165 861 illud
1191 819 1315 860 etiam
1345 829 1500 872 quaero
1528 813 1681 857 Phale-

288 917 384 945 reus
429 902 502 943 ille
545 900 778 943 Demetrius
825 899 1014 942 Atticene
1060 898 1218 939 dixerit.
1278 894 1377 937 mihi
1421 893 1585 950 quidem
1629 906 1680 935 ex

289 982 403 1024 illius
433 978 688 1022 orationibus
718 977 909 1020 redolere
940 978 1057 1032 ipsae
1083 975 1274 1017 Athenae
1302 973 1502 1014 videntur.
1550 977 1589 1013 at
1620 977 1682 1013 est

290 1059 493 1106 floridior,
529 1063 571 1098 ut
610 1058 667 1098 ita
705 1056 861 1105 dicam,
903 1067 1024 1110 quam
1065 1051 1319 1109 Hyperides,
1360 1063 1481 1106 quam
1510 1048 1678 1103 Lysias.

292 1143 438 1177 natum
470 1133 674 1189 quaedam
705 1139 773 1173 aut
801 1132 993 1174 voluntas
1018 1132 1077 1172 ita
1107 1130 1269 1172 dicendi
1301 1130 1388 1171 suit.

402 1209 639 1253 LXXXIII.
671 1209 766 1251 256.
797 1207 848 1249 Et
870 1208 1034 1264 quidem
1061 1207 1140 1248 duo
1166 1207 1326 1247 suerunt
1351 1218 1425 1261 per
1449 1205 1559 1245 idem
1580 1210 1682 1245 tem-

290 1304 364 1347 pus
397 1288 622 1332 dissimiles
664 1288 770 1328 inter
800 1299 869 1336 se,
911 1285 986 1327 sed
1015 1284 1142 1326 Attici
1171 1290 1328 1325 tamen:
1373 1293 1543 1338 quorum
1574 1280 1682 1323 Cha-

291 1370 417 1410 risius
464 1366 681 1408 multarum
726 1365 981 1413 orationum,
1031 1375 1135 1418 quas
1178 1360 1388 1403 scribebat
1433 1360 1547 1410 aliis,
1593 1373 1683 1401 cum

292 1459 441 1502 cupere
472 1433 681 1486 videretur
710 1443 860 1485 imitari
890 1441 1085 1496 Lysiam3
1114 1439 1397 1482 Demochares
1429 1445 1583 1488 autem,
1616 1440 1683 1494 qui

293 1525 367 1566 suit
393 1522 659 1566 Demostheni
690 1523 847 1564 sororis
873 1520 1005 1571 filius,
1037 1525 1077 1562 et
1106 1519 1315 1561 orationes
1342 1518 1506 1573 scripsit
1529 1517 1686 1572 aliquot

293 1610 333 1644 et
363 1615 503 1644 earum
532 1614 669 1643 rerum
696 1600 933 1649 historiam,
965 1611 1071 1654 quae
1102 1603 1219 1639 erant
1247 1596 1422 1638 Athenis
1451 1596 1582 1651 ipsius
1614 1608 1685 1636 ae-

294 1687 376 1722 tate
406 1686 571 1733 gestae,
601 1693 685 1721 non
714 1685 796 1721 tam
826 1677 1025 1720 historico
1057 1689 1178 1732 quam
1209 1676 1391 1718 oratorio
1413 1687 1567 1729 genere
1592 1687 1686 1730 per-

379 1822 438 1848 285.
476 1829 563 1855 quam
583 1821 687 1854 eidem]
708 1829 793 1854 quam
813 1821 898 1847 idem.
918 1835 951 1840 -—
979 1820 1084 1846 lim-um
1107 1819 1251 1853 mmtillln]
1273 1820 1398 1845 omnium
1417 1819 1529 1845 horum.
1548 1833 1581 1839 —
1609 1818 1686 1846 illud

471 1866 575 1900 etlam]
597 1867 683 1892 etiam
703 1866 782 1892 illud.

294 1956 478 2001 quorum]
504 1954 572 1989 Gn.
594 1956 623 1989 l.
649 1975 693 1979 —-
728 1957 831 1989 enim
855 1956 928 1998 est]
955 1955 1028 1990 inv.
1054 1952 1121 1998 Lg.
1141 1953 1197 1988 20.
1216 1973 1260 1978 -
1293 1963 1410 1997 quam
1437 1953 1580 1997 eidem]
1604 1953 1685 1987 libri

295 2018 333 2045 et
358 2013 439 2048 edd.
466 2011 593 2050 iclem5
627 2012 748 2045 iidem
782 2023 824 2045 ex
852 2011 931 2044 cod.
961 2011 1080 2045 Cuiac.
1107 2009 1337 2052 Schuetzius,
1371 2010 1455 2053 quia
1480 2021 1552 2043 non
1580 2022 1685 2044 unum

295 2067 580 2102 Demosthenem
611 2073 646 2101 et
669 2079 747 2101 cum
775 2067 886 2112 Lysia
912 2072 947 2100 et
973 2077 1048 2100 cum
1075 2065 1279 2110 Hyperide,
1312 2066 1377 2099 sed
1403 2065 1684 2101 Demosthenem

297 2130 333 2158 et
347 2123 494 2169 Lysian-1
515 2125 655 2158 iunctos
681 2135 758 2157 cum
775 2123 964 2168 Hyperide
986 2123 1188 2167 comparari
1210 2122 1341 2156 docent
1367 2122 1481 2156 verba
1498 2125 1687 2167 sequentia

295 2192 418 2225 quam
452 2179 593 2214 horum
631 2182 808 2215 omnium
840 2179 1062 2214 Aeschines.
1112 2179 1249 2223 Scripsi
1285 2178 1411 2211 eidem
1422 2193 1435 2219 ,-
1472 2179 1506 2212 in
1545 2180 1688 2215 horum

296 2240 471 2271 omnium
497 2238 548 2271 sic
573 2237 851 2282 transponendis
875 2243 1019 2270 secutus
1044 2247 1118 2269 sum
1145 2235 1210 2280 Lg.
1232 2241 1377 2280 praeter
1396 2235 1450 2269 ⁶20.
1472 2235 1526 2270 39.
1545 2235 1599 2270 68.
1619 2237 1688 2280 70„

296 2293 380 2327 item
413 2293 505 2327 Ven.
530 2294 560 2328 l.
593 2292 667 2328 Ott.
697 2294 752 2328 ed.
776 2305 828 2338 pr.
853 2313 899 2318 ——
937 2295 973 2326 sz·
997 2292 1181 2337 aliquem]
1207 2292 1276 2327 sed
1300 2292 1349 2325 al.
1379 2292 1446 2326 Gu.
1475 2291 1502 2326 l.
1535 2292 1627 2326 Ven.
1656 2294 1684 2328 l.

297 2348 364 2395 Lg.
381 2349 435 2383 39.
456 2362 490 2384 v.
510 2362 543 2384 u.
563 2356 588 2385 t.
601 2369 647 2375 »-
680 2351 823 2394 omnis]
850 2349 913 2395 Lg.
928 2348 959 2384 S.
982 2349 1036 2382 35.
1051 2348 1105 2383 39.
1125 2348 1179 2382 51.
1195 2348 1247 2382 53.
1265 2348 1319 2382 56.
1337 2347 1391 2382 68.
1408 2348 1461 2382 70.
1489 2348 1579 2382 Veu.
1600 2350 1627 2383 Ι.
1641 2368 1685 2374 -

296 2405 399 2441 illud
430 2407 566 2450 etiam]
605 2407 712 2453 vulgo
746 2413 829 2452 post
860 2407 1049 2451 repetitam
1083 2404 1209 2439 Lamb.
1245 2416 1266 2438 a
1300 2404 1386 2437 1584
1418 2407 1541 2438 eliam
1574 2404 1685 2446 illud,

297 2467 423 2495 contra
446 2461 556 2497 fidem
589 2463 644 2497 ed.
669 2475 722 2507 pr.
750 2468 786 2497 et
811 2462 914 2497 codd.
943 2462 1152 2496 collatorum
1182 2462 1347 2495 omnium.
1371 2479 1417 2486 —-
1450 2459 1684 2504 Phalereus]

298 2517 508 2553 Pltalerius
541 2519 597 2554 ed.
625 2531 678 2564 pr.
714 2519 780 2564 Lg.
806 2519 861 2554 20.
900 2517 1119 2565 phalareus
1154 2517 1219 2553 Gu.
1248 2518 1277 2552 l.
1303 2537 1347 2542 —
1382 2517 1545 2561 elimarit]
1583 2518 1687 2551 (Iz'wz'c

298 2575 356 2608 ed.
381 2587 436 2621 pr.
461 2596 507 2600 *-
546 2575 782 2623 Hyperides]
808 2574 1044 2622 hyper-indes
1070 2574 1138 2608 Cu.
1164 2576 1194 2608 l.
1244 2574 1299 2608 Al.
1326 2573 1468 2618 quidam
1497 2585 1563 2619 per
1589 2576 1613 2609 τ’.

389 2631 590 2667 LXXXIII.
637 2632 715 2667 ⁶286.
766 2632 982 2667 multarum
1022 2631 1264 2674 mulionum]
1306 2631 1451 2664 mullas
1487 2632 1685 2665 orationes

297 2687 474 2723 suadebat
510 2688 694 2723 Manutius
734 2689 918 2723 immemor
956 2687 1244 2732 elegantissimae
1285 2687 1484 2722 brevitatis.
1520 2705 1565 2713 ——-
1610 2685 1685 2720 De-
