1835 3126
220 225 365 292 454'
752 243 952 287 INDEX
1007 247 1076 291 111.

220 357 412 392 Philistus
436 354 626 389 historicus
650 354 705 390 66.

220 413 337 448 Philo
360 411 597 457 philosophus
621 411 700 446 306.

219 469 396 514 Physica
421 479 505 513 pars
531 467 774 512 antiquissima
798 468 1054 515 philosophiae
1078 471 1132 506 31.

218 525 411 560 Picariae
436 525 471 558 in
494 524 587 558 silva
612 525 691 558 Sila
713 525 770 559 85.
1011 524 1047 540 Τ

218 581 360 617 Pictus
384 581 537 625 scriptor
561 579 693 626 Lysias
716 581 792 615 293.

219 637 460 673 Pisistratus
485 637 660 682 eloquens
684 637 739 673 27.

223 694 261 729 C.
288 693 385 728 Piso
410 692 488 727 239.
512 713 557 717 —-
590 693 698 736 alius,
725 692 910 729 Ciceronis
936 705 1048 741 gener
1071 695 1148 730 272.

218 750 263 785 L.
289 749 388 784 Piso
415 749 540 794 Fruqz‘
564 748 640 784 106.

224 807 289 842 Cn.
315 805 531 851 Pompeius
556 804 701 840 Strabo
731 806 805 842 175.

213 876 289 911 pro
318 862 382 897 Gn.
408 861 596 909 Pompeii
620 861 730 897 bonis
755 862 849 897 actio
874 861 952 897 226.

220 919 264 961 Q.
292 919 511 965 Pompeius
536 918 666 963 Rufius
692 919 772 954 206.

222 976 286 1011 Cn.
314 975 556 1022 Pomponius
582 981 707 1009 orator
731 975 809 1010 207.

217 1031 274 1066 M.
302 1031 510 1066 Pontidius
533 1032 612 1065 246.

217 1088 265 1123 Ρ.
293 1087 478 1134 Popilius
503 1087 557 1121 Ti.
582 1086 736 1120 Gracchi
761 1087 922 1120 inimicus
946 1088 1002 1121 95.

219 1142 368 1178 Porcia
392 1154 479 1187 gens
504 1142 658 1176 Tusculo
686 1148 767 1177 orta
789 1143 868 1177 294.

216 1199 317 1234 Post
341 1198 519 1232 homiues
544 1202 659 1232 natos
684 1199 820 1232 locutio
845 1198 974 1232 Lucilii
1001 1199 1078 1232 224.

216 1255 478 1301 Ρνίυἰῖθῃὶαφη
504 1253 561 1290 89.

219 1311 444 1346 Producere
467 1311 503 1344 in
531 1311 736 1345 contionem
760 1309 837 1345 217.

217 1367 502 1412 Prothystcron
528 1367 583 1402 49.

218 1424 277 1459 Μ.
304 1423 465 1471 Pupius
490 1422 587 1458 Piso
617 1422 907 1470 Calpurnianus
931 1423 1010 1458 236.

217 1481 330 1518 Pura
355 1485 392 1515 ct
418 1480 584 1517 illustris
609 1479 783 1516 brevitas
807 1480 842 1514 in
867 1480 1019 1515 historia
1041 1480 1117 1515 262.

220 1636 306 1678 Qua
331 1636 378 1670 cle
401 1648 445 1670 re
467 1638 601 1682 aqitur
625 1637 782 1672 formula
805 1637 891 1671 iuris
916 1637 996 1671 274.

219 1693 410 1734 Quaestio
438 1697 472 1727 et
497 1693 723 1739 disquisitio
751 1694 919 1728 distincta
941 1694 996 1728 87.

219 1749 454 1790 Quaestorz‘a
472 1753 726 1796 procuratio,
756 1752 841 1785 item
869 1752 975 1785 ratio
999 1750 1079 1784 219.

219 1804 350 1846 Quam
372 1816 470 1846 non,
496 1817 616 1850 quam
635 1806 763 1842 nullus
782 1806 861 1842 217.
880 1825 926 1833 ·—
952 1812 1036 1852 post
1061 1816 1184 1851 quam
1207 1805 1365 1841 inversio
1386 1805 1608 1851 pronominis

261 1861 337 1895 126.

220 1916 415 1958 Quattuor
439 1916 635 1951 coloribus
658 1919 711 1951 usi
737 1917 895 1962 pictores
919 1925 1064 1954 veteres
1089 1920 1143 1954 70.

221 1972 401 2014 Quodam
424 1973 542 2007 modo
568 1972 793 2018 ἁμωςγέπως
821 1973 896 2008 149.

216 2117 482 2152 Reconditum
508 2118 640 2161 poc'ma
665 2117 740 2151 191.

216 2175 363 2209 Rectus
388 2174 434 2207 dc
460 2174 603 2207 dicendi
629 2185 657 2208 s.
682 2173 863 2208 scribendi
888 2186 1021 2220 genere
1045 2176 1123 2210 262.

216 2229 385 2274 Referre
410 2230 455 2264 de
480 2230 657 2264 monitore
682 2231 813 2265 dictum
838 2230 916 2267 301.

216 2286 347 2332 Reqia
376 2285 621 2332 dispensatio
648 2288 669 2321 i.
693 2298 725 2331 q.
751 2288 927 2332 pecuniae
952 2289 1074 2334 regiae
1098 2287 1176 2323 319.

214 2343 410 2387 Relinquo
440 2343 462 2376 i.
488 2354 521 2387 q.
549 2343 674 2377 omitto
700 2343 755 2379 76.

214 2398 367 2433 ΗΙιετον
391 2410 463 2433 non
490 2399 583 2432 idem
609 2400 667 2444 qui
692 2406 817 2435 orator
844 2401 898 2435 42.

214 2455 389 2489 Roscius
420 2459 520 2489 actor
545 2455 622 2489 290.

218 2510 261 2553 Q.
288 2510 466 2546 Rubrius
503 2511 625 2546 Varro
652 2512 728 2547 168.

218 2654 444 2691 Salubritas
471 2662 507 2690 et
532 2658 688 2692 sanitas
715 2657 761 2691 de
786 2658 909 2692 verbis
934 2660 970 2690 et
995 2656 1161 2690 oratione
1185 2657 1239 2690 51.

217 2712 263 2746 L.
293 2711 533 2747 Saturninus
559 2713 638 2748 224.

218 2766 266 2800 Ρ.
294 2766 486 2804 Scaevola
514 2769 679 2815 pontifex
703 2770 899 2813 maximus,
925 2769 1011 2804 iuris
1037 2769 1218 2804 consultus
1241 2768 1296 2804 98.
