1835 3126
365 231 448 274 AD
481 230 596 274 CIC.
627 230 888 275 BRUTUM
928 233 1046 277 CAP.
1077 235 1145 277 25.
1175 235 1243 278 26.
1371 236 1498 282 365

111 358 193 386 mas
222 345 468 397 eloquentiae
498 351 630 398 partes
652 346 702 386 ad
729 348 973 400 aequabilem
998 361 1171 390 normam
1194 354 1231 389 et
1255 349 1368 401 quasi
1392 347 1499 389 ordi-

110 423 193 451 nem
222 411 453 464 disciplinae
476 414 708 453 revocantis.
753 414 866 454 Ferri
889 417 962 456 hoc
985 428 1060 456 non
1081 421 1229 468 potest,
1259 417 1355 467 quia
1377 417 1498 463 stilus,

109 490 193 518 cum
222 479 386 531 primum
419 481 468 519 sit
498 484 779 519 instrumentum
807 483 1012 528 scribendi,
1044 482 1132 522 dein
1161 486 1314 532 scriptio
1345 488 1381 522 et
1409 496 1500 521 usus

106 546 308 592 scribendi,
355 546 404 586 ad
450 548 669 588 inveniendi
714 553 750 587 et
794 548 1023 601 disponendi
1068 549 1269 601 omnisque
1312 550 1500 588 materiae

107 614 307 653 oratoriae
339 613 623 666 dispensandae
652 614 880 654 industriam
909 628 986 655 non
1014 616 1197 655 refertur.
1255 616 1410 663 Artifex
1441 620 1500 654 est

108 673 312 730 ἔντεχνος,
340 682 458 719 cultus
465 697 476 728 ‚-
500 682 641 729 artifex
665 683 786 733 igitur
808 683 919 720 stilus
945 683 1200 722 elocutionem
1223 682 1342 734 paulo
1361 682 1498 722 elabo-

105 747 314 793 ratiorem,
354 760 468 799 quam
503 750 749 800 antiquorum
785 749 938 789 solebat
977 761 1083 798 esse,
1122 748 1329 800 significat.
1386 750 1497 789 Hunc

103 825 152 852 ne
183 814 232 852 ab
262 814 335 852 illa
365 820 493 854 aetate
524 816 807 865 abiudicemus‚
841 817 1037 857 Gracchos
1070 827 1279 868 eorumque
1309 816 1497 868 aequales

103 880 260 921 Punicis
298 882 535 933 temporibus
575 888 611 922 et
641 882 788 923 Catone
823 882 927 921 haud
956 882 1076 934 paulo
1116 882 1318 921 nitidiores
1349 887 1386 921 et
1416 882 1497 921 ele-

104 948 304 999 gantiores
320 948 442 988 fuisse
457 950 752 990 meminerimus.
792 952 950 986 Lenitas
965 954 1091 987 autem
1108 949 1313 1000 asperitati
1325 953 1497 988 veterum

104 1016 303 1054 contraria
342 1021 418 1064 est3
456 1013 584 1070 χάριν
616 1016 757 1057 Graeci
789 1015 980 1055 vocitant:
1017 1027 1053 1055 v.
1084 1014 1238 1066 Explic.
1280 1014 1321 1052 in
1350 1013 1397 1053 de
1428 1015 1496 1055 Or.

102 1081 168 1122 111.
196 1082 267 1129 52,
298 1083 393 1123 201.

217 1160 260 1197 0.
290 1162 385 1197 enim
409 1159 621 1209 Pompeius]
654 1158 790 1199 consul
820 1171 855 1199 a.
878 1161 981 1207 613,
1011 1170 1150 1199 censor
1180 1171 1215 1198 a.
1241 1160 1343 1208 623,
1373 1170 1495 1200 novus

219 1195 241 1204 ι

100 1227 215 1267 homo
251 1231 288 1266 et
318 1237 337 1266 e
367 1226 564 1278 Pompeiis
594 1227 730 1266 consul
758 1227 922 1279 primus:
952 1226 1054 1267 Vell.
1085 1226 1134 1265 ΙΙ.
1168 1227 1204 1265 1.

213 1306 279 1346 97.
341 1308 387 1342 L.
408 1304 574 1354 Cassius]
605 1305 781 1344 tribunus
805 1317 840 1343 a.
866 1306 946 1344 617
969 1304 1099 1355 legem
1122 1303 1210 1342 tulit
1233 1301 1279 1341 de
1304 1301 1494 1354 suffragio

98 1374 139 1412 in
178 1373 341 1412 comitiis
378 1383 449 1423 per
487 1371 673 1410 tabellam
702 1371 883 1411 ferendo:
926 1371 1048 1411 schol.
1077 1370 1175 1410 Bob.
1207 1381 1264 1409 or.
1295 1382 1332 1422 p.
1364 1370 1494 1410 Sestio

98 1452 136 1492 p.
169 1441 263 1479 303.
309 1438 447 1479 Cicero
477 1438 590 1477 Lael.
622 1440 686 1478 12.
717 1438 844 1489 Legg.
874 1437 938 1478 ΙΙΙ.
969 1439 1040 1486 16,
1065 1438 1153 1485 35.;
1185 1448 1285 1489 quae
1307 1437 1493 1488 Meyerus

100 1507 274 1558 collegit.
340 1505 615 1547 Sanctissimus
654 1506 822 1546 omnium
863 1505 981 1545 iudex
1016 1510 1073 1544 est
1109 1504 1285 1552 habitus,
1331 1515 1379 1543 ex
1416 1516 1492 1556 quo

98 1575 272 1625 scopulus
301 1586 448 1611 reorum
477 1578 641 1613 vocatus
673 1578 730 1612 est
761 1578 797 1612 et
826 1572 973 1612 iudices
1005 1573 1087 1611 eius
1121 1571 1266 1610 similes
1299 1572 1492 1609 Cassiani:

100 1642 180 1682 Cic.
211 1654 248 1694 p.
280 1641 424 1682 Roscio
457 1642 530 1688 30,
564 1641 631 1680 84.
676 1641 866 1680 Asconius
895 1641 936 1679 in
964 1639 1225 1679 Milonianam
1255 1650 1293 1690 p.
1324 1639 1392 1678 46.
1424 1638 1491 1678 Or.

209 1722 285 1747 uon
309 1708 544 1757 liberalitate]
575 1707 763 1746 Ernestus
794 1707 964 1746 malebat
982 1707 1175 1744 hilaritate
1185 1720 1197 1752 ,-
1229 1704 1297 1744 sed
1326 1705 1496 1743 liberali-

97 1779 188 1822 tati,
225 1787 325 1828 quae
360 1786 438 1814 non
476 1774 517 1813 in
556 1773 683 1814 dando
714 1773 827 1814 modo
860 1780 896 1813 et
924 1772 1167 1826 pollicendo,
1204 1771 1272 1810 sed
1301 1771 1416 1810 etiam
1452 1771 1492 1810 in

98 1843 225 1882 animo
269 1847 305 1881 et
343 1842 514 1881 moribus
553 1842 724 1881 cernitur
760 1835 1108 1895 φιλανθρωπίαν
1145 1837 1388 1888 significans,
1430 1848 1491 1877 se-

95 1911 298 1951 veritatem
331 1914 437 1949 recte
471 1909 615 1960 opponi
645 1907 916 1948 animadvertit
945 1905 1186 1947 Schuetzius.

209 1988 281 2025 duo
310 1986 524 2037 Caepiones]
568 1985 636 2026 Cn.
679 1985 825 2038 Caepio
864 1996 944 2025 cos,
985 1997 1021 2024 a.
1063 1984 1145 2023 613
1186 1987 1222 2022 et
1262 1981 1309 2031 Q.
1342 1980 1490 2033 Caepio

97 2067 176 2095 cos.
199 2067 236 2094 a.
260 2055 364 2102 614,
395 2065 559 2105 quorum
581 2054 643 2093 hic
665 2053 831 2105 turpiter
857 2051 963 2091 finito
986 2063 1059 2104 per
1082 2049 1240 2096 caedem
1268 2053 1304 2088 et
1327 2047 1490 2088 insidias

95 2122 310 2164 Viriathico
340 2121 447 2161 hello
478 2125 592 2160 notus
623 2125 693 2159 est.

204 2211 346 2252 XXVI.
405 2211 472 2250 98.
531 2213 574 2247 Ρ.
593 2208 784 2257 Crassum]
811 2207 1050 2253 Mucianum,
1071 2204 1295 2257 adoptatum
1311 2215 1360 2243 ex
1375 2208 1490 2255 gente

96 2278 234 2320 Mucia
271 2290 295 2316 a
322 2277 366 2317 P.
406 2277 572 2325 Crasso,
611 2276 654 2316 P.
694 2275 821 2323 illiuS,
861 2274 927 2326 qui
964 2285 1042 2313 cos.
1078 2272 1151 2311 fuit
1182 2283 1218 2310 a.
1250 2271 1357 2320 549,
1393 2270 1489 2311 filio.

95 2343 157 2387 Ab
196 2344 398 2385 Asellione
441 2341 547 2397 apud
587 2342 752 2385 Gellium
785 2341 815 2381 I.
851 2342 915 2381 13.
962 2340 1132 2393 quinque
1177 2338 1347 2377 maxima
1383 2338 1490 2378 bona

94 2413 280 2453 habuisse
302 2410 443 2451 dictum
469 2416 548 2459 est,
580 2410 683 2464 quod
707 2414 809 2450 esset
830 2408 1063 2454 ditissimus,
1089 2405 1194 2459 quod
1211 2404 1488 2453 nobilissimus,

95 2479 201 2533 quod
222 2479 572 2532 eloquentissimus,
595 2478 700 2531 quod
719 2477 816 2517 iuris
842 2474 1162 2522 consultissimus,
1187 2471 1291 2525 quod
1312 2471 1490 2524 pontifex

95 2548 296 2587 maximus.
362 2546 593 2598 Quanquam
631 2546 718 2586 Ser.
759 2544 909 2585 Galbae
942 2555 1017 2595 par
1056 2546 1191 2582 orator
1227 2539 1336 2578 nullo
1372 2537 1487 2577 modo

93 2615 188 2655 fuit:
228 2627 265 2655 v.
303 2614 383 2654 Cic.
424 2613 472 2653 de
503 2614 569 2654 Or.
600 2613 629 2654 I.
660 2613 736 2662 56,
767 2613 861 2652 240.
920 2610 1019 2650 Post
1056 2607 1299 2648 consulatum
1337 2617 1373 2644 a.
1404 2605 1486 2644 623

94 2686 246 2733 gestum
276 2692 377 2720 anno
407 2685 592 2734 sequente
619 2680 726 2722 bello
757 2678 969 2721 Aristonici
997 2676 1136 2730 periit:
1172 2686 1208 2715 v.
1237 2671 1340 2716 vell.
1368 2670 1417 2711 11.
1445 2672 1485 2712 4.

92 2749 200 2790 Haec
228 2748 426 2801 Meyerus.
