1835 3126
539 178 795 222 BRUTUS
835 179 954 223 GAP.
986 182 1053 224 24.
1084 182 1151 224 25.
1423 184 1540 229 195

150 293 257 334 enim
298 303 366 333 res
396 297 548 333 tantum
583 291 635 334 ad
667 292 880 334 dicendum
910 293 1086 349 proficit,
1129 301 1321 350 quantum
1352 296 1540 351 scriptio;

147 372 387 412 memoriam
426 377 560 412 autem
604 372 646 412 in
675 378 881 427 posterum
915 373 1051 426 ingeni
1083 374 1147 414 sui
1177 386 1259 414 non
1288 373 1538 423 desiderant,

146 461 235 490 cum
267 461 311 489 se
338 455 478 503 putant
506 450 608 490 satis
635 463 827 504 magnam
856 450 1026 507 adeptos
1053 464 1147 493 esse
1174 450 1337 493 dicendi
1361 451 1541 504 gloriam

144 539 317 581 eamque
360 528 484 568 etiam
525 529 724 570 maiorem
764 531 897 571 visum
940 530 1009 578 iri,
1058 530 1091 571 si
1138 531 1180 570 in
1218 530 1538 571 existimantium

143 604 356 646 arbitrium
394 618 471 646 sua
511 607 665 662 scripta
701 620 783 649 non
823 608 1028 649 venerint:
1071 607 1200 656 alios,
1240 606 1347 662 quod
1389 606 1536 648 melius

142 689 279 738 putent
306 683 444 725 dicere
474 697 519 726 se
549 697 674 740 posse
707 698 825 740 quam
859 685 1066 727 scribere:
1100 684 1208 740 quod
1232 684 1538 739 peringeniosis

140 759 374 803 hominibus
402 775 534 817 neque
566 764 669 804 satis
700 762 832 804 doctis
862 762 1100 818 plerumque
1132 763 1354 815 contingit,
1384 769 1425 803 ut
1456 763 1534 817 ipsi

143 837 318 881 Galbae.
386 840 453 881 93.
499 853 618 894 quem
656 840 836 881 sortasse
871 841 935 881 vis
975 852 1059 880 non
1097 840 1239 892 ingeni
1270 838 1423 886 solum,
1459 838 1535 879 sed

141 918 265 958 etiam
297 918 422 959 animi
454 924 491 958 et
520 916 723 958 naturalis
755 916 919 971 quidam
950 915 1070 958 dolor
1099 915 1299 957 dicentem
1339 915 1536 956 incende-

139 994 209 1036 bat
248 993 556 1049 efficiebatque,
606 1000 647 1035 ut
686 1000 725 1036 et
762 995 935 1035 incitata
976 1000 1015 1035 et
1052 995 1195 1048 gravis
1234 998 1273 1034 et
1310 991 1533 1034 vehemens

139 1079 251 1114 esset
282 1073 438 1123 orati03
471 1072 566 1114 dein
596 1085 687 1114 cum
718 1073 875 1114 otiosus
907 1071 1044 1113 stilum
1073 1070 1348 1127 prehenderat
1379 1077 1534 1112 molus-

139 1163 216 1205 que
271 1152 403 1192 omnis
461 1152 586 1192 animi
630 1158 825 1206 tanquam
868 1157 1013 1192 ventus
1057 1148 1264 1191 hominem
1308 1147 1533 1197 defecerat,

136 1227 413 1270 flaccescebat
449 1230 604 1271 oratio:
648 1229 760 1284 quod
797 1230 869 1278 iis,
911 1230 979 1284 qui
1016 1228 1199 1270 limatius
1235 1227 1396 1269 dicendi
1435 1240 1533 1269 con-

136 1313 347 1348 sectantur
375 1319 528 1361 genus,
561 1307 752 1349 accidere
780 1321 864 1349 nou
898 1306 1023 1356 solet,
1055 1312 1276 1362 propterea
1303 1305 1410 1360 quod
1437 1318 1534 1360 pru-

138 1383 278 1426 dentia
313 1398 520 1440 nunquam
551 1385 686 1427 deficit
722 1392 948 1434 oratorem,
994 1398 1075 1440 qua
1112 1383 1184 1425 ille
1228 1390 1346 1424 utens
1387 1382 1532 1425 eodem

136 1462 258 1504 modo
287 1464 419 1518 possit
448 1469 486 1504 et
516 1463 654 1505 dicere
690 1469 729 1505 et
760 1463 967 1512 scribere3
1001 1462 1125 1504 ardor
1156 1463 1283 1503 animi
1313 1474 1396 1503 non
1423 1474 1530 1502 sem-

135 1554 209 1596 per
244 1541 383 1590 adest‚
426 1541 542 1596 isque
584 1555 673 1583 cum
714 1541 921 1590 consedit,
965 1541 1097 1583 omnis
1140 1539 1217 1581 illa
1245 1540 1309 1582 vis
1341 1545 1379 1581 et
1410 1539 1530 1594 quasi

136 1618 302 1661 flamma
333 1620 510 1661 oratoris
541 1621 824 1674 exstinguitur.
884 1618 951 1660 94.
983 1617 1100 1660 Hanc
1129 1619 1256 1671 igitur
1285 1616 1337 1658 ob
1362 1629 1531 1658 causam

135 1697 296 1739 videtur
338 1695 461 1739 Laeli
507 1711 623 1739 mens
668 1698 827 1754 spirare
873 1698 995 1739 etiam
1041 1698 1083 1737 in
1132 1695 1318 1750 scriptis,
1369 1692 1530 1735 Galbae

135 1782 270 1818 autem
297 1777 362 1817 vis
393 1775 612 1817 occidisse.

244 1851 379 1894 XXV.
410 1851 587 1894 Fuerunt
619 1852 743 1894 etiam
767 1853 809 1893 in
834 1857 1042 1894 oratorum
1064 1862 1234 1892 numero
1259 1849 1530 1891 mediocrium

134 1930 182 1973 L.
229 1936 268 1973 et
314 1929 384 1986 Sp.
430 1929 618 1972 Mummii
663 1930 840 1979 fratres,
889 1942 1059 1985 quorum
1108 1934 1271 1971 exstant
1315 1926 1529 1970 amborum

223 2087 279 2123 92.
330 2087 534 2132 quantum]
569 2097 689 2131 quam
716 2085 782 2131 Lg.
808 2085 863 2120 39.
891 2105 936 2109 -
962 2083 1140 2132 proficit]
1165 2083 1268 2117 valet
1293 2082 1362 2117 Gn.
1398 2082 1427 2117 l.
1469 2084 1528 2117 in-

131 2145 236 2190 qeni]
264 2144 316 2177 sic
339 2142 406 2189 Lg.
429 2142 462 2177 S.
486 2144 540 2179 51.
574 2143 667 2178 Ven.
690 2142 719 2176 1.
743 2160 790 2168 ·—
826 2142 1035 2186 continqz't]
1062 2141 1227 2184 contiyz'c
1257 2139 1313 2172 ed.
1344 2149 1418 2183 p1·.;
1448 2149 1526 2172 cor-

131 2200 228 2233 rexit
245 2199 432 2233 Manutius
444 2225 453 2241 ,
469 2197 685 2242 firmantque
704 2198 965 2231 correctionem
983 2195 1051 2242 Lg.
1068 2205 1212 2237 omnes,
1233 2193 1326 2228 Ven.
1348 2194 1377 2229 l.
1401 2192 1527 2229 Ottob.

132 2255 219 2290 Par.
246 2255 292 2288 D.
316 2274 360 2278 —
401 2253 564 2298 Galbae]
586 2259 801 2301 postquam
831 2253 912 2288 add.
940 2252 1006 2288 Gu.
1036 2254 1066 2287 l.

226 2310 279 2345 93.
329 2311 477 2355 inqeni]
502 2311 555 2345 sic
578 2310 644 2355 Lg.
669 2309 701 2344 8.
725 2309 778 2343 51.
825 2308 893 2342 Hic
911 2308 1004 2344 ven.
1034 2308 1063 2342 l.
1097 2308 1263 2353 inqenz‘z',
1290 2304 1385 2349 qnod
1409 2314 1528 2338 rarum

133 2367 196 2402 illi.
221 2385 267 2394 »-
298 2367 368 2400 sed
392 2370 513 2401 eliam
539 2368 682 2410 animi]
715 2367 840 2399 animi
864 2376 933 2399 orn.
960 2364 1016 2398 ed.
1041 2375 1117 2408 pin,
1149 2363 1239 2397 liber
1264 2372 1426 2395 meorum
1451 2360 1529 2394 nul·

132 2424 199 2457 lus.
225 2444 270 2449 -—
304 2423 433 2466 dolor]
468 2423 577 2457 calor
600 2422 666 2467 Lg.
693 2422 769 2463 20„
807 2426 843 2454 ut
868 2420 1021 2455 coniecit
1049 2419 1302 2454 Schneiderus.
1325 2437 1372 2443 »—
1410 2416 1528 2460 esset]

133 2479 244 2523 fieret
270 2478 336 2524 Lg.
358 2478 412 2513 20.
439 2499 484 2503 —
517 2480 621 2522 dein]
649 2477 790 2512 deinde
814 2477 880 2511 Gn.
909 2476 938 2510 l.
961 2476 991 2509 ⁶2.
1024 2475 1091 2522 Lg.
1118 2475 1172 2511 56.
1214 2474 1370 2508 demum
1395 2472 1451 2506 ed.
1476 2483 1528 2516 pr.

133 2534 237 2569 Dein
265 2540 299 2568 et
324 2537 414 2568 exin
442 2536 520 2581 ipse
545 2535 612 2570 sibi
630 2535 757 2570 Cicero
783 2533 944 2568 vindicat
963 2530 1027 2567 Or.
1045 2533 1109 2574 45,
1136 2532 1210 2566 154.
1234 2551 1279 2555 -—
1312 2527 1529 2574 defecerat]

134 2590 357 2635 deferverat
381 2591 446 2638 Lg.
477 2591 531 2625 58.
556 2611 602 2618 »-
636 2590 829 2634 consedit]
857 2589 1029 2624 considit
1057 2588 1187 2623 suadet
1213 2587 1432 2622 Garatonus.

227 2646 282 2681 94.
331 2646 460 2692 Laele']
484 2649 535 2683 sic
550 2654 611 2683 aut
629 2649 702 2683 celi
720 2660 746 2682 s.
765 2647 830 2682 leli
845 2645 911 2691 Lg.
927 2646 959 2680 8.
976 2646 1033 2680 35.
1048 2645 1103 2680 39.
1118 2645 1174 2680 53.
1188 2643 1242 2680 58.
1259 2643 1313 2678 70.
1340 2641 1433 2675 Ven.
1450 2638 1479 2673 1.
1494 2638 1527 2674 2,

135 2700 211 2739 Ott.
237 2722 282 2728 —
317 2704 524 2748 occidisse]
550 2705 738 2740 cecidisse
764 2703 829 2739 Gu.
859 2702 889 2736 l.
913 2702 945 2736 2.

1166 2767 1250 2813 13*
