1835 3126
543 157 797 201 BRUTUS
838 157 957 201 GAP.
987 159 1054 203 82.
1359 160 1488 205 293

99 273 221 315 ditior
248 282 370 326 quam
395 267 538 319 Curio,
565 276 648 312 tum
678 271 802 313 etiam
832 273 1065 314 accuratius
1090 270 1295 327 quoddam
1323 270 1490 314 dicendi

97 357 136 393 et
173 349 415 404 exquisitius
460 347 660 391 afferebat
700 362 855 404 genus:
897 349 1005 405 quod
1034 362 1268 405 quanquam
1309 351 1491 392 scienter

96 426 391 481 eleganterque
435 427 663 478 tractabat,
709 428 876 469 nimium
921 434 1057 469 tamen
1100 428 1313 482 inquirens
1358 429 1400 468 in
1442 440 1488 469 se

96 511 216 560 atque
256 506 346 560 ipse
378 518 472 547 sese
504 505 733 548 observans
768 512 1034 561 metuensque
1064 517 1116 546 ne
1146 506 1338 547 vitiosum
1369 504 1489 547 colli-

93 589 210 637 geret
257 585 380 624 etiam
418 597 559 626 verum
604 585 847 639 sanguinem
891 582 1153 639 deperdebat.
1212 582 1354 637 Itaque
1398 583 1488 625 eius

95 662 228 703 oratio
269 663 398 703 nimia
424 662 629 716 religione
661 668 871 704 attenuata
900 661 1032 705 doctis
1063 668 1104 704 et
1133 667 1283 703 attente
1317 661 1488 702 audien-

93 739 202 781 tibus
245 746 334 782 crat
374 739 568 791 illustris3
611 753 638 782 a
676 740 931 781 multitudine
972 746 1108 781 autem
1146 746 1185 781 et
1215 751 1242 780 a
1270 739 1381 788 soro⁷
1422 739 1488 781 cui

92 824 192 860 nata
215 817 455 873 eloquentia
481 825 566 867 est,
597 817 885 860 devorabatur.
929 815 1025 857 284.
1057 815 1164 859 Tum
1187 814 1357 865 Brutus,
1380 815 1488 857 Atti-

94 908 185 937 cum
215 909 283 945 se,
316 896 465 950 inquit,
496 893 649 936 Calvus
673 900 817 936 noster
839 893 920 935 dici
946 899 1152 935 oratorem
1173 891 1362 934 volebat:
1391 893 1487 934 inde

94 980 183 1015 crat
222 974 305 1014 ista
334 972 522 1021 exilitas,
564 984 686 1026 quam
725 971 797 1013 ille
830 970 881 1013 de
910 970 1114 1013 industria
1143 969 1486 1025 consequebatur.

92 1049 289 1100 Dicebat,
326 1051 513 1105 iuquam,
552 1049 630 1091 ita:
668 1049 742 1091 sed
774 1055 813 1091 et
842 1051 931 1105 ipse
961 1048 1130 1091 errabat
1154 1055 1192 1090 et
1224 1048 1333 1090 alios
1362 1050 1487 1090 etiam

92 1141 233 1170 errare
263 1127 453 1182 cogebat.
511 1140 607 1169 nam
651 1128 687 1169 si
718 1129 809 1183 quis
839 1140 935 1177 eos,
978 1128 1047 1182 qui
1076 1140 1153 1169 nec
1183 1128 1318 1183 inepte
1350 1127 1488 1168 dicunt

91 1220 169 1249 nec
199 1205 345 1249 odiose
377 1220 455 1248 nec
483 1206 642 1262 putide,
680 1206 817 1248 Attice
850 1212 962 1262 putat
993 1205 1152 1247 dicere:
1195 1206 1231 1246 is
1262 1211 1373 1247 recte
1403 1206 1486 1246 nisi

91 1284 271 1326 Atticum
294 1283 440 1339 prohat
464 1286 681 1329 neminem.
723 1284 999 1328 insulsitatem
1022 1285 1130 1326 enim
1152 1290 1192 1326 et
1221 1283 1486 1326 insolentiam

92 1369 288 1418 tanquam
310 1363 516 1404 insaniam
534 1362 741 1418 quandam
767 1364 968 1406 orationis
992 1362 1089 1412 odit,
1115 1364 1334 1404 sanitatem
1351 1368 1486 1403 autem

93 1448 133 1483 et
176 1442 453 1495 integritatem
491 1442 612 1496 quasi
640 1440 886 1494 religionem
917 1447 956 1482 et
984 1440 1277 1482 verecundiam
1305 1439 1485 1481 oratoris

92 1519 251 1576 probat.
309 1518 415 1561 haec
453 1520 632 1561 omnium
670 1518 791 1562 debet
830 1524 1038 1561 oratorum
1077 1517 1222 1559 eadem
1263 1531 1358 1560 esse
1390 1530 1486 1559 sen-

91 1599 231 1640 tentia.
289 1596 386 1639 285.
429 1595 507 1638 Sin
553 1604 686 1639 autem
730 1597 984 1639 ieiunitatem
1023 1602 1062 1638 et
1093 1597 1321 1637 siccitatem
1354 1601 1393 1637 et
1423 1596 1487 1636 in-
1512 1594 1526 1605 “

93 1679 253 1732 opiam,
297 1675 392 1717 dum
421 1675 543 1718 modo
572 1676 625 1718 sit
651 1674 800 1731 polita,
832 1674 924 1715 dum
954 1673 1134 1723 urbana,
1172 1673 1266 1714 dum
1296 1672 1485 1727 elegans,

93 1756 137 1797 in
165 1754 303 1797 Attico
333 1767 488 1810 genere
516 1755 646 1810 ponit,
677 1752 757 1796 hoc
786 1758 898 1795 recte
921 1751 1135 1793 duntaxat:
1167 1749 1242 1792 sed
1268 1751 1366 1806 quia
1393 1757 1486 1793 sunt

176 1877 237 1903 283.
274 1879 379 1903 orator
395 1875 469 1910 fuit]
490 1877 588 1902 orator
605 1875 723 1903 suisset.

179 1965 368 2001 LXXXII.
415 1965 494 2001 283.
543 1967 614 2011 qui
650 1968 788 2000 orator
820 1964 925 2010 fuit]
962 1964 1161 1999 Corradum
1198 1962 1313 1997 secuti
1350 1974 1483 1998 sumus.

90 2023 189 2059 Libri
215 2030 251 2058 et
275 2023 331 2057 ed.
355 2033 409 2068 pr.
435 2022 571 2057 habent
592 2021 759 2066 fuisset,
786 2021 881 2066 quod
903 2020 1057 2056 Beierus
1082 2027 1117 2055 et
1142 2018 1304 2055 Orellius
1329 2021 1487 2065 explica-

91 2086 163 2115 tum
182 2080 282 2114 ibant
303 2078 536 2113 conditionali
555 2079 717 2120 ratione,
740 2082 860 2110 mente
880 2077 1055 2111 addentes
1076 2079 1113 2110 si
1130 2075 1281 2110 diutius
1301 2078 1488 2116 vixisset,-

92 2148 166 2170 non
194 2136 321 2169 durum
354 2135 444 2176 hoc,
477 2134 542 2168 sed
572 2134 742 2167 indictum
773 2137 808 2166 et
840 2133 884 2166 ab
914 2133 1029 2166 omnis
1054 2132 1199 2177 linguae
1224 2143 1288 2166 usu
1314 2132 1485 2167 alienum.

92 2191 288 2226 Lambinus
315 2193 382 2235 qui
402 2194 540 2224 orator
562 2200 652 2224 eum
667 2187 835 2232 ficisset,-
860 2188 1017 2222 debebat
1036 2193 1145 2222 esset.
1159 2207 1206 2214 —-
1230 2187 1485 2234 deperdebat]

93 2246 339 2294 dependebat
366 2246 452 2281 Par.
472 2246 519 2280 D.
554 2244 621 2291 Lg.
644 2245 666 2279 8
686 2256 779 2278 corr.
804 2244 858 2279 35.
885 2244 940 2278 39.
967 2244 1019 2278 51.
1043 2244 1098 2278 68.
1126 2244 1180 2279 70.
1221 2244 1312 2278 Ven.
1340 2246 1369 2279 l.
1408 2243 1486 2280 Ott.

94 2304 162 2339 Gu.
186 2305 215 2338 l.
251 2303 307 2337 ed.
329 2314 381 2348 pr.
421 2300 734 2348 deprehendebat
756 2301 811 2335 20.
850 2300 1118 2347 deprendebat
1141 2300 1195 2335 58.
1220 2318 1266 2327 ·——
1304 2312 1329 2334 a
1352 2300 1487 2335 mulli-

94 2360 242 2403 tudine]
269 2371 294 2392 a
320 2370 389 2392 om.
414 2357 481 2403 Lg.
503 2364 646 2404 praeter
663 2357 717 2392 20.
738 2356 792 2392 35.
813 2356 867 2391 68.
889 2357 963 2400 70.,
988 2357 1074 2391 item
1098 2356 1165 2391 Gu.
1189 2358 1219 2391 1.
1243 2375 1288 2383 ’-
1322 2357 1485 2391 devora-

92 2416 227 2459 batur]
254 2414 515 2450 devotabatur
540 2414 595 2449 ed.
621 2426 673 2460 pr.
724 2413 975 2448 deserebatur
999 2418 1236 2448 commentum
1258 2413 1448 2459 Purgoldi.

185 2505 265 2540 284.
313 2504 634 2550 consequebatur]
656 2503 961 2539 consectabatur
975 2503 1244 2538 Lambinusm—
1271 2505 1486 2537 sanitatem

95 2562 244 2606 autem]
280 2566 411 2596 autem
446 2573 514 2596 om.
549 2561 604 2596 ed.
630 2572 684 2606 pr.
714 2580 757 2585 —-
794 2560 983 2602 oratoris]
1020 2561 1098 2594 iure
1131 2559 1291 2593 defendit
1325 2557 1486 2594 Orellius

95 2625 246 2666 propter
271 2619 476 2664 oppositum
502 2620 693 2652 orationis
718 2618 753 2651 in
779 2617 894 2651 altero
917 2616 1090 2651 membro.
1239 2613 1244 2616 ’

189 2696 269 2733 285.
320 2696 413 2733 dum
432 2696 564 2741 modo]
582 2696 700 2732 scribo
718 2695 859 2732 divisim
879 2706 957 2731 cum
972 2694 1039 2742 Lg.
1055 2694 1109 2731 35.
1124 2694 1178 2732 58.
1205 2691 1285 2730 Ott.
1299 2712 1345 2720 ·-—
1369 2693 1485 2739 quos]
