1835 3126
357 135 554 180 BREVIS
583 133 979 187 ELOQUENTIAE
1010 135 1145 180 ROM.
1176 135 1320 180 HIST.
1421 139 1537 185 10?

146 250 187 294 C.
227 249 366 292 Cottae
405 251 449 291 P.
487 249 665 302 Sulpicio
702 249 904 302 praelatus
941 255 998 290 est
1023 249 1105 302 (¹⁶).
1172 252 1305 292 Mario
1342 252 1376 292 gc
1411 252 1540 293 Cinna

145 319 277 359 urbem
299 318 516 357 tenentibus
541 317 658 365 afuit3
688 322 922 369 recuperata
947 318 1085 358 Sullae
1106 319 1280 359 victoriis
1309 331 1353 360 re
1377 320 1538 372 publica

143 396 191 425 ne
221 385 333 424 huius
365 384 521 436 quidem
554 384 722 436 aliquem
757 384 923 424 fructum
952 387 1157 438 percipere
1185 386 1308 427 voluit
1336 392 1373 426 et
1401 387 1537 427 victri-

143 452 243 491 cium
271 452 439 504 partium
470 453 700 492 commercio
732 458 953 492 constanter
982 452 1263 504 abstinuit(¹⁷).
1309 454 1407 494 Erat
1436 455 1537 493 enim

142 519 198 558 ita
228 519 438 566 animatus,
477 524 518 558 ut
553 520 658 559 vitae
695 518 846 559 deliciis
884 526 921 559 et
952 520 1172 560 divitiarum
1206 521 1335 560 fructu
1368 520 1538 560 libenter

140 591 335 634 uteretur,
373 585 441 625 sed
477 597 547 625 nec
580 586 650 625 has
682 598 801 626 arare
832 593 1039 639 quaereret
1075 599 1144 627 nec
1173 589 1253 628 illis
1284 589 1460 641 cupidius
1492 600 1537 628 se

142 653 416 703 ingurgitaret.
474 653 574 692 Ante
604 654 847 693 consulatum
878 667 913 695 a.
944 656 1026 695 685
1059 661 1209 706 gestum
1245 657 1285 695 in
1316 655 1535 708 eloquendo

142 720 287 770 insigni
318 719 523 770 diligentia
553 720 772 760 elaboravit
812 726 849 760 et
886 721 1038 772 aliquot
1074 724 1185 761 annis
1222 724 1404 774 princeps
1443 734 1536 762 ora-

142 792 269 827 torum
300 788 454 826 habitus
487 791 563 833 est,
596 797 680 825 cum
711 787 849 826 Cicero
880 787 1006 826 Roma
1035 789 1190 827 abesset
1220 800 1303 827 cum
1333 789 1373 827 in
1402 789 1536 828 Asiam

140 854 338 905 profectus
373 857 450 891 tum
489 857 737 903 quaesturam
776 853 1020 893 Siciliensem
1055 865 1211 904 gerens.
1268 854 1397 894 Etiam
1426 860 1537 907 post-

141 932 257 972 quam
292 919 498 958 maximum
529 924 722 958 certamen
752 919 982 960 Hortensius
1020 921 1156 960 consul
1186 920 1412 973 designatus
1451 934 1536 961 cum

141 987 269 1026 aedile
300 986 506 1037 designato
532 986 722 1027 Cicerone
752 987 887 1026 habuit
918 988 957 1027 in
988 999 1109 1027 causa
1131 989 1287 1037 Verris,
1318 989 1539 1041 despiciens

141 1054 351 1102 aemulum,
398 1053 502 1106 quod
546 1054 733 1093 neminem
777 1055 1040 1095 consularium
1084 1057 1159 1095 sibi
1200 1069 1336 1109 parem
1373 1057 1536 1106 videret,

141 1122 300 1161 multum
329 1121 479 1161 laxavit
507 1121 737 1161 industriam
770 1127 807 1161 et
837 1123 1003 1174 singulis
1033 1124 1143 1163 annis
1174 1125 1300 1175 magis
1331 1125 1537 1176 magisque

141 1189 188 1228 de
215 1190 381 1241 pristina
408 1189 551 1229 virtute
579 1190 719 1229 amisit.
778 1189 858 1229 Sed
889 1202 913 1229 a
944 1191 1134 1231 Cicerone
1163 1192 1322 1231 consule
1359 1193 1399 1231 in
1428 1203 1536 1232 cam-

140 1268 231 1309 pum
261 1256 417 1307 gloriae
440 1261 647 1297 revocatus
673 1257 822 1297 viribus
845 1257 1002 1298 refectis
1031 1270 1156 1311 usque
1189 1259 1239 1299 ad
1262 1260 1366 1299 vitae
1392 1260 1536 1299 exitum

140 1325 180 1363 in
214 1324 368 1363 summis
407 1324 535 1362 causis
573 1324 786 1363 tractandis
825 1337 903 1364 una
942 1336 1028 1365 cum
1056 1327 1127 1366 illo
1158 1331 1335 1367 versatus
1369 1332 1426 1366 est
1451 1324 1534 1378 (¹⁸).

253 1391 482 1430 Hortensius
517 1391 557 1430 in
592 1391 717 1431 literis
756 1404 833 1431 non
868 1392 987 1444 plane
1021 1394 1183 1445 hospes,
1223 1394 1291 1433 sed
1328 1400 1470 1434 natura
1499 1399 1537 1434 et

139 1458 339 1498 voluntate
378 1457 426 1496 ab
458 1458 506 1495 iis
543 1458 663 1509 paulo
702 1459 870 1498 alienior
908 1465 1005 1499 erat.
1065 1460 1248 1500 Carmina
1284 1461 1395 1509 fecit,
1437 1473 1536 1514 quos

141 1526 352 1578 antiquitas
390 1525 594 1564 invenusta
626 1524 722 1564 dixit
744 1523 836 1576 (¹⁹);
877 1527 1066 1566 historiae
1103 1527 1333 1567 scribendae
1369 1528 1537 1568 studium

140 1592 301 1644 aliquod
331 1592 484 1639 tribuit,
521 1597 562 1630 ut
592 1597 719 1631 tamen
749 1593 846 1632 nihil
874 1599 1032 1645 praeter
1060 1607 1200 1634 nomen
1224 1595 1421 1635 annalium
1452 1597 1535 1635 eius

141 1665 459 1700 commemoretur
484 1655 566 1710 (²⁰).
626 1659 705 1701 Sed
733 1660 1021 1712 philosophiam
1051 1661 1380 1713 multiplicemque
1412 1663 1536 1703 Grae-

140 1739 273 1767 corum
303 1727 518 1767 doctrinam
549 1738 697 1766 omnem
724 1726 791 1765 vix
822 1732 1066 1777 gustaverat:
1103 1740 1181 1780 qua
1210 1740 1254 1768 re
1279 1728 1438 1778 Cicero,
1470 1730 1536 1782 qui

139 1796 179 1834 in
193 1793 436 1834 Academicis
459 1794 559 1832 hunc
581 1793 855 1845 philosophiae
879 1793 1147 1834 adversarium
1171 1796 1433 1837 constituisset
1449 1795 1535 1849 (2¹),

140 1874 224 1901 cum
264 1873 288 1900 a
324 1873 365 1900 se
406 1860 456 1899 ad
492 1860 713 1900 mutandam
751 1862 979 1901 sententiam
1018 1861 1223 1902 adductum
1262 1864 1417 1913 scribit,
1461 1865 1536 1905 hoc

138 1929 263 1980 magis
290 1928 374 1969 veri
405 1927 648 1967 similitudini
679 1928 830 1968 cuidam
862 1928 1044 1981 dialogos
1076 1929 1247 1979 decenti,
1287 1943 1400 1983 quam
1430 1933 1536 1972 veri-

137 1996 209 2036 tati
239 1996 422 2035 tribuisse
452 1995 644 2047 putandus
675 2000 745 2035 est.
803 1996 902 2036 Hinc
935 1998 1123 2037 maximus
1155 1997 1402 2050 eloquentiae
1431 1999 1536 2040 Hor-

138 2064 340 2103 tensianae
364 2062 536 2102 defectus
563 2064 826 2114 cognoscitur.
872 2064 966 2104 Cum
989 2065 1087 2104 enim
1117 2066 1306 2104 memoria
1326 2067 1535 2106 verborum

139 2143 256 2171 cursu
295 2135 332 2170 et
359 2131 514 2170 flumine
547 2142 644 2170 voce
682 2132 794 2169 suavi
833 2136 869 2169 et
899 2143 1046 2170 canora
1076 2132 1240 2170 actionis
1271 2132 1461 2182 dignitate
1498 2138 1537 2173 et

138 2202 339 2238 venustate
372 2202 612 2248 praestaret,
654 2209 678 2235 a
714 2202 857 2235 natura
894 2197 1078 2248 quicquid
1118 2209 1300 2248 magnum
1338 2205 1536 2240 oratorem

139 2265 235 2305 facit
269 2267 488 2315 acceperat.
546 2262 625 2302 Sed
654 2263 714 2302 his
749 2263 993 2302 naturalibus
1023 2264 1135 2303 bonis
1166 2264 1331 2304 confisus
1362 2277 1446 2305 cum
1475 2267 1539 2306 di-v

140 2331 273 2371 scendi
301 2331 478 2370 laborem
510 2335 806 2381 aspernaretur,
838 2342 908 2369 nec
938 2330 1160 2371 facundiam
1186 2332 1388 2372 literarum
1419 2334 1535 2386 copia

140 2411 282 2439 ornare
308 2403 344 2437 et
369 2398 560 2436 instruere
585 2403 762 2446 curaret,
791 2396 1019 2437 adolescens
1042 2398 1196 2451 quidem
1222 2399 1534 2441 adolescentibus

235 2506 291 2549 16)
321 2506 394 2541 Cic.
421 2506 466 2541 de
487 2504 552 2542 Or.
574 2506 632 2541 111.
652 2512 744 2542 extr.
780 2506 885 2541 Brut.
910 2507 973 2550 88,
999 2507 1076 2542 301.
1202 2507 1260 2552 17)
1286 2508 1360 2544 Cic.
1386 2509 1534 2545 Divers.

141 2562 182 2598 11.
211 2563 263 2598 16.
384 2563 441 2607 18)
471 2563 543 2599 Cic.
566 2563 670 2600 Brut.
696 2563 763 2607 93,
787 2564 863 2599 320.
898 2563 961 2606 94,
986 2564 1066 2599 323.
1185 2565 1242 2609 19)
1271 2565 1364 2600 Geli.
1381 2566 1479 2602 ΧῙΧ.
1500 2567 1533 2600 9.

141 2620 186 2653 ef.
206 2619 300 2654 Plin.
319 2618 412 2664 Epp.
431 2619 476 2655 V.
495 2620 528 2654 3.
642 2620 702 2665 20)
727 2621 892 2656 Velleius
915 2621 957 2656 11.
980 2621 1032 2657 16.
1150 2621 1210 2665 21)
1239 2622 1312 2660 cic.
1333 2623 1444 2658 Acad.
1468 2621 1531 2660 IV.

144 2676 204 2721 19,
229 2676 285 2712 61.
323 2675 487 2712 Lactant.
511 2676 596 2714 Inst.
623 2676 685 2713 111.
712 2677 763 2713 16.
