1835 3126
370 122 566 165 BREVIS
597 121 992 173 ELOQUENTIAE
1025 122 1160 167 ROM.
1192 123 1335 167 HIST.
1427 126 1548 172 103

158 238 310 278 iecisset
333 248 433 288 quae
459 236 527 276 illc
544 236 636 276 olim
660 237 699 275 in
714 237 847 278 Verris
865 249 985 277 eausa
1001 238 1162 278 dixisset
1180 239 1226 279 de
1243 239 1372 279 officio
1396 238 1549 288 iudicis,

155 305 221 343 ille
251 304 345 342 satis
372 304 539 353 ingenue
568 303 771 355 profitetur
797 306 966 344 oratoris
995 318 1071 345 non
1095 318 1180 345 esse
1206 307 1408 346 veritatem
1433 307 1547 355 tueri,

153 370 221 409 sed
251 370 494 422 probabilem
517 370 642 410 videri
672 372 948 424 orationesque
976 385 1106 412 omnes
1138 385 1214 412 non
1239 385 1324 412 esse
1352 374 1548 413 hominum

153 442 190 476 et
224 442 495 489 patronorum,
534 437 602 477 sed
644 449 772 478 rerum
811 445 928 491 atque
964 445 1178 492 temporum
1204 437 1303 490 (⁶⁰⁰).
1362 441 1463 489 Quin
1499 452 1548 480 ne

150 505 525 555 praevaricationem
557 505 710 556 quidem
741 512 894 546 actores
935 519 1018 546 cum
1048 508 1223 559 patronis
1253 508 1386 547 facere
1415 507 1546 557 fugie-

149 570 263 618 bant,
304 572 338 610 si
375 572 547 623 ipsorum
578 573 794 613 rationibus
826 574 1075 614 conduceret:
1120 576 1227 614 euius
1268 575 1428 614 sceleris
1459 585 1545 613 cer-

149 637 335 677 tissimum
377 640 595 692 exemplum
634 641 673 679 in
712 653 832 680 causa
869 641 1061 682 Catilinae
1102 655 1126 681 a
1164 642 1353 682 Cicerone
1394 641 1546 680 defensi

149 703 371 755 exstat(¹).
432 707 611 747 Ceterum
642 713 810 759 tempus,
849 720 925 759 quo
958 710 1123 759 quisque
1159 709 1199 747 in
1234 709 1378 748 iudicio
1413 708 1545 747 dicens

147 777 342 821 uteretur,
384 785 467 812 cum
514 779 602 811 ante
637 774 823 812 inlinitum
858 774 1015 821 fuisset,
1061 779 1102 813 ut
1146 786 1223 813 non
1260 775 1359 812 nulli
1395 774 1544 813 iudices

146 838 309 877 dicendo
339 838 573 888 fatigarent,
604 839 695 889 lege
727 851 751 877 a
772 840 958 892 Pompeio
990 841 1144 880 tertium
1175 840 1334 879 consule
1358 840 1442 878 lata
1472 852 1543 878 an-

145 905 295 955 gustius
321 905 512 944 redditum
543 910 620 953 est,
650 911 690 945 ut
721 911 927 946 accusator
956 919 1003 946 ne
1032 907 1120 959 plus
1152 907 1320 956 duabus,
1354 912 1543 959 patronus

144 984 192 1011 ne
228 972 315 1024 plus
350 973 474 1011 tribus
512 973 619 1012 horis
650 978 825 1013 uteretur
852 972 940 1024 (2);
977 974 1083 1026 quod
1120 979 1268 1027 tempus
1306 975 1419 1014 bonis
1450 986 1542 1013 ora-

141 1040 293 1078 toribus
332 1040 526 1079 sufficiens
563 1040 787 1092 loquacium
824 1042 1051 1081 inanitatem
1091 1041 1279 1094 perdebat
1305 1038 1384 1091 (3).
1441 1041 1542 1081 Hinc

144 1107 259 1146 etiam
297 1107 396 1146 illud
428 1108 531 1151 veris
563 1109 691 1147 causis
724 1109 962 1148 commodum
991 1109 1121 1157 fiuxit,
1162 1114 1203 1148 ut
1237 1109 1452 1161 pleraeque
1489 1109 1540 1147 ab

142 1186 218 1213 uuo
257 1173 576 1223 defenderentur,
623 1175 727 1227 quod
763 1181 907 1215 natura
943 1176 1003 1215 rei
1038 1176 1224 1228 postulat.
1293 1175 1410 1223 Nam,
1455 1187 1541 1214 cum

141 1242 300 1293 antiquo
325 1243 500 1282 instituto
525 1254 602 1282 uno
634 1248 840 1282 accusante
864 1256 960 1282 unus
985 1243 1211 1282 defenderet
1231 1240 1318 1293 (⁴),
1350 1242 1542 1283 Cicerone

141 1309 389 1349 adolescente
426 1309 466 1348 id
502 1310 558 1348 ita
596 1315 781 1349 mutatum
814 1316 888 1358 est,
930 1316 972 1350 ut
1005 1311 1087 1350 hini
1123 1310 1225 1350 terni
1263 1310 1347 1349 seni
1383 1309 1540 1361 patroni

140 1375 281 1415 dicturi
310 1376 568 1428 procederent
598 1389 718 1416 causa
745 1378 801 1417 ita
831 1378 997 1429 partita,
1028 1383 1070 1417 ut
1098 1377 1164 1418 vel
1193 1377 1294 1416 alter
1323 1376 1539 1428 expositio-

141 1454 228 1482 nem
254 1443 582 1483 confirmationem
612 1449 649 1483 et
678 1444 970 1492 refutationem,
1002 1444 1102 1483 alter
1131 1444 1422 1496 perorationem
1451 1455 1539 1482 sus-

141 1511 308 1562 ciperet,
338 1510 401 1550 vel
429 1515 470 1549 ut
495 1522 592 1549 unus
615 1522 697 1550 rem
721 1515 951 1562 exponeret,
983 1511 1085 1550 alter
1107 1511 1370 1558 confirmaret,
1401 1510 1538 1549 tertius

138 1578 178 1617 in
217 1577 424 1617 refutando
471 1582 507 1617 et
543 1577 766 1630 perorando
806 1583 1057 1618 versaretur:
1102 1589 1221 1629 saepe
1265 1578 1380 1617 etiam
1425 1589 1538 1616 omne

138 1657 274 1684 munus
320 1645 535 1684 oratorium
585 1657 610 1684 a
653 1644 818 1694 singulis
862 1649 1068 1683 tractatum
1112 1649 1171 1683 est
1213 1645 1424 1695 separatim
1456 1641 1534 1693 (5).

139 1712 340 1761 Ciceroni,
381 1712 485 1763 quod
523 1717 560 1751 et
589 1711 849 1751 vehementius
881 1710 1027 1750 diceret
1057 1715 1094 1749 et
1122 1710 1385 1749 miserabilius
1420 1721 1536 1761 quam

139 1780 276 1827 ceteri,
315 1778 527 1831 perorandi
561 1790 695 1817 munus
730 1777 900 1829 relinqui
939 1778 1104 1817 solebat.
1161 1777 1288 1828 Igitur
1315 1776 1374 1817 M.
1408 1777 1537 1817 Caelii

136 1847 224 1888 Rufi
270 1857 390 1885 causa
432 1850 591 1897 praeter
632 1845 758 1897 ipsum
804 1857 828 1883 a
867 1844 1058 1885 Cicerone
1098 1849 1187 1884 acta
1225 1848 1262 1884 et
1300 1844 1535 1892 Hortensi03

135 1914 330 1953 Murenae
372 1913 511 1953 Sullae
554 1912 673 1952 Balbi
715 1912 851 1951 Flacci
893 1912 1019 1952 Sextii
1063 1923 1207 1951 causae
1251 1911 1453 1951 Ciceronis
1497 1916 1536 1951 et

136 1981 335 2021 Hortensii
377 1992 500 2032 opera
542 1980 693 2026 iuncta3
739 1980 832 2031 quin
872 1979 930 2019 M.
962 1979 1135 2019 Scaurus
1181 1991 1205 2018 a
1249 1990 1319 2017 sex
1356 1978 1533 2030 patronis

135 2047 318 2087 defensus
355 2047 546 2087 Cicerone
581 2046 790 2086 Hortensio
832 2045 987 2086 Calidio
1024 2046 1164 2086 Clodio
1194 2045 1392 2085 Marcello
1421 2046 1532 2085 Mes-

135 2115 252 2154 salla.
311 2115 426 2162 Post,
458 2119 547 2152 ante
579 2113 709 2163 legem
744 2112 897 2164 quidem
929 2112 1090 2160 Iuliam,
1126 2112 1178 2151 ad
1211 2112 1410 2151 duodenos
1440 2125 1532 2164 per-

137 2186 290 2221 ventum
320 2193 406 2219 esse
435 2180 627 2219 Asconius
657 2184 795 2217 auctor
825 2183 882 2216 est
909 2176 987 2228 (⁶).

251 2247 413 2287 Generis
437 2244 684 2284 deliberativi
706 2243 810 2283 haud
833 2243 948 2283 dubie
970 2244 1107 2284 Cicero
1139 2244 1222 2283 sine
1247 2243 1400 2284 aemulo
1422 2245 1532 2296 prin-

137 2325 228 2367 ceps
260 2318 357 2353 erat.
405 2313 571 2353 Praeter
600 2312 700 2351 hunc
726 2311 897 2352 maxime
922 2310 1021 2353 Cato
1053 2316 1090 2351 et
1117 2312 1157 2351 in
1179 2316 1316 2351 senatu
1345 2315 1384 2350 et
1405 2323 1531 2364 popu-

227 2487 311 2530 600)
346 2487 420 2523 Cic.
448 2487 587 2523 Cluent.
613 2487 668 2523 50.
788 2487 822 2530 l)
855 2487 929 2523 Cic.
955 2487 1026 2522 Att.
1054 2487 1079 2522 1.
1104 2486 1137 2521 2.
1256 2486 1293 2530 2)
1323 2485 1396 2521 Cic.
1422 2485 1527 2522 Brut.

136 2543 199 2585 94,
219 2542 296 2579 324.
336 2544 419 2578 dial.
438 2544 485 2579 de
504 2542 621 2580 Oratt.
641 2544 697 2578 38.
818 2544 854 2587 3)
880 2544 955 2581 Cic.
975 2543 1077 2579 Brut.
1103 2543 1168 2585 69,
1191 2542 1270 2578 243.
1390 2542 1426 2585 4)
1452 2543 1527 2578 Cic.

137 2599 276 2634 Cluent.
296 2599 349 2634 70.
467 2600 505 2644 5)
534 2600 606 2638 Cic.
626 2599 733 2637 Brut.
759 2600 822 2644 57,
847 2600 925 2637 207.
1041 2599 1078 2644 6)
1103 2599 1280 2636 Asconius
1305 2599 1352 2635 ad
1374 2598 1527 2634 Scaura0

137 2666 220 2690 nam
243 2667 277 2701 p.
302 2655 348 2691 20
372 2653 485 2692 Orell.
