1892 3116
798 1047 834 1101 ς.
868 1048 904 1085 ι.

738 1120 751 1154 Ι
756 1120 971 1155 ntroductio.

157 1199 453 1276 Eloquentiae
482 1224 649 1264 Latinae
678 1226 861 1278 princeps
897 1225 1055 1265 multum
1092 1225 1131 1264 in
1163 1236 1211 1264 ea
1240 1224 1432 1264 sententia
1469 1229 1550 1263 tra-

157 1291 298 1331 ctanda
326 1297 502 1332 versatus
534 1298 609 1341 est,
640 1298 681 1332 ut
711 1292 932 1332 ostenderet
961 1305 1077 1344 quam
1103 1304 1124 1331 e
1155 1293 1327 1332 moribus
1357 1291 1552 1331 hominum

154 1359 338 1398 institutis
363 1360 559 1400 civitatum
580 1360 748 1412 profluat
766 1359 974 1412 eloquendi
998 1372 1062 1399 ars
1088 1365 1350 1412 quantumque
1372 1359 1422 1398 ad
1444 1359 1552 1411 ipsas

156 1426 331 1465 civitates
354 1426 510 1477 legibus
539 1426 748 1467 firmandas
779 1427 998 1468 contulerit.
1043 1427 1257 1466 Fatendum
1281 1432 1338 1466 est
1368 1438 1462 1465 sane
1492 1426 1550 1464 in-

155 1493 270 1531 situm
308 1504 393 1531 csse
430 1498 594 1532 naturae
630 1495 841 1542 humanae,
880 1499 922 1533 ut
958 1494 1144 1542 omnium,
1181 1495 1238 1532 ita
1274 1492 1427 1532 dicendi
1456 1493 1553 1531 artis

157 1559 396 1598 excolendae
426 1559 603 1599 studium.
650 1560 748 1599 Nam
779 1560 872 1612 quid
894 1561 1025 1600 verbis
1050 1572 1165 1612 opus,
1195 1564 1238 1599 ut
1268 1559 1552 1599 demonstretur

154 1625 264 1664 nulla
300 1637 344 1665 re
381 1626 526 1677 magis,
572 1640 687 1679 quam
723 1628 875 1667 ratione
913 1632 950 1666 et
994 1627 1170 1666 oratione
1210 1627 1383 1666 homines
1421 1638 1445 1664 a
1481 1637 1552 1678 pe-

155 1692 315 1732 cudibus
355 1694 596 1744 segregari?
654 1694 735 1733 Nec
771 1693 949 1746 profecto
989 1705 1054 1732 ars
1093 1697 1150 1732 est
1187 1693 1291 1740 ulla,
1329 1704 1431 1744 quae
1468 1692 1552 1731 elo-

157 1761 315 1811 quentia
353 1762 547 1812 potentius
576 1761 708 1800 valeat
739 1760 789 1799 ad
818 1761 921 1800 vires
951 1760 1142 1799 humanae
1171 1765 1336 1799 naturae
1368 1759 1550 1811 aperien-

155 1826 224 1866 das
256 1832 292 1866 et
323 1826 566 1866 erudiendas.
620 1827 708 1877 Qua
736 1838 780 1865 re
810 1827 887 1865 iam
918 1827 1194 1879 antiquissima
1218 1831 1346 1866 aetate
1375 1826 1550 1866 homines

153 1893 306 1932 minime
331 1893 454 1932 cultos
484 1894 524 1932 in
548 1905 596 1932 ea
617 1906 661 1933 re
690 1893 845 1933 laudem
873 1894 1054 1946 posuisse
1082 1894 1355 1945 intelligimus,
1385 1898 1427 1932 ut
1450 1894 1552 1932 inter

152 1960 365 2012 populares
397 1972 487 2000 suos
516 1960 702 2000 facundia
733 1961 992 2009 excellerent3
1025 1973 1127 2013 quae
1156 1966 1197 2000 ut
1228 1961 1277 2000 ab
1310 1965 1395 1999 arte
1424 1960 1550 2011 pluri-

150 2039 252 2066 mum
278 2027 408 2076 distet,
438 2033 567 2067 tamen
588 2029 736 2068 semina
767 2028 848 2068 eius
881 2034 918 2068 et
940 2041 1080 2068 causas
1112 2039 1242 2068 omnes
1268 2027 1549 2079 complectitur.

151 2093 254 2143 Quid
277 2095 414 2134 mirum
435 2095 576 2146 igitur,
607 2095 711 2147 quod
741 2095 845 2148 apud
870 2097 1042 2137 Graecos
1065 2096 1307 2148 potissimum
1330 2094 1550 2145 elegantio-

150 2162 205 2200 ris
234 2162 483 2201 humanitatis
515 2168 696 2202 auctores
728 2168 765 2202 et
788 2163 978 2212 cultores,
1010 2175 1095 2202 cum
1116 2163 1282 2214 primum
1313 2173 1333 2200 e
1363 2161 1550 2200 barbarie

152 2230 399 2268 emersissent
429 2229 702 2281 civitatumque
730 2229 982 2268 fundamenta
1011 2230 1212 2276 iecissent,
1244 2239 1396 2266 sensum
1427 2238 1549 2278 quen-

152 2294 240 2333 dam
271 2299 308 2333 et
337 2295 451 2346 quasi
487 2300 642 2345 gustum
676 2295 886 2347 eloquendi
921 2300 957 2334 et
987 2300 1113 2334 ortum
1144 2299 1180 2333 et
1216 2293 1402 2346 populari
1431 2293 1549 2333 laude

151 2361 294 2401 elatum
322 2361 494 2401 videmus
511 2362 531 2401 ἶ)
590 2361 678 2401 Iure
716 2363 816 2401 enim
840 2361 1271 2423 μΙκειὲιὸᾱ,ζιρῐὲιζᾲ-Ιζορῃιβιιιιε,
1311 2361 1378 2412 qui
1406 2360 1549 2400 Nesto-

150 2441 231 2468 rem
269 2434 305 2468 et
334 2429 476 2468 Ulixen
512 2434 674 2481 propter
710 2429 933 2468 facundiam
971 2430 1011 2468 in
1047 2429 1196 2469 honore
1233 2428 1354 2467 fuisse
1386 2427 1549 2476 dixerit;

150 2507 221 2534 nec
251 2497 325 2535 erit
355 2496 422 2548 qui
452 2507 537 2535 cum
558 2496 798 2546 Quintiliano
831 2496 1052 2545 dissentiat,
1085 2508 1167 2535 cum
1195 2495 1363 2535 omnium
1393 2495 1546 2535 dicendi

150 2573 336 2611 generum
373 2563 552 2616 exempla
591 2564 928 2616 praestantissima
966 2564 1015 2603 ab
1044 2563 1213 2603 Homero
1250 2562 1430 2615 profecta
1460 2573 1547 2602 esse

150 2626 300 2679 ait(¹).
342 2629 422 2670 Sed
450 2631 552 2670 iusto
582 2630 699 2683 plura
730 2637 766 2671 et
795 2631 989 2683 ampliora
1018 2631 1076 2671 M.
1107 2630 1262 2670 Tullius
1295 2632 1370 2670 arti
1400 2630 1547 2677 tribuit,

244 2794 277 2836 1)
304 2793 454 2833 Quintil.
481 2795 525 2831 X.
554 2796 590 2838 l,
617 2797 662 2831 46
686 2808 762 2842 sqq.

1214 2863 1234 2904 l
1254 2866 1269 2884 *¹
