1835 3126
357 232 440 275 AD
473 231 587 275 Cle.
619 232 886 277 BRUTUM
918 236 1037 280 CAP.
1066 237 1134 281 42.
1165 240 1232 282 43.
1362 242 1494 288 383

216 347 276 383 ius
303 346 484 397 nostrum]
515 346 657 387 Brutus
688 348 788 388 enim
815 350 992 402 pontifex
1017 357 1119 392 erat:
1157 353 1266 394 Brut.
1295 354 1368 405 58,
1397 357 1493 396 212.

103 411 312 451 Drumann.
339 411 437 454 Hist.
467 413 513 453 R.
544 419 569 453 t.
588 414 635 454 Π.
662 427 699 467 p.
719 417 788 455 44.

215 479 308 518 157.
367 480 588 531 devenerint]
621 481 825 522 deveniunt
848 481 898 521 ad
921 482 1089 534 aliquem
1113 495 1213 534 quae
1235 486 1343 525 nullo
1367 487 1496 539 ipsius

99 543 226 584 studio
258 546 442 587 meritove
472 559 590 588 caeco
621 548 800 588 fortunae
831 549 972 600 impetu
1003 548 1240 590 deseruntur.
1299 553 1492 594 Notantur

100 610 332 651 Caesariani
372 614 512 653 milites
555 614 701 666 aliique
739 627 787 654 ex
824 627 970 654 summa
1005 615 1254 665 ignobilitate
1293 619 1343 659 ad
1374 632 1488 660 sena—

97 679 238 719 toriam
261 679 486 731 dignitatem
512 686 548 720 et
571 681 739 721 honores
766 682 899 730 evecti,
926 681 974 721 de
999 683 1137 734 quibus
1163 685 1300 725 similis
1327 687 1491 738 querela

99 752 225 786 exstat
255 758 288 786 c.
316 749 361 795 6,
388 748 454 785 24.

206 813 346 852 XLIII.
409 814 502 853 158.
558 814 754 852 inclinatio
777 815 891 864 vocis]
917 827 993 854 non
1016 821 1108 868 puto
1125 816 1201 857 diei
1224 831 1357 859 vocem
1373 820 1490 861 modo

95 890 275 931 asperam
304 879 419 919 modo
453 879 691 929 dulciorem,
720 886 760 920 ut
789 881 871 922 vult
900 882 1103 934 Meyerus,
1143 896 1168 923 a
1199 897 1276 936 quo
1308 898 1386 926 non
1416 888 1488 926 ab-

95 951 202 984 errat
238 946 486 998 Bernhardy,
531 948 566 987 si
602 947 715 987 modo
760 949 842 987 eius
882 948 986 987 dicta
1019 955 1125 989 reete
1159 952 1379 1002 perspicio;
1418 953 1489 993 sed

92 1023 226 1053 vocem
263 1025 335 1065 per
365 1026 513 1053 omnem
542 1026 725 1053 sonorum
755 1014 938 1052 ambitum
968 1015 1107 1054 erebro
1138 1016 1405 1066 oberrantem,
1446 1023 1490 1058 ut

92 1079 206 1119 modo
230 1081 453 1119 acutissima
473 1080 587 1119 modo
611 1080 846 1129 gravissima
869 1080 936 1127 sit,
964 1080 1067 1131 quod
1091 1081 1259 1122 alienum
1282 1090 1339 1123 est
1365 1097 1390 1124 a
1411 1086 1487 1125 viri

89 1145 129 1184 in
158 1145 312 1185 civitate
341 1146 527 1198 principis
559 1145 767 1196 dignitate,
798 1145 999 1198 aliquanto
1027 1149 1315 1189 convenientius
1345 1151 1487 1191 flebili-

88 1211 177 1251 hus'
214 1212 254 1250 in
297 1212 425 1251 iudice
469 1212 668 1252 exorando
720 1212 1062 1264 perorationibus,
1115 1216 1253 1266 quihus
1295 1218 1488 1258 Antonius

89 1290 249 1331 operam
279 1278 415 1327 dabat,
444 1280 484 1318 in
512 1279 647 1331 primis
678 1284 806 1318 autem
835 1280 1089 1331 expetebatur
1123 1282 1172 1320 ab
1202 1283 1359 1322 Asianis
1387 1296 1486 1325 voce

89 1351 126 1385 et
161 1347 314 1385 actione
356 1346 489 1384 inania
529 1346 803 1385 sententiarum
837 1346 959 1386 verba
996 1347 1187 1387 extollere
1227 1350 1485 1401 cupientibus.

88 1412 187 1452 Hinc
213 1413 394 1450 inclinata
417 1425 505 1450 voce
526 1413 674 1450 ululare
697 1412 876 1452 dicuntur
902 1413 968 1453 Or.
993 1413 1031 1461 8,
1051 1415 1131 1462 27.,
1159 1415 1262 1466 quod
1286 1416 1483 1458 alienissi-

87 1491 187 1518 mum
214 1491 238 1518 a
260 1479 415 1529 Meyeri
441 1479 653 1527 sententia3
685 1478 898 1531 eodemque
921 1479 1084 1519 redeunt
1108 1480 1337 1530 Quintiliani
1360 1485 1485 1525 verba

85 1546 154 1586 XI.
187 1547 234 1593 3,
267 1546 381 1594 168„
426 1545 565 1597 quibus
602 1546 864 1584 inclinationes
900 1550 1022 1596 vocis,
1066 1560 1163 1600 quas
1202 1550 1365 1590 invicem
1405 1552 1481 1591 sihi

84 1612 362 1653 Demosthenes
380 1613 641 1652 &Aeschines
666 1613 915 1665 exprobrent,
939 1625 1023 1653 eum
1046 1619 1190 1654 cantico
1216 1617 1481 1658 conferuntur.

83 1679 171 1720 Non
200 1681 344 1719 rectius
372 1679 443 1719 ille
473 1679 520 1719 de
547 1682 732 1730 principio
760 1686 936 1718 accurato
966 1679 1071 1720 dicta
1097 1681 1363 1724 illustraturus
1395 1691 1481 1726 erat

82 1747 213 1788 verbis
244 1746 291 1786 de
316 1747 383 1787 Or.
407 1747 475 1787 ΙΙΙ.
501 1748 550 1794 9,
577 1747 667 1794 33.,
698 1758 774 1798 quo
805 1746 894 1786 loco
921 1746 1107 1797 Crassus,
1139 1750 1279 1801 quibus
1300 1753 1481 1803 vestigiis

81 1814 247 1866 primum
269 1814 472 1862 institerit,
502 1814 543 1852 in
573 1811 717 1852 eisdem
747 1813 862 1852 etiam
881 1825 1072 1865 perorare
1095 1815 1226 1856 solere
1252 1829 1338 1857 sese
1365 1818 1480 1867 dicit;

81 1882 179 1920 haee
208 1881 307 1920 enim
336 1886 488 1931 gestum
517 1885 694 1932 spectant
719 1891 793 1919 nee
822 1879 1037 1928 abundant,
1077 1882 1151 1921 etsi
1178 1883 1288 1922 iuxta
1319 1886 1479 1937 ponitur

81 1953 203 1986 motus
245 1947 493 1986 mediocritas.
560 1947 668 1986 Haec
707 1946 808 1985 enim
849 1946 890 1985 in
927 1947 1103 1987 manibus
1144 1949 1309 2001 pedibus
1349 1953 1478 2005 capite

80 2013 268 2054 movendo
300 2014 490 2061 cernitur,
527 2017 563 2052 et
592 2013 632 2052 in
660 2013 773 2052 Bruti
804 2013 917 2062 loco,
950 2026 1063 2066 quem
1093 2020 1321 2066 tractamus,
1352 2018 1476 2070 signi-

78 2080 217 2121 ficatur
237 2081 367 2121 verbis
394 2094 468 2119 non
495 2080 614 2117 nmlta
638 2082 791 2117 iactatio
814 2083 1002 2129 corporis,
1032 2094 1107 2119 non
1132 2083 1260 2121 crebra
1282 2086 1475 2135 supplosio

77 2148 202 2198 pedis3
242 2147 340 2187 illud
376 2153 504 2186 autem
534 2146 582 2185 de
618 2145 840 2184 insistendis
878 2146 1056 2197 vestigiis
1084 2148 1147 2187 hie
1179 2149 1317 2191 Cicero
1342 2151 1476 2192 reddi-

78 2214 133 2254 dit
168 2215 298 2254 verbis
336 2214 440 2252 nulla
477 2212 736 2251 inambulatio.
797 2211 1066 2253 Conferendus
1106 2215 1366 2266 Quintilianus
1402 2220 1473 2262 XI.

78 2283 124 2330 3,
156 2282 237 2321 126
267 2293 375 2333 sqq.,
408 2279 636 2319 Ciceronem
665 2282 817 2318 secutus
849 2279 916 2319 Or.
949 2280 1019 2329 18,
1050 2281 1118 2322 59.

192 2349 286 2388 160.
344 2350 384 2385 in
416 2360 500 2385 eam
529 2346 656 2396 leyem]
696 2345 794 2385 nihil
831 2346 994 2387 interest
1019 2353 1146 2390 utrum
1175 2351 1219 2388 de
1250 2352 1327 2402 leye
1354 2365 1404 2392 an
1432 2356 1473 2392 in

75 2415 190 2464 le9em
218 2414 392 2462 dicatur3
421 2419 625 2465 utrumque
655 2412 851 2464 significat
880 2415 1096 2456 orationem
1126 2418 1168 2456 in
1191 2417 1283 2469 lege
1304 2419 1471 2470 versari,

74 2482 130 2521 ita
168 2486 208 2521 ut
243 2481 307 2522 vel
349 2481 559 2521 suadeatur
586 2480 650 2522 vel
680 2480 964 2521 dissuadeatur.
1024 2483 1132 2524 Brut.
1163 2485 1239 2535 44,
1272 2487 1366 2527 164.
1401 2488 1470 2525 illa

73 2551 114 2586 in
157 2549 271 2598 legem
312 2550 510 2599 Caepionis
554 2551 689 2588 oratio.
755 2548 934 2588 Alienum
978 2555 1052 2598 est,
1097 2552 1202 2602 quod
1238 2552 1470 2593 discriminis

75 2614 333 2655 constituendi
362 2627 483 2656 causa
512 2614 677 2656 advocat
702 2614 953 2666 Bernhardy,
984 2615 1058 2668 Rp.
1083 2617 1131 2657 H.
1158 2620 1212 2658 26
1237 2624 1355 2658 extr.:
1386 2633 1469 2658 cnm

73 2695 133 2720 'res
163 2685 248 2732 ipsa
277 2683 530 2729 admonuerit,
557 2688 599 2720 ut
627 2685 668 2720 in
693 2695 755 2720 eos
776 2682 944 2721 dicamus
973 2683 1000 2723 i.
1027 2695 1062 2724 e.
1089 2684 1140 2725 ad
1161 2696 1229 2726 eos
1252 2697 1468 2727 sermonem

73 2753 362 2800 convertamus,
392 2755 435 2790 ut
460 2751 546 2803 ipse
572 2750 865 2803 interpretatur.
