1835 3126
261 158 350 203 40
474 150 671 197 BREVIS
702 149 1094 203 ELOQUENTIAE
1125 151 1260 195 ROM.
1290 152 1434 194 HlST.

264 269 512 321 Opimianae,
541 277 612 307 nec
640 270 718 306 tam
747 265 835 318 ipsa
856 264 998 314 verba,
1029 278 1142 318 quam
1167 269 1434 318 argumentum
1458 270 1494 306 et
1520 267 1649 319 capita

262 339 412 375 exstant
427 330 510 383 (⁵¹).

892 419 928 472 ς.
956 422 1021 460 20.

825 494 864 529 C.
893 494 1086 529 Gracchus.

374 577 551 617 Fratrem
579 575 728 626 ingenii
755 575 1022 625 magnitudine
1050 575 1298 627 naturalique
1327 575 1511 616 facundia
1529 576 1649 627 longe

262 644 493 696 superabat,
533 642 702 682 candore
733 642 851 680 animi
880 653 957 681 non
987 642 1183 693 aequabat
1214 643 1253 678 G.
1288 644 1499 687 Gracchus,
1538 655 1650 693 quent

260 711 323 750 ira
362 715 398 749 et
432 708 681 749 ulciscendae
717 708 925 747 familiaris
967 709 1135 747 iniuriae
1171 707 1362 759 cupiditas
1399 707 1449 746 ad
1484 709 1652 746 maxima

261 777 443 816 facinora
473 775 695 815 stimulavit.
739 775 776 814 Is
808 786 891 814 cum
918 775 1138 814 tirocinium
1169 774 1321 814 dicendi
1341 774 1381 813 in
1402 774 1528 814 Vettio
1554 786 1651 825 quo-

262 842 351 882 dam
390 843 525 893 ignoto
564 844 718 883 homine
754 842 994 883 defendendo
1024 843 1218 894 posuisset
1242 838 1353 892 (5²³)⁷
1391 853 1482 880 mox
1516 852 1651 880 recor-

262 909 421 948 datione
450 909 586 949 fratris
618 910 715 950 adeo
746 915 927 962 acceptus
957 909 1103 961 populo
1134 909 1223 956 suit,
1254 913 1313 956 ut,
1345 919 1429 947 cum
1459 912 1547 946 ante
1569 919 1651 945 ma-

260 975 469 1025 gistratum
505 977 716 1026 gerendum
751 977 881 1027 legem
916 976 1115 1027 Papiriam
1154 974 1200 1013 de
1234 974 1399 1013 tribunis
1435 973 1654 1011 reficiendis

261 1042 465 1088 suasisset,
498 1042 746 1082 dissuasisset
774 1043 832 1083 M.
861 1042 961 1081 Iunii
981 1041 1104 1081 Penni
1131 1041 1275 1079 tribuni
1304 1040 1433 1089 legem
1463 1039 1510 1078 de
1538 1051 1652 1091 pere-

262 1107 388 1157 grinis
425 1108 522 1147 urbe
559 1113 595 1147 et
634 1109 788 1149 civitate
824 1107 1021 1156 arcendis,
1061 1112 1098 1146 et
1132 1107 1308 1146 triumvir
1345 1106 1453 1156 agris
1491 1111 1528 1145 et
1562 1106 1653 1157 lege

262 1173 414 1212 Tiberii
451 1174 586 1214 fratris
623 1175 734 1227 plebi
770 1174 987 1215 dividundis
1025 1179 1178 1213 creatus
1216 1177 1336 1220 esset,
1371 1177 1516 1211 tantam
1550 1173 1652 1224 opti-

262 1240 428 1279 matibus
457 1240 701 1280 formidinem
730 1242 899 1289 faceret,
927 1246 969 1279 ut
997 1241 1037 1279 in
1059 1240 1280 1281 Sardiniam
1311 1244 1495 1291 quaestor
1515 1240 1653 1278 missus

262 1306 413 1345 iteratis
442 1307 591 1347 vicibus
621 1313 840 1359 prorogata
868 1311 1061 1359 potestate
1091 1307 1384 1358 prohiberetur,
1423 1318 1498 1357 quo
1530 1307 1653 1345 minus

261 1372 302 1410 in
338 1373 473 1412 urbem
502 1373 659 1412 rediret.
720 1374 800 1414 Sed
832 1374 1047 1421 Gracchus,
1089 1385 1173 1412 cum
1204 1373 1277 1411 sibi
1307 1372 1461 1411 succedi
1489 1385 1566 1412 non
1595 1374 1653 1413 vi-

262 1437 393 1485 deret,
430 1439 579 1477 iniussu
615 1440 773 1490 publico
811 1440 1053 1491 provinciam
1087 1439 1259 1490 reliquit.
1327 1438 1452 1486 Quam
1489 1439 1537 1477 ol)
1574 1451 1655 1479 rem

265 1505 395 1544 omnia
425 1504 475 1543 ad
503 1504 740 1556 perdendum
761 1506 952 1544 hominem
975 1505 1176 1544 molientes
1201 1505 1404 1556 optimates
1426 1516 1502 1543 non
1526 1505 1653 1553 modo,

263 1575 305 1610 ut
335 1570 439 1622 apud
468 1582 649 1610 censores
681 1583 837 1610 causam
867 1572 1029 1619 diceret,
1062 1576 1291 1622 coegerunt,
1324 1571 1391 1610 sed
1420 1571 1592 1611 studiose
1615 1573 1654 1611 id

263 1643 446 1687 egerunt,
483 1643 525 1676 ut
563 1638 841 1677 coniurationis
870 1638 1134 1689 Fregellanae
1165 1638 1323 1677 crimine
1351 1644 1652 1690 perverteretur.

263 1703 494 1753 Fregellani
531 1704 629 1742 enim
670 1705 865 1743 sociorum
893 1706 1009 1756 primi
1039 1705 1353 1752 coniuraverant‚
1383 1709 1424 1743 ut
1452 1705 1490 1744 vi
1521 1710 1652 1744 extor-

263 1775 427 1820 querent
464 1770 658 1809 civitatem
695 1771 768 1809 sihi
804 1771 947 1810 iniuria
976 1776 1170 1821 negatam.
1229 1771 1307 1811 Sed
1339 1771 1511 1822 quamvis
1541 1783 1653 1810 acer-

263 1836 361 1874 rime
398 1837 663 1887 quaestionem
700 1843 904 1876 exercente
937 1843 1122 1889 praetore
1156 1838 1202 1877 L.
1244 1837 1416 1888 Opimio,
1457 1848 1540 1876 cnm
1577 1850 1653 1888 quo

262 1906 352 1953 post
398 1903 676 1941 interneciuum
715 1902 890 1943 Graccho
929 1903 1057 1942 odium
1093 1904 1185 1951 fuit,
1231 1904 1346 1942 etiam
1383 1903 1456 1942 hoc
1495 1904 1652 1944 crimine

266 1968 467 2009 absolutus
499 1973 568 2007 est.
627 1969 749 2008 Huius
778 1968 1013 2008 defensionis
1043 1981 1138 2017 non,
1167 1975 1207 2008 ut
1237 1970 1458 2017 censoriae,
1499 1976 1653 2010 exstare

266 2035 460 2085 reliquiae
495 2035 690 2083 videntur,
730 2035 797 2074 sed
835 2034 937 2086 apud
973 2035 1084 2075 Rhet.
1124 2035 1173 2074 ad
1203 2036 1293 2075 Her.
1329 2036 1393 2076 IV.
1432 2038 1471 2075 9.
1511 2041 1548 2075 et
1587 2039 1650 2076 ll.

263 2101 499 2141 imitationes
529 2101 654 2141 latere
685 2102 902 2141 orationum
935 2102 971 2139 in
1000 2103 1074 2140 hac
1105 2113 1224 2142 causa
1254 2102 1409 2154 publice
1433 2103 1652 2142 habitarum

265 2262 403 2297 toribus
426 2275 455 2297 ο.
475 2263 526 2297 18.
567 2262 810 2299 Quintilianus
825 2263 869 2298 X.
885 2264 915 2305 7,
930 2263 983 2298 27.
998 2290 1006 2306 ,
1033 2275 1112 2297 etun
1131 2275 1178 2298 ne
1202 2265 1237 2297 in
1260 2264 1493 2299 tabernaculo
1511 2266 1653 2309 quidem

267 2318 502 2352 meditatione
532 2320 691 2353 oratoria
723 2320 935 2354 abstinuisse
962 2320 1163 2354 Carbonem
1196 2321 1309 2362 dicat,
1344 2322 1536 2355 memoriae
1561 2322 1650 2355 vitio

266 2373 452 2406 admiscuit
483 2385 601 2408 rerum
634 2375 841 2409 bellicarum
873 2377 1090 2410 mentionem
1115 2376 1178 2410 Cn.
1205 2375 1379 2410 Carbonis
1415 2383 1469 2411 ter
1495 2379 1651 2411 consulis

266 2428 358 2463 male
383 2429 603 2464 recordatus.
652 2431 746 2465 Nam
771 2431 809 2467 C.
838 2432 956 2467 Carbo
983 2432 1106 2465 consul
1133 2432 1258 2465 urbem
1283 2433 1471 2477 reliquisse
1500 2445 1571 2467 non
1600 2435 1651 2468 vi-

265 2483 390 2524 detui-3
417 2484 461 2518 de
488 2485 604 2520 tirone
627 2492 743 2521 autem
770 2494 804 2522 et
831 2489 1063 2523 adolescente
1085 2489 1245 2533 cogitare
1270 2489 1489 2524 tabernaculi
1515 2491 1650 2524 mentio

265 2539 446 2584 prohibet.

287 2663 296 2697 1
357 2607 417 2696 Ξῗί)
443 2608 516 2644 Cic.
543 2609 587 2642 de
607 2607 669 2644 Or.
697 2609 738 2644 11.
764 2610 826 2653 39,
854 2610 928 2647 165.
965 2612 1026 2653 40,
1054 2610 1127 2647 168.
1238 2612 1327 2655 5⁵2³)
1355 2613 1451 2649 Plut.
1477 2614 1514 2649 C.
1540 2612 1650 2648 Grac-

267 2676 284 2696 C
299 2674 333 2697 10
383 2692 391 2699 .-
