1835 3126
248 210 382 255 220
766 206 1115 252 CICERONIS

358 314 564 357 XXXIX.
596 314 690 358 144.
721 316 827 359 Nam
854 325 897 360 ut
925 318 1130 360 Antonius
1161 322 1398 363 coniectura
1427 320 1631 363 movenda

248 401 316 437 aut
356 394 543 436 sedanda
580 395 815 450 suspicione
858 401 926 437 aut
964 396 1182 438 excitanda
1222 398 1508 440 incredibilem
1548 399 1631 440 vim

245 472 445 515 habebat:
479 475 540 514 sic
562 474 604 513 in
625 473 953 529 interpretando,
980 474 1022 514 in
1046 472 1296 523 definiendo,
1324 476 1367 516 in
1386 476 1632 531 explicanda

247 553 453 606 aequitate
494 550 597 592 nihil
637 558 726 592 erat
757 550 913 593 Crasso
952 552 1184 606 copiosius:
1223 551 1346 606 idque
1385 566 1475 594 cum
1505 567 1630 609 saepe

247 630 355 671 alias
391 636 473 670 tum
514 629 620 684 apud
649 630 922 671 centumviros
960 630 1000 670 in
1036 628 1094 670 M’
1127 627 1224 670 Curi
1258 642 1387 671 causa
1425 632 1633 684 cognitum

246 714 320 750 est.
382 706 475 748 145.
508 708 566 748 ita
597 708 704 749 enim
735 707 862 749 multa
892 714 975 749 tum
1009 714 1153 749 contra
1176 710 1368 763 scriptum
1397 720 1471 763 pro
1500 720 1632 762 aequo

246 792 285 827 et
324 785 433 827 bono
473 785 595 836 dixit,
634 792 676 828 ut
715 785 921 828 hominem
964 787 1256 828 acutissumum
1296 784 1345 836 Q.
1383 784 1634 827 Scaevolam

246 871 285 906 et
321 865 364 905 in
397 865 504 914 iure„
545 865 588 905 in
626 878 705 919 quo
745 864 822 906 illa
859 857 989 907 causa
1021 863 1276 914 vertebatur,
1314 865 1633 920 paratissumum

246 942 439 984 obrueret
476 950 805 997 argumentorum
845 942 1202 998 exemplorumque
1237 943 1380 998 eopia'3
1419 949 1538 997 atque
1576 942 1634 983 ita

244 1027 327 1062 tum
359 1021 410 1062 ab
435 1020 499 1062 his
522 1023 706 1076 patronis
733 1021 978 1077 aequalibus
1009 1028 1048 1063 et
1077 1022 1161 1062 iam
1185 1020 1474 1063 consularibus
1503 1032 1634 1061 causa

244 1099 321 1140 illa
352 1099 462 1140 dicta
492 1106 572 1149 est,
612 1113 703 1140 cum
740 1107 908 1154 uterque
945 1113 996 1141 ex
1029 1100 1235 1142 contraria
1264 1105 1378 1154 parte
1415 1100 1479 1140 ius
1511 1097 1633 1140 civile

246 1176 506 1225 defenderet,
559 1182 601 1217 ut
644 1176 921 1231 eloquentium
964 1178 1066 1218 iuris
1110 1178 1395 1231 peritissumus
1440 1176 1633 1226 Crassus,

244 1255 346 1296 iuris
388 1255 608 1309 peritorum
639 1254 1013 1309 eloquentissumus
1045 1252 1256 1295 Scaevola
1294 1261 1523 1309 putaretur:
1564 1254 1634 1309 qui

245 1333 408 1388 quidem
453 1346 543 1374 cum
586 1339 806 1388 peracutus
851 1338 963 1373 esset
1007 1332 1060 1373 ad
1097 1331 1413 1386 excogitandum
1453 1331 1549 1387 quid
1592 1332 1636 1373 in

244 1411 333 1452 iure
368 1417 436 1451 aut
472 1412 515 1451 in
553 1423 685 1466 aequo
724 1423 866 1453 verum
904 1416 972 1452 aut
1008 1416 1120 1451 esset
1142 1416 1227 1465 *saut
1263 1423 1346 1451 non
1385 1416 1515 1460 esset,
1550 1415 1634 1451 tum

243 1488 382 1532 verbis
426 1494 515 1530 orat
567 1488 620 1530 ad
664 1502 750 1530 rem
800 1502 890 1530 cum
935 1501 1095 1529 summa
1136 1487 1337 1530 brevitate
1389 1487 1636 1530 mirabiliter

246 1574 376 1623 aptus.
450 1566 545 1608 146.
600 1580 682 1622 qua
726 1580 771 1609 re
826 1568 878 1608 sit
927 1566 1048 1609 nobis
1099 1572 1239 1609 orator
1293 1568 1335 1607 in
1380 1565 1458 1609 hoc
1507 1552 1648 1608 inter?

244 1646 431 1701 pretandi
472 1644 723 1701 explanandi
763 1645 1022 1688 edisserendi
1052 1658 1206 1699 genere
1236 1644 1461 1695 mirabilis,
1502 1646 1563 1687 sic
1592 1650 1635 1686 ut

245 1723 380 1765 simile
422 1723 526 1765 nihil
563 1724 757 1776 viderim3
802 1725 845 1766 in
890 1724 1101 1779 augendo,
1145 1725 1189 1766 in
1233 1723 1437 1774 ornando,
1482 1724 1526 1765 in
1568 1736 1634 1765 re-

329 1879 387 1905 145.
425 1881 449 1903 r!
470 1879 543 1913 iam]
565 1880 661 1904 etiam.

331 1924 388 1950 1⁴6.
426 1923 622 1957 explanandi,
642 1922 842 1958 edisserendi]
862 1923 1097 1958 explanandique
1118 1927 1147 1950 et
1167 1923 1342 1950 disserendi.

337 2046 505 2080 XXXIX.
557 2046 633 2079 144.
682 2047 723 2079 in
749 2045 1064 2090 interpretando]
1092 2058 1160 2081 om.
1189 2048 1230 2080 in
1254 2045 1320 2091 Lg.
1345 2046 1377 2079 8.
1405 2045 1460 2080 51.
1484 2045 1529 2079 53
1550 2046 1631 2081 add.

243 2103 297 2137 56.
323 2103 377 2136 58.
403 2102 455 2135 70.
492 2101 583 2135 Ven.
609 2102 639 2135 l.
688 2100 998 2146 interpretandis
1030 2101 1113 2134 Vat.
1137 2120 1183 2126 »-
1222 2101 1284 2134 Μ’
1315 2101 1421 2145 Curi]
1458 2103 1560 2144 libri,
1595 2110 1632 2137 ut

242 2160 377 2200 solent,
413 2157 469 2191 M.
518 2156 639 2203 Apud
672 2159 934 2190 centumviros
966 2159 1006 2190 in
1033 2156 1097 2190 Μ’
1128 2157 1239 2192 Curii
1267 2169 1389 2192 eausa
1424 2158 1474 2191 sic
1498 2160 1634 2204 scripta

243 2215 387 2249 exhibet
412 2226 457 2247 ex
478 2215 589 2247 literis
612 2213 794 2257 quadratis
812 2212 1001 2257 archetypi
1019 2214 1112 2248 male
1130 2214 1321 2248 intellectis
1337 2213 1430 2248 Ven.
1450 2215 1501 2250 l.:
1527 2214 1633 2261 apud

246 2271 326 2305 CV.
346 2269 389 2304 L.
409 2270 458 2304 N.
479 2269 536 2304 M.
561 2269 662 2305 Curi.
712 2269 754 2303 L.
775 2269 822 2304 N.
848 2283 892 2300 z
918 2269 982 2305 IN.

339 2360 412 2394 145.
460 2360 788 2406 paratissumum]
817 2361 1112 2405 peritissimum
1144 2359 1270 2395 Lamb.
1302 2380 1348 2386 —
1392 2359 1632 2403 vertebatur]

243 2416 480 2451 versabatur
505 2416 559 2450 ed.
589 2428 639 2460 pr.
665 2417 812 2450 Ascens.
834 2436 878 2441 -—
914 2415 961 2449 ab
988 2415 1064 2459 his]
1091 2414 1140 2449 ab
1166 2418 1215 2449 iis
1241 2416 1296 2450 ed.
1323 2427 1375 2461 pr.
1394 2434 1439 2441 ——
1475 2420 1511 2450 et
1535 2417 1633 2460 iam]

244 2473 295 2507 sic
321 2471 433 2507 Orell.
464 2484 529 2517 pro
557 2476 689 2506 etiam.
715 2492 761 2497 —
801 2474 899 2509 iuris
921 2473 1221 2519 peritissumus]
1254 2472 1324 2506 hoc
1349 2477 1385 2506 et
1410 2475 1508 2507 iuris
1526 2475 1634 2519 peri-

246 2534 376 2563 torum
398 2529 468 2562 mei
494 2528 645 2562 divisim.

339 2618 415 2652 146.
465 2621 517 2652 sit
542 2618 667 2662 nobis]
693 2618 774 2663 fuit
797 2617 908 2652 nobis
933 2616 1018 2651 Sch.
1039 2634 1085 2643 -—
1111 2616 1358 2663 explanandi
1376 2617 1632 2661 edisserendi]

245 2676 296 2709 sic
320 2675 376 2709 ed.
401 2686 455 2720 pr.
485 2680 521 2708 et
546 2676 626 2709 libri
651 2676 775 2710 collati
801 2685 941 2714 omnes3
970 2673 1078 2718 vulgo
1105 2674 1424 2720 eavplcmandique
1450 2678 1486 2707 et
1513 2673 1632 2706 disse-

247 2730 369 2765 rendi.
418 2731 527 2766 Solus
565 2731 630 2778 Lg.
667 2732 721 2768 70.
771 2729 1013 2767 edisserendi
1047 2741 1116 2765 om.
1152 2749 1198 2756 —-
1247 2730 1441 2774 ornando]
1479 2728 1630 2764 orando
