1835 3126
290 209 420 255 328
713 203 1257 250 EXPLICATIONES.

297 322 351 373 (c.
382 315 599 368 63—69).
657 314 874 358 Adduntur
904 318 986 359 iam
1015 318 1139 373 paulo
1170 320 1352 362 minores
1381 323 1478 359 natu
1503 315 1551 358 L.
1578 315 1687 358 Tor-

297 394 443 444 quatus
472 384 531 426 M.
560 382 770 426 Messalla
797 383 960 430 Metelli
990 385 1069 427 duo
1102 384 1224 429 Celer
1250 388 1287 428 Sc
1310 386 1450 444 Nepos
1477 385 1550 428 Cn.
1577 384 1688 427 Len-

295 456 404 499 tulus
439 453 485 496 C.
516 453 737 496 Memmius
768 455 821 505 (c.
852 453 938 506 70).

414 523 520 566 Tum
552 522 700 566 Cicero
732 536 757 565 a
784 521 911 564 Bruto
941 529 1135 576 rogatus,
1172 528 1213 563 ut
1245 521 1294 563 de
1323 521 1382 563 M.
1413 522 1619 566 Marcello
1651 530 1688 565 et

300 593 344 636 C.
378 593 562 635 Caesare
601 599 770 648 utroque
809 593 903 634 vivo
945 592 1140 633 iudicium
1177 604 1293 633 suum
1337 600 1533 647 exponat,
1573 592 1690 634 Mar-

300 662 448 705 cellum
491 661 655 717 quidem
694 663 782 719 ipse
823 660 989 711 laudat,
1034 659 1233 702 Caesaris
1277 667 1410 702 autem
1449 660 1595 703 laudes
1638 661 1691 703 ad

298 732 478 774 Atticum
507 731 691 781 remittit,
732 732 790 772 ita
818 737 976 780 tamen,
1014 738 1054 772 ut
1084 732 1172 786 ipse
1209 731 1261 772 iis
1292 742 1374 772 non
1408 730 1541 771 minus
1570 743 1690 785 quam

296 800 448 843 Brutus
484 801 736 842 assentiatur
766 801 821 851 (c.
852 800 1067 853 71ss75).

410 869 509 912 Post
548 869 645 912 illos
685 876 953 911 recensentur
991 870 1058 924 qui
1096 870 1181 911 vita
1220 875 1507 918 excesserant,
1543 867 1588 910 C.
1622 867 1691 910 Si-

298 940 432 982 cinius
478 938 523 981 C.
552 937 753 981 Visellius
785 937 915 980 Varro
958 936 1007 980 L.
1039 937 1275 995 Torquatus
1322 937 1368 980 C.
1399 938 1591 981 Triarius
1630 937 1689 980 M.

298 1006 472 1050 Bibulus
516 1008 595 1063 Ap.
627 1006 826 1049 Claudius
870 1005 919 1050 L.
951 1006 1154 1050 Domitius
1197 1007 1241 1051 P.
1280 1015 1318 1050 et
1356 1006 1404 1050 L.
1434 1005 1598 1048 Lentuli
1638 1005 1689 1048 T.

298 1077 533 1120 Postumius
572 1076 616 1118 P.
650 1075 861 1119 Cominius
906 1075 955 1118 T.
986 1076 1141 1119 Accius
1181 1076 1226 1119 C.
1257 1076 1355 1119 Piso
1393 1077 1447 1128 (c.
1479 1075 1691 1129 76—·S).

300 1146 429 1188 Addit
460 1159 504 1187 se
534 1145 678 1187 horum
709 1159 885 1188 recensu
915 1145 957 1187 id
989 1147 1153 1200 egisse,
1185 1153 1223 1188 ut
1248 1146 1546 1188 demonstraret
1571 1158 1691 1200 quam

298 1215 420 1271 pauci
460 1226 625 1264 eorum,
667 1215 733 1268 qui
775 1214 913 1255 dicere
952 1214 1116 1269 publice
1154 1216 1244 1256 ausi
1282 1216 1384 1264 sint,
1423 1214 1546 1256 laude
1580 1214 1693 1268 digni

300 1284 462 1325 suerint.
525 1281 610 1324 Sed
647 1282 997 1338 praetermittendi
1036 1284 1263 1324 nouerant
1300 1284 1467 1336 ingenio
1506 1284 1693 1337 insignes

298 1354 375 1395 viri
420 1351 479 1393 M.
514 1350 685 1393 Caelius
720 1354 772 1403 (c.
802 1351 876 1403 79)
919 1350 977 1392 M.
1012 1349 1200 1392 Calidius
1237 1353 1290 1402 (e.
1319 1350 1393 1403 50)
1435 1349 1478 1393 C.
1505 1349 1629 1394 Curio
1658 1353 1694 1393 ὦ

299 1420 344 1463 C.
376 1420 564 1463 Licinius
601 1419 755 1462 Calvus
788 1421 840 1474 (c.
871 1420 940 1462 81.
968 1419 1060 1471 s2);
1088 1433 1114 1462 a
1141 1421 1257 1462 cuius
1289 1419 1472 1462 studiose
1504 1423 1695 1476 quaesita

299 1489 483 1532 exilitate
513 1491 776 1533 occasionem
809 1491 929 1531 sumit
954 1490 1003 1531 de
1026 1489 1162 1532 Attico
1190 1489 1353 1531 dicendi
1377 1502 1529 1544 genere
1555 1490 1694 1547 dispu-

297 1560 411 1602 tandi
454 1561 507 1612 (c.
547 1558 635 1613 83).
702 1558 862 1601 Deinde
906 1559 1033 1602 Attici
1075 1572 1145 1602 ore
1192 1560 1477 1615 quaestionem
1522 1567 1694 1617 occupat

296 1643 393 1672 num
438 1628 542 1671 sorte
590 1628 639 1670 de
687 1628 921 1672 oratoribus
960 1628 1159 1671 Romanis
1196 1632 1442 1685 praesertim
1481 1629 1690 1671 veteribus

298 1712 397 1742 vere
444 1698 709 1749 iudicaverit,
756 1711 809 1740 an
857 1697 1005 1741 laudes
1046 1712 1186 1742 eorum
1233 1698 1492 1742 ambitiosius
1535 1701 1694 1741 auxerit

299 1770 354 1820 (c.
384 1766 601 1820 Sat—87).

411 1835 498 1877 Iam
532 1842 777 1878 enarrantur
808 1835 856 1887 Q.
880 1835 1090 1878 Hortensii
1118 1836 1255 1879 studia
1289 1837 1571 1893 eloquentiae,
1604 1852 1694 1881 cum

301 1904 449 1960 quibus
492 1917 607 1946 suum
648 1918 811 1946 cursum
852 1912 1061 1960 comparat
1095 1904 1263 1956 Cicero,
1304 1913 1345 1947 ut
1376 1909 1562 1949 ostendat
1594 1922 1694 1963 quo-

299 1974 422 2016 modo
462 1973 578 2015 illum
623 1973 853 2015 aemulatus
891 1974 943 2015 sit
984 1976 1036 2026 (c.
1074 1973 1299 2026 88—94);
1347 1982 1385 2016 et
1423 1977 1695 2032 respondetur

303 2043 356 2085 ad
394 2043 679 2099 quaestionem
719 2055 792 2083 cur
818 2040 1063 2084 Hortensius
1103 2044 1238 2097 magis
1282 2043 1529 2086 adolescens
1571 2059 1693 2101 quam

301 2119 436 2154 aetate
465 2112 699 2168 provectior
727 2110 850 2152 laude
881 2110 1101 2166 eloquendi
1131 2111 1313 2154 floruerit
1341 2114 1395 2163 (c.
1427 2114 1495 2155 95.
1527 2115 1612 2167 96).

411 2180 457 2222 In
477 2181 738 2236 peroratione
761 2179 908 2221 Brutus
934 2179 1193 2229 admonetur,
1223 2188 1263 2222 ut
1287 2195 1519 2238 quanquam
1541 2185 1693 2240 iniquis

301 2251 363 2292 rei
393 2249 586 2306 publicae
621 2249 872 2306 temporibus
904 2256 1041 2291 tamen
1080 2251 1122 2291 in
1153 2249 1414 2306 eloquentiae
1441 2252 1575 2295 studio
1600 2267 1694 2310 per-

303 2325 489 2369 severet,
528 2332 618 2361 cum
655 2319 899 2374 praesertim
932 2318 1185 2362 Graecorum
1217 2318 1374 2362 artibus
1407 2321 1596 2364 omnibus
1627 2335 1694 2365 or-

298 2395 419 2430 natus
450 2388 501 2429 sit
528 2388 581 2439 (c.
611 2387 698 2440 97).

415 2455 682 2512 Conscriptus
714 2455 863 2500 Brutus
895 2464 957 2500 est
985 2459 1185 2515 principio
1219 2459 1315 2500 anni
1344 2457 1426 2500 708
1456 2458 1529 2511 (46
1560 2472 1597 2501 a.
1627 2459 1692 2514 C.)

301 2525 487 2569 Caesare
516 2529 677 2567 tertium
709 2526 893 2568 consule.
940 2526 1044 2569 Nam
1071 2530 1138 2583 qui
1171 2541 1209 2569 a.
1237 2528 1320 2570 707
1345 2529 1533 2571 exstincti
1563 2536 1692 2580 erant,

301 2594 349 2637 L.
376 2594 612 2650 Torquatus
644 2593 688 2636 G.
715 2594 907 2637 Triarius
940 2595 984 2636 P.
1012 2595 1210 2640 Lentulus
1241 2596 1301 2638 M.
1327 2596 1514 2640 Calidius
1548 2597 1592 2639 C.
1617 2597 1689 2640 Li-

302 2665 435 2706 cinius
468 2662 643 2715 Calvus,
684 2665 789 2707 inter
818 2671 998 2707 mortuos
1028 2674 1418 2717 commemorantur,
1462 2667 1521 2709 M.
1556 2675 1687 2710 autem

306 2732 431 2785 Cato,
477 2735 543 2791 qui
588 2747 730 2777 mense
768 2734 904 2792 Aprili
947 2748 983 2778 a.
1024 2735 1108 2779 708
1151 2735 1294 2780 Uticae
1338 2750 1432 2780 sese
1473 2738 1687 2781 interfecit.
