1835 3126
206 158 323 205 136
417 153 615 200 BREVIS
645 151 1037 206 ELOQUENTIAE
1068 151 1203 196 ROM.
1233 151 1378 194 HIST.

205 274 369 314 laverat.
435 269 518 309 Hoc
560 266 744 307 iudicium
785 267 855 307 ille
892 267 937 308 P.
978 267 1116 307 Clodio
1159 267 1314 307 tribuno
1358 264 1594 319 appellando

209 339 366 388 effugit,
397 336 463 388 qui
494 334 653 373 cohorte
682 346 755 373 sua
782 334 823 373 in
844 334 1018 373 tribunal
1045 335 1217 373 immissa
1245 339 1466 386 praetorem
1496 334 1597 373 sella

209 405 349 445 deiecit
385 408 582 453 totumque
620 401 824 440 consilium
858 401 1096 452 inspectante
1132 401 1279 453 populo
1310 401 1484 441 Romano
1516 400 1596 439 dis-

207 471 378 511 turbavit
398 466 479 520 (8⁰).
537 468 667 508 Causa
695 468 816 518 igitur
844 466 916 506 illa
944 467 1047 506 dicta
1074 479 1152 506 non
1183 473 1251 507 est.
1294 468 1455 507 Duobus
1487 467 1596 505 annis

208 543 298 590 post
334 536 389 585 (a.
419 534 519 585 698)
556 535 733 576 Vatinius
772 535 910 573 iterum
948 533 1164 586 postulatus
1207 547 1231 572 a
1266 533 1387 574 Calvo
1424 534 1598 581 videtui-3

210 603 441 644 crediderim
480 602 527 641 de
556 602 596 641 vi
630 606 792 654 propter
826 601 1037 641 violentum
1077 601 1158 639 cius
1196 601 1237 639 in
1273 601 1406 652 priore
1447 601 1600 639 actione

208 671 374 711 facinus.
419 669 518 710 Nam
547 668 650 720 quod
678 668 829 707 scholia
857 668 1070 708 Bobiensia
1099 672 1347 718 quaesturam
1376 666 1438 704 illi
1465 667 1599 705 ultimo

210 738 432 779 mandatam
462 748 548 776 esse
575 740 612 776 et
641 740 768 775 tamen
791 740 954 788 propter
984 734 1271 774 accusationem
1298 733 1378 772 eius
1407 732 1603 771 fortunam

211 811 369 846 nutasse
395 803 602 844 secundum
619 803 846 844 Ciceronem
870 807 1051 850 narrant,
1072 813 1136 841 res
1161 800 1340 841 diversae
1361 799 1479 853 plane
1499 804 1604 846 sunt;

214 872 355 914 dudum
385 872 484 913 enim
514 871 740 924 quaestoria
767 870 914 913 Vatinii
944 875 1052 910 aetas
1086 869 1238 909 abierat
1257 864 1342 920 (⁸¹).

845 980 879 1034 ς.
910 981 977 1022 52.

801 1056 855 1092 M.
881 1057 1027 1092 Brutus.

327 1144 387 1180 M.
417 1142 550 1178 Iunius
580 1142 722 1177 Brutus
757 1144 870 1178 natus
903 1143 960 1177 est
991 1150 1026 1178 a.
1057 1138 1161 1184 669,
1199 1134 1467 1186 undetriginta
1497 1135 1606 1174 annis

216 1208 424 1248 Hortensio
465 1207 609 1255 minor,
648 1218 725 1246 uno
772 1211 809 1245 et
844 1205 983 1255 viginti
1014 1204 1204 1245 Cicerone
1223 1200 1305 1254 (⁸²).
1363 1203 1489 1244 Vitam
1526 1203 1607 1241 eius

215 1280 336 1315 totam
364 1273 600 1325 implicatam
630 1274 747 1313 rebus
771 1272 957 1312 Romanis
985 1271 1093 1310 illius
1125 1271 1263 1309 aetatis
1294 1281 1371 1309 non
1395 1270 1610 1317 enarrah0;

216 1343 291 1382 hoc
318 1354 433 1381 unum
467 1340 567 1380 addo
599 1340 646 1379 de
676 1341 758 1379 eius
784 1339 937 1389 origine
966 1337 1225 1390 ineptissimos
1256 1337 1378 1375 fuisse
1399 1337 1512 1384 illos,
1545 1337 1610 1387 qui

217 1410 295 1447 iam
335 1409 407 1447 illa
439 1413 566 1446 aetate
593 1407 824 1446 tradiderint
852 1406 1011 1444 Brutum
1049 1404 1169 1442 filium
1198 1402 1380 1442 Caesaris
1410 1403 1532 1442 fuisse
1563 1415 1633 1451 ex-

219 1474 469 1514 clandestinis
494 1473 689 1513 Serviliae
714 1471 911 1511 amoribus
937 1476 1073 1509 ortum.
1116 1469 1215 1508 Nam
1239 1469 1387 1508 Caesar
1418 1469 1459 1508 C.
1476 1470 1610 1509 Mario

219 1543 275 1583 M'
306 1541 467 1594 Aquilio
514 1540 738 1580 consulibus
785 1542 897 1577 natus
943 1536 1038 1576 solis
1084 1534 1251 1574 sedecim
1298 1536 1407 1574 annis
1451 1536 1613 1575 Brutum

221 1614 348 1648 aetate
388 1607 611 1660 superabat.
669 1607 719 1646 Et
756 1606 819 1645 hic
859 1603 1012 1656 quidem
1048 1615 1071 1641 a
1107 1614 1230 1655 puero
1267 1603 1438 1642 honestis
1477 1603 1612 1642 studiis

221 1675 371 1716 deditus
412 1680 449 1714 et
478 1674 658 1725 ingenuis
696 1674 844 1712 artibus
883 1671 1055 1710 eruditus
1094 1682 1171 1709 non
1208 1670 1331 1708 minus
1368 1682 1516 1709 morum
1553 1671 1613 1709 in-

220 1744 427 1794 tegritate,
465 1754 579 1793 quam
617 1753 758 1792 magno
800 1739 927 1778 animo
969 1743 1005 1777 et
1043 1737 1192 1788 ingenii
1228 1736 1331 1776 cultu
1372 1737 1614 1776 commcnda-

219 1810 350 1850 batur.
406 1808 451 1848 In
489 1820 579 1847 suos
609 1821 700 1847 usus
738 1808 777 1846 in
809 1806 999 1858 epitomen
1037 1805 1189 1854 redegit
1217 1804 1358 1844 Fannii
1387 1804 1547 1843 annales
1579 1809 1616 1844 et

224 1877 353 1918 Caelii
390 1875 586 1927 Antipatri
612 1875 814 1915 historiam
839 1869 925 1924 (83);
966 1872 1057 1923 quin
1093 1872 1160 1912 vix
1189 1876 1373 1923 superato
1402 1872 1506 1911 vitae
1537 1871 1615 1910 dis-

224 1945 383 1983 crimine
430 1947 614 1994 excerpta
655 1941 876 1993 Polyhiana
924 1939 1090 1978 confecit
1120 1934 1202 1989 (³⁴).
1274 1938 1336 1977 Ius
1379 1938 1616 1990 pontificium

317 2074 377 2113 80)
406 2073 555 2119 Pighius
574 2078 597 2108 t.
614 2072 672 2108 111.
691 2084 724 2117 p.
743 2072 822 2108 360.
859 2071 964 2105 Addo
983 2071 1139 2104 incertas
1155 2070 1327 2115 quasdam
1343 2069 1446 2104 Calvi
1465 2071 1616 2115 scripto-

226 2142 303 2165 rum
325 2130 538 2176 particulas,
563 2141 656 2174 quae
682 2141 726 2162 ex
749 2128 911 2174 epistolis
929 2128 1005 2161 eius
1023 2127 1232 2171 desumptae
1251 2126 1429 2168 videntur,
1451 2132 1614 2167 exstare3

227 2187 282 2222 ad
314 2190 468 2221 amic-os
502 2185 641 2220 Charis.
668 2184 694 2219 l.
720 2184 796 2226 59.;
832 2184 886 2218 acl
916 2194 1081 2218 umorem
1112 2182 1278 2217 Diomed.
1309 2181 1335 2215 l.
1370 2194 1404 2227 p.
1430 2181 1526 2223 372.;
1563 2183 1617 2216 acl

233 2244 273 2278 C.
305 2242 515 2277 Caesarem
548 2241 645 2275 Mar.
666 2240 844 2276 Victorin.
878 2252 912 2285 p.
932 2239 1055 2281 2456„
1093 2245 1129 2274 et
1166 2240 1306 2272 incerta
1342 2238 1435 2283 apud
1466 2239 1617 2273 eundem

228 2300 451 2334 Victorinum
475 2298 498 2334 l.
522 2310 552 2333 c.
588 2304 623 2332 et
648 2298 864 2332 Diomedem
891 2297 932 2331 lI.
958 2309 992 2341 p.
1018 2296 1095 2332 466.
1146 2296 1221 2329 Sed
1246 2295 1403 2329 Licinius
1434 2295 1481 2338 is„
1519 2296 1617 2330 cuius

228 2356 322 2391 liber
346 2355 523 2391 secundus
550 2354 650 2388 nulla
675 2359 761 2388 nota
788 2355 912 2388 addita
937 2353 1084 2387 affertur
1112 2364 1169 2398 ap.
1198 2352 1312 2386 Prisc.
1337 2351 1398 2386 VI.
1425 2364 1459 2397 p.
1482 2352 1558 2386 (594.
1583 2358 1618 2387 et

230 2412 309 2447 717.
359 2411 488 2446 Macer
512 2411 668 2445 Licinius
700 2417 754 2445 est
780 2412 884 2446 Calvi
916 2416 1030 2455 pater.
1083 2408 1208 2443 Colles
1243 2420 1308 2453 pro
1340 2409 1440 2442 eolla
1469 2409 1619 2443 Calvum

231 2468 366 2502 dixisse
401 2468 642 2505 Quintilianus
675 2474 800 2502 auctor
832 2467 854 2501 I.
880 2467 923 2509 6,
950 2466 1003 2501 42.
1125 2466 1183 2509 Sl)
1220 2465 1342 2499 Schol.
1372 2464 1544 2500 Bobiens.
1575 2465 1621 2498 ud

233 2523 299 2559 Or.
325 2524 360 2558 in
383 2523 504 2560 Vatin.
530 2537 564 2570 p.
590 2524 667 2560 316.
785 2524 845 2568 82)
876 2524 934 2558 De
959 2522 1029 2556 hoc
1056 2523 1183 2556 dixere
1208 2521 1411 2556 XVetzelius
1436 2521 1546 2566 praes.
1574 2522 1620 2555 ad

233 2592 292 2626 ep.
318 2580 363 2614 ad
388 2580 473 2615 Div.
498 2581 560 2616 XI.
597 2586 632 2615 et
655 2581 832 2626 Meyer-us
863 2580 1051 2626 prooemio
1083 2579 1129 2612 ad
1151 2578 1302 2612 Brutum
1331 2577 1618 2613 Ciceronianum.

234 2637 395 2672 Stemma
428 2638 653 2683 cognationis
684 2650 762 2672 cum
798 2637 965 2672 Serviliis
1003 2636 1123 2681 posuit
1158 2633 1322 2679 Madvig.
1355 2634 1402 2668 ad
1436 2635 1509 2669 Cic.
1542 2634 1620 2668 Fin.

236 2705 271 2741 p.
291 2692 371 2729 356.
484 2693 543 2738 83)
571 2693 644 2731 Cic.
669 2695 741 2732 Att.
767 2694 844 2730 XII.
870 2693 901 2730 5.
936 2691 1033 2730 XIII.
1058 2691 1091 2730 S.
1208 2690 1266 2733 84)
1292 2690 1389 2728 Plut.
1415 2690 1517 2726 Brut.
1542 2691 1572 2725 4.
