1835 3126
305 159 427 217 224
830 166 1169 211 emenonis

307 293 402 322 nam
444 284 483 320 et
517 275 661 318 didicit
705 282 744 319 et
782 280 949 320 omissis
989 282 1138 321 ceteris
1173 278 1321 323 studiis
1363 291 1486 321 unum
1530 276 1572 319 id
1610 277 1695 331 egit

307 369 484 412 seseque
528 355 750 398 cotidianis
796 355 1207 398 commentationibus
1247 371 1459 399 acerrume
1500 356 1694 399 exercuit.

307 435 402 476 250.
434 432 575 489 Itaque
607 440 646 475 et
674 433 795 475 lectis
824 435 948 475 utitur
965 433 1106 475 verbis
1130 439 1170 475 et
1190 434 1470 489 frequentibus
1494 442 1532 477 et
1557 434 1696 490 splen-

309 513 408 555 dore
446 512 563 554 vocis
608 518 647 554 et
686 511 884 565 dignitate
929 517 1061 553 motus
1100 510 1141 553 fit
1181 512 1413 566 speciosum
1458 519 1497 554 et
1537 512 1696 554 illustre

309 590 416 646 quod
447 590 615 640 dicitur3
659 591 876 645 omniaque
919 591 981 631 sie
1021 595 1252 644 suppetunt,
1290 595 1333 630 ut
1371 590 1410 630 ei
1438 589 1594 631 nullam
1625 590 1696 632 de-

309 681 404 710 esse
434 669 622 710 virtutem
653 668 832 710 oratoris
863 674 1018 723 putem:
1055 679 1325 722 maxumeque
1358 666 1591 708 laudandus
1623 673 1698 717 est,

308 747 378 802 qui
408 745 487 788 hoe
508 752 690 801 tempore
721 747 835 802 ipso,
868 758 956 787 cum
986 743 1131 795 liceat,
1162 745 1205 786 in
1226 743 1306 787 hoc
1330 745 1533 787 communi
1556 750 1697 786 nostro

310 831 349 867 et
378 825 498 880 quasi
536 823 653 866 fatali
694 823 805 867 malo
836 822 1073 866 consoletur
1103 834 1148 865 se
1180 836 1270 865 cum
1300 823 1557 865 conscientia
1586 828 1700 878 optu-

309 916 401 945 mae
433 903 603 952 mentis,
635 908 716 944 tum
748 904 870 944 etiam
903 902 1169 957 usurpatione
1195 908 1234 943 et
1256 902 1525 944 renovatione
1548 900 1700 942 doctri-

309 994 403 1024 nae.
447 980 532 1023 vidi
559 981 667 1021 enim
692 979 907 1034 Mytilenis
932 992 1061 1035 nuper
1084 981 1214 1021 virum
1244 987 1386 1035 atque,
1416 986 1458 1021 ut
1480 978 1585 1028 dixi,
1614 977 1700 1020 vidi

309 1059 432 1115 plane
458 1059 602 1101 virum.
639 1059 792 1113 itaque,
816 1071 905 1100 cum
926 1070 1017 1099 eum
1041 1064 1164 1099 antea
1184 1059 1239 1099 tui
1264 1057 1440 1099 similem
1463 1055 1698 1098 indicendo

308 1136 504 1185 viderim,
533 1141 616 1176 tum
646 1148 745 1176 vero
775 1148 882 1176 nunc
915 1147 940 1176 a
966 1135 1217 1177 doctissumo
1241 1136 1331 1177 viro
1361 1134 1538 1190 tibique,
1568 1141 1611 1175 ut
1636 1136 1699 1174 in-

309 1213 465 1263 tellexi,
496 1213 761 1254 amicissumo
794 1209 986 1267 Cratippo
1017 1213 1252 1253 instructum
1286 1197 1396 1253 omni
1425 1213 1545 1267 copia
1575 1211 1700 1253 multo

310 1291 502 1334 videbam
526 1289 781 1331 similiorem.
810 1289 906 1330 251.
931 1287 1007 1331 Hic
1031 1302 1123 1343 ego,
1148 1286 1249 1339 Etsi,
1273 1290 1452 1344 inquam,
1476 1288 1526 1330 de
1550 1290 1701 1344 optumi

310 1370 389 1412 viri
421 1368 625 1423 nobisque
658 1368 912 1410 amicissumi
943 1366 1136 1409 laudibus
1165 1367 1355 1409 lubenter
1384 1367 1527 1418 audio,
1564 1373 1702 1409 tamen

310 1450 476 1490 incurro
503 1448 545 1488 in
566 1447 807 1488 memoriam
831 1446 1104 1488 communium
1127 1446 1407 1495 miseriarum,
1432 1458 1604 1501 quarum
1629 1444 1703 1487 ob-

310 1526 506 1569 livionem
530 1536 736 1580 quaerens
769 1523 876 1566 hunc
906 1525 1039 1580 ipsum
1065 1537 1295 1567 sermonem
1324 1524 1497 1580 produxi
1521 1523 1701 1578 longius.

312 1603 399 1647 Sed
430 1604 480 1646 de
506 1602 692 1645 Caesare
719 1603 838 1659 cupio
867 1602 1010 1644 audire
1042 1602 1139 1658 quid
1161 1602 1326 1644 tandem
1346 1601 1507 1644 Atticus
1537 1601 1701 1644 iudicet.

313 1737 381 1771 Gu.
406 1739 434 1773 l.
451 1756 496 1763 —-
525 1747 645 1772 unum
670 1734 713 1769 z‘cl
737 1735 831 1780 eyit]
856 1736 907 1769 sic
930 1736 1011 1770 libri
1037 1747 1161 1770 omnes
1186 1741 1221 1770 et
1246 1735 1302 1770 ed.
1322 1746 1376 1780 pr.
1416 1735 1459 1770 id
1482 1738 1562 1782 effic
1583 1745 1705 1769 unum

312 1792 511 1827 Manutius.
544 1811 589 1817 —
635 1791 864 1834 cotidianis]
898 1793 950 1825 sic
984 1791 1049 1837 Lg.
1082 1792 1138 1826 20.
1173 1791 1226 1825 53.
1261 1792 1315 1826 58.
1348 1791 1405 1825 68.
1437 1791 1489 1826 70.
1537 1791 1702 1837 quottid-

314 1848 383 1885 Gu.
412 1850 440 1884 l.
467 1867 514 1875 »—
551 1847 766 1889 acerrume]
792 1848 843 1880 sic
869 1846 933 1891 lig.
958 1847 989 1880 8.
1014 1847 1068 1882 35.
1095 1848 1148 1881 51.
1174 1848 1226 1881 53.
1252 1848 1307 1881 58.
1333 1848 1388 1881 68.
1415 1847 1470 1882 70.
1509 1846 1585 1882 Ott.

405 1905 484 1939 250.
533 1904 657 1946 lectis]
685 1902 772 1936 letis
798 1902 864 1937 Gu.
889 1903 918 1937 l.
935 1923 979 1926 —
1013 1907 1050 1936 et
1076 1903 1286 1948 diffiniente]
1311 1907 1349 1936 et
1374 1915 1443 1936 om.
1471 1903 1536 1948 Lg.
1558 1909 1705 1948 praeter

313 1961 369 1997 20.
385 1961 438 1996 30.
452 1987 461 2003 ,
485 1960 577 1994 Vcn.
596 1959 643 1999 l.;
667 1958 799 2003 probat
814 1957 983 1994 OrelliuS.
1021 1959 1095 1993 Sed
1113 1959 1313 2004 asyndeton
1339 1959 1482 2003 iugenio
1502 1961 1705 1994 sententiae

313 2019 514 2052 convenire
544 2026 617 2050 non
649 2015 803 2049 videtur.
828 2033 875 2040 -—
912 2015 1070 2058 dicitur]
1098 2015 1196 2049 dicit
1228 2013 1394 2050 OrelliuS.
1421 2035 1466 2040 —
1503 2027 1704 2050 maxume-

314 2074 401 2118 que]
437 2074 489 2107 sic
520 2071 586 2117 Lg.
613 2071 646 2106 8.
672 2071 726 2104 35.
756 2070 809 2103 51.
834 2070 889 2104 53.
916 2070 969 2105 58.
999 2070 1053 2104 70.
1080 2090 1124 2094 ——-
1168 2081 1255 2104 cum
1281 2071 1413 2114 liceat]
1454 2082 1540 2106 cum
1574 2073 1704 2118 luqeal

313 2129 378 2175 Lg.
396 2128 451 2163 53.
468 2127 522 2163 68.
541 2128 593 2162 70.
620 2127 714 2160 male
732 2126 847 2161 seduli
863 2137 1004 2168 manus,
1032 2126 1090 2170 qui
1110 2137 1193 2160 mox
1214 2126 1259 2160 de
1279 2127 1381 2160 malis
1403 2132 1437 2161 et
1456 2129 1705 2163 consolatione

314 2185 384 2220 dici
415 2184 733 2219 animadverteret.
783 2183 949 2228 Recepta
980 2183 1159 2227 scriptura
1188 2183 1310 2217 nescio
1346 2193 1408 2216 cur
1434 2190 1604 2228 corrupta
1628 2185 1707 2219 visa

313 2241 492 2287 Meyerog
525 2240 620 2275 bene
646 2239 817 2286 explicuit
841 2239 1078 2284 Bernhardy:
1113 2265 1136 2281 „
1147 2249 1218 2273 non
1243 2240 1322 2273 sine
1345 2240 1543 2274 acerbitate
1569 2240 1707 2276 doloris

314 2303 351 2333 et
367 2297 541 2332 irrisionis
559 2297 709 2342 (quippe
729 2298 764 2331 in
783 2295 949 2331 Caesaris
969 2295 1202 2339 dominatum)
1222 2295 1343 2330 laudat
1360 2295 1591 2338 Marcellum,
1610 2297 1707 2342 quod

314 2352 370 2388 his
383 2354 611 2398 iniquissimis
625 2353 861 2398 temporibus,
879 2362 957 2385 cum
974 2363 1080 2385 unum
1094 2352 1276 2386 literarum
1293 2352 1459 2386 solatium
1473 2353 1705 2397 relinquatur,

314 2410 442 2445 studiis
474 2411 602 2444 tacitus
634 2416 670 2444 et
693 2409 849 2444 libenter
874 2414 1057 2453 operetur.
1068 2410 1088 2427 ‘⁶
1137 2408 1397 2443 Coniunctivus
1423 2409 1504 2455 lege
1532 2410 1705 2444 orationis

316 2465 486 2511 obliquae
500 2465 720 2507 (lesenditur3
742 2465 989 2510 exemplorum
1006 2476 1028 2498 a
1040 2463 1282 2510 Bernliardyo
1297 2471 1583 2510 comparatorum
1598 2477 1705 2500 unum

315 2522 452 2563 simile,
477 2517 549 2555 non
574 2522 668 2556 idem
698 2527 753 2556 est
777 2523 850 2557 Cic.
873 2521 949 2556 Fin.
977 2520 1019 2555 11.
1049 2521 1100 2555 15.
1119 2541 1160 2545 —
1200 2522 1401 2568 optumae]
1429 2522 1481 2556 sic
1504 2522 1570 2568 Lg.
1590 2522 1623 2557 8.
1648 2522 1703 2556 35.

316 2577 371 2613 51.
395 2577 448 2611 53.
465 2577 518 2611 68.
537 2578 590 2612 70.
608 2599 652 2603 —-
687 2577 905 2623 Mytilenis]
933 2578 985 2612 sic
1007 2576 1070 2622 Lg.
1088 2577 1121 2611 8.
1143 2578 1199 2613 35.
1221 2578 1275 2612 51.
1297 2578 1352 2612 53.
1374 2578 1426 2613 58.
1454 2578 1546 2613 Ven.
1568 2579 1596 2614 l.
1628 2576 1704 2614 Ott.

315 2632 422 2675 Va.t.;
458 2634 680 2678 myrtilenz's
704 2634 759 2670 70.
808 2635 900 2669 Reti.
930 2633 1059 2679 Mitgsl.
1088 2633 1211 2670 Mitil.
1239 2634 1438 2669 Mitelinis
1466 2634 1548 2678 (Gu.
1580 2634 1635 2676 l.).
1660 2654 1704 2658 -u

316 2690 618 2727 doctissumo-
636 2692 909 2736 amicissumo]
934 2691 986 2726 sic
1013 2690 1079 2737 Lg.
1104 2691 1136 2725 8.
1162 2691 1218 2727 58.
1255 2689 1330 2731 Qtt.
1366 2692 1489 2735 itaque
1516 2701 1612 2725 mox.
