1835 3126
264 157 401 214 200
780 163 1134 209 CloER'ONIS

263 290 395 332 neque
425 275 547 316 nimis
578 280 640 315 est
669 274 807 317 infans
838 289 969 330 neque
994 277 1173 332 perfecte
1199 276 1366 318 diserta.
1427 275 1521 318 102.
1556 274 1653 318 Mu-

265 356 353 396 cius
394 359 529 394 autem
571 365 702 406 augur
740 353 848 407 quod
888 366 962 408 pro
999 366 1045 394 se
1084 367 1184 409 opus
1221 361 1309 396 erat
1347 356 1435 410 ipse
1473 354 1651 403 dicebat,

263 437 304 473 ut
343 430 392 472 de
431 431 618 486 pecuniis
655 430 891 486 repetundis
932 436 1075 472 contra
1111 429 1161 471 T.
1191 431 1424 473 Albucium.
1481 433 1518 473 is
1557 445 1653 474 ora-

262 516 395 551 torum
425 509 467 549 in
496 521 664 550 numero
694 521 774 550 non
809 507 900 558 fuit,
931 508 1032 549 iuris
1060 508 1195 550 civilis
1225 509 1510 563 intellegentia
1531 517 1652 565 atque

265 588 375 630 omni
414 586 654 642 prudentiae
693 599 847 641 genere
882 587 1097 642 praestitit.
1156 585 1204 627 L.
1239 585 1407 628 Caelius
1438 587 1655 643 Antipater

264 666 459 720 scriptor7
492 677 609 719 quem
643 664 696 706 ad
729 664 890 707 modum
921 665 1089 714 videtis,
1120 664 1193 705 suit
1227 670 1265 705 ut
1293 664 1543 720 temporibus
1568 665 1655 706 illis

263 743 494 786 luculentus
518 744 620 784 iuris
641 742 764 785 valde
788 744 961 799 peritus,
986 742 1201 785 multorum
1225 744 1347 784 etiam
1374 749 1414 784 ut
1438 740 1485 783 L.
1510 738 1655 784 Crassi

262 823 475 877 magister.

375 898 549 941 XXVII.
590 899 683 940 103.
720 898 883 942 Utinam
921 900 963 941 in
1000 897 1067 940 Ti.
1111 897 1300 941 Graccho
1334 897 1520 953 Gaioque
1554 896 1658 940 Car-

263 978 371 1021 bone
402 978 500 1020 talis
530 991 646 1020 mens
673 977 726 1020 ad
755 991 839 1019 rem
870 977 1078 1033 publicam
1102 976 1207 1018 bene
1238 976 1462 1031 gerendam
1497 977 1658 1021 suisset.

267 1056 388 1112 quale
433 1058 643 1110 ingenium
691 1056 741 1098 ad
779 1055 884 1098 bene
923 1055 1138 1098 dicendum
1176 1055 1267 1096 suit:
1313 1054 1497 1110 profecto
1533 1068 1655 1097 nemo

263 1133 329 1175 his
373 1135 475 1175 viris
521 1133 660 1186 gloria
701 1135 989 1189 praestitisset.
1056 1132 1142 1175 Sed
1181 1146 1321 1174 eorum
1357 1133 1461 1174 alter
1493 1140 1659 1188 propter

265 1211 672 1254 turbulentissumum
698 1211 965 1260 tribunatum,
998 1212 1048 1252 ad
1072 1223 1191 1265 quem
1223 1224 1273 1251 ex
1296 1210 1453 1252 invidia
1474 1210 1657 1252 foederis

263 1288 502 1332 Numantini
532 1290 654 1332 bonis
686 1291 815 1331 iratus
849 1296 1106 1338 accesserat,
1138 1288 1189 1330 ab
1222 1290 1314 1344 ipsa
1340 1301 1383 1330 re
1407 1288 1574 1344 publica
1595 1294 1658 1330 est

265 1368 526 1418 intersectus3
576 1368 682 1409 alter
715 1375 881 1423 propter
912 1374 1148 1423 perpetuam
1191 1369 1233 1408 in
1270 1366 1457 1422 populari
1494 1369 1657 1409 ratione

263 1445 473 1486 levitatem
504 1452 632 1487 morte
663 1445 899 1487 voluntaria
931 1458 976 1486 se
1009 1458 1035 1485 a
1066 1447 1286 1486 severitate
1317 1444 1494 1486 iudicum
1524 1445 1659 1486 vindi-

266 1525 387 1566 cavit.
449 1522 535 1565 Sed
570 1523 645 1564 fuit
679 1530 848 1578 uterque
886 1535 1066 1565 summus
1111 1528 1270 1564 orator:
1312 1528 1431 1577 atque
1462 1521 1542 1564 hoc
1572 1535 1659 1564 me-

265 1603 401 1644 moria
436 1609 594 1658 patrum
631 1608 734 1644 teste
777 1601 963 1643 dicimus.
1031 1599 1126 1642 104.
1165 1613 1262 1642 nam
1299 1606 1338 1641 et
1369 1598 1574 1642 Carbonis
1619 1607 1659 1642 et

268 1679 445 1722 Gracchi
484 1679 684 1721 habemus
714 1681 925 1722 orationes
955 1679 1135 1721 nondum
1166 1679 1269 1720 satis
1300 1678 1540 1734 splendidas
1566 1692 1660 1721 ver-

266 1758 354 1808 bis,
399 1757 474 1800 sed
511 1765 654 1800 acutas
690 1758 1010 1814 prudentiaeque
1041 1757 1332 1814 plenissumas.
1399 1755 1491 1799 Fuit
1531 1756 1662 1800 Grac-

356 1903 411 1930 104.
450 1902 500 1929 sed
520 1902 560 1936 εἰ]
583 1902 636 1928 sed
657 1904 697 1927 et.

364 2015 439 2049 102.
489 2012 593 2059 quod
612 2025 688 2060 pro
715 2023 756 2047 se
780 2023 878 2059 opus
903 2013 1007 2056 erat]
1040 2022 1130 2046 eum
1148 2023 1227 2059 pro
1253 2023 1293 2045 se
1321 2022 1416 2059 opus
1441 2018 1526 2047 erat
1550 2014 1661 2049 Sche-

270 2072 387 2116 vingi,
413 2070 544 2116 quoad
561 2082 604 2116 p.
629 2081 658 2103 s.
681 2072 744 2102 διο.
771 2067 888 2103 Orelli
911 2069 1138 2108 coniectura3
1164 2075 1292 2102 neutra
1315 2069 1485 2103 librorum
1511 2071 1660 2116 scriptu-

269 2139 333 2161 rae
358 2126 558 2171 aequanda.
608 2126 736 2160 Cicero
761 2124 839 2169 ipse
863 2124 916 2158 sui
939 2125 1118 2168 interpres
1143 2135 1173 2157 c.
1191 2124 1253 2167 28,
1283 2124 1376 2158 108:
1401 2125 1448 2160 P.
1474 2125 1659 2162 Lentulus

271 2184 326 2218 (ul
356 2195 440 2217 rem
463 2182 675 2229 publicam
707 2181 903 2215 duntaxat
938 2180 1041 2225 quod
1079 2191 1179 2227 opus
1213 2185 1313 2214 esset
1345 2184 1444 2216 satis
1477 2181 1660 2217 habuisse

271 2240 514 2285 eloquentiae
542 2239 702 2273 dieitur.
752 2238 878 2271 Attulit
903 2235 1090 2282 Meyerus.
1139 2237 1215 2270 Sed
1240 2238 1304 2271 etsi
1324 2249 1400 2284 pro
1426 2250 1466 2271 se
1489 2245 1586 2273 recte
1611 2240 1662 2274 in·

270 2297 382 2341 telligi
409 2301 548 2341 potest,
572 2295 697 2329 mirum
721 2300 840 2328 tamen
861 2294 1004 2328 videtur
1025 2305 1103 2327 eum
1129 2305 1199 2327 non
1220 2294 1374 2337 dixisse,
1399 2295 1465 2329 nisi
1490 2306 1599 2332 reum.
1615 2316 1661 2321 --

270 2351 314 2386 L.
344 2351 493 2395 Crassi]
520 2351 620 2386 Luei
650 2351 786 2386 Crassi
809 2350 872 2395 Lg.
899 2350 953 2384 53.
980 2350 1033 2383 58.
1058 2350 1111 2384 68.
1138 2350 1192 2384 70.

363 2409 513 2443 XXVII.
566 2409 640 2443 103.
694 2407 882 2452 Gaioque]
911 2407 961 2440 sic
986 2406 1050 2451 Lg.
1070 2406 1101 2442 S.
1126 2406 1179 2440 51.
1201 2406 1254 2441 53.
1276 2406 1328 2441 58.
1352 2407 1407 2441 08.
1428 2406 1480 2441 70.
1513 2406 1605 2442 Ven.
1630 2410 1659 2443 1.

273 2463 347 2501 Ott.
370 2485 416 2491 —
441 2465 532 2499 bene
557 2465 781 2507 dicendum]
810 2463 902 2497 bene
926 2475 994 2497 om.
1016 2462 1081 2508 Lg.
1101 2463 1157 2496 58.
1175 2483 1220 2486 —-
1244 2473 1357 2496 nemo
1382 2462 1442 2497 his
1463 2465 1573 2507 viris]
1600 2463 1662 2500 his

270 2524 370 2557 viris
396 2533 507 2556 nemo
534 2522 600 2556 Gu.
630 2523 658 2556 l.
683 2542 728 2546 —
763 2520 945 2563 dicimus]
972 2519 1187 2553 didicimus
1214 2519 1280 2553 Gu.
1308 2520 1338 2554 l.
1365 2520 1421 2554 ed.
1448 2531 1500 2564 pr.

367 2578 441 2613 104.
490 2590 568 2613 non
592 2579 703 2622 dum]
737 2578 788 2612 sic
812 2577 877 2623 Lg.
903 2576 957 2611 39.
986 2575 1040 2609 53.
1069 2576 1122 2610 56.
1150 2576 1204 2610 70.
1229 2597 1274 2600 ——
1307 2576 1584 2623 plerzissunms]
1609 2577 1661 2611 sic

271 2634 337 2679 Lg.
359 2635 391 2672 8.
414 2635 466 2668 51.
486 2635 539 2670 53.
558 2635 612 2670 58.
643 2634 734 2668 Ven.
758 2635 785 2669 1.
805 2655 848 2658 »α
881 2631 1180 2678 Mytilenaeum]
1207 2632 1330 2666 favent
1355 2633 1487 2668 veriori
1512 2634 1660 2677 scriptu-

272 2703 334 2727 rae
358 2691 424 2738 Lg.
444 2691 475 2728 8.
500 2692 554 2729 51.
590 2690 713 2727 Ottob.
750 2690 843 2726 Ven.
870 2690 901 2725 l.
948 2689 1225 2725 mutilenaeum
1250 2691 1485 2734 praebentes,
1512 2688 1602 2724 Ven.
1626 2690 1656 2725 l.
