1835 3126
252 277 324 319 14
462 271 656 315 BREVIS
688 270 1081 323 ELOQUENTIAE
1115 239 1425 314 ROMJ1118T.

882 420 917 474 §·
951 421 1013 459 io.

678 493 877 528 Doctrinae
905 494 1068 528 Graecae
1094 494 1204 529 initia.

360 576 501 624 Primi,
543 587 640 628 quos
682 575 847 614 sciamus
889 581 992 615 artes
1030 576 1265 617 Graecorum
1303 575 1465 615 Romam
1507 578 1633 613 trans-

248 642 405 690 tulisse,
429 641 612 694 Epicurei
640 642 796 681 fuerunt
822 642 991 681 Alcaeus
1022 648 1059 681 et
1087 642 1298 689 Philiscus,
1329 642 1395 693 qui
1424 653 1509 680 cum
1538 640 1635 679 mol-

248 709 346 748 litiei
394 714 430 748 et
466 710 646 750 vitiorum
689 709 867 759 magistri
903 721 980 748 non
1016 709 1160 748 iniuria
1192 707 1436 755 viderentur,
1481 712 1635 746 senatus

250 775 426 815 consulto
457 775 503 815 de
533 777 688 816 civitate
720 777 832 815 eiecti
861 781 948 816 sunt
978 789 1012 815 a.
1044 789 1081 815 u.
1113 771 1296 825 581(⁴S).
1357 772 1436 813 Sed
1458 773 1637 812 innoxius

249 843 354 882 visus
396 848 452 881 est
486 843 667 882 literator
707 843 843 883 Crates
887 843 1078 891 Mallota,
1119 843 1185 894 qui
1223 854 1307 881 cum
1343 840 1487 891 legatis
1516 838 1638 879 Attali

250 910 579 960 Pergamenorum
609 910 716 961 regis
746 910 785 948 in
817 910 947 948 urbem
975 909 1079 949 venit
1108 921 1142 947 a.
1174 908 1268 949 586.
1327 908 1364 947 Is
1396 907 1514 954 enim,
1554 918 1638 945 cum

250 989 337 1015 crus
368 976 572 1027 fregisset,
608 977 755 1017 Romae
785 976 926 1016 diutius
964 981 1220 1016 commoratus
1251 974 1406 1014 scholas
1436 973 1483 1012 de
1513 973 1638 1012 literis

252 1044 412 1083 Graecis
433 1044 613 1091 instituit,
640 1043 778 1095 quibus
807 1042 945 1082 multos
976 1042 1149 1082 studiose
1180 1041 1403 1080 interfuisse
1431 1038 1537 1078 credi
1565 1050 1638 1091 par

250 1115 307 1149 est
324 1107 405 1160 (⁴9).
465 1110 565 1149 Hinc
595 1110 823 1149 Latinarum
860 1110 974 1148 etiam
1009 1109 1211 1148 literarum
1242 1107 1419 1147 doctrina
1449 1104 1639 1158 quaedam

248 1182 474 1229 provocata.
534 1177 624 1216 Fuit
655 1177 753 1215 euim
784 1176 920 1217 Crates
952 1175 1137 1216 Suetonio
1167 1179 1264 1214 teste
1293 1173 1477 1214 Romanis
1509 1184 1636 1212 exem-

248 1243 353 1295 plum
403 1243 453 1282 ad
494 1243 734 1292 imitandum,
778 1248 820 1283 ut
865 1244 1038 1283 carmina
1080 1254 1218 1294 parum
1266 1241 1391 1280 adhuc
1435 1240 1639 1290 divulgata

250 1310 474 1361 diligentius
512 1316 728 1350 tractarent
767 1322 813 1350 ac
847 1309 1136 1349 commentando
1175 1314 1268 1348 nota
1304 1308 1498 1347 facerent:
1534 1306 1639 1346 velut

250 1376 292 1416 G.
326 1378 507 1417 Octavius
530 1377 746 1430 Lampadio
771 1377 910 1417 Naevii
938 1377 1082 1417 bellum
1114 1376 1319 1423 Punicum,
1352 1374 1421 1413 alii
1452 1374 1533 1413 alia
1550 1370 1636 1426 (5⁰).

249 1444 359 1482 Huuc
374 1444 680 1495 Lampadionem
702 1445 925 1484 libertinum
949 1444 1139 1483 hominem
1162 1449 1198 1482 et
1223 1444 1383 1483 Graecis
1411 1444 1637 1494 parentibus

250 1509 452 1549 oriundum
487 1522 625 1549 nomen
664 1511 842 1551 ostendit.
899 1511 997 1549 Hinc
1033 1511 1235 1549 literarum
1275 1522 1359 1548 cum
1402 1510 1638 1549 Graecarum

249 1582 326 1616 tum
366 1576 629 1616 Romanarum
669 1578 807 1616 notitia
845 1589 935 1616 mox
973 1577 1198 1616 necessaria
1233 1576 1368 1616 habita
1404 1581 1480 1626 est,
1524 1590 1639 1629 quam

250 1643 516 1683 adolescentes
554 1644 775 1683 rhetoribus
822 1644 871 1683 ad
911 1645 1188 1684 institutionem
1225 1643 1403 1683 tradendi
1441 1644 1640 1696 perdisce-

249 1716 335 1749 rent
361 1707 453 1761 (⁵¹):
498 1711 571 1749 etsi
615 1716 759 1750 certam
796 1712 989 1763 quandam
1026 1712 1138 1751 huius
1177 1712 1235 1750 rei
1273 1711 1400 1762 legem
1436 1723 1513 1751 non
1550 1717 1639 1751 ante

250 1777 414 1816 medium
465 1777 635 1816 seculum
685 1778 793 1817 urbis
849 1780 1049 1831 septimum
1098 1780 1343 1818 observatam
1390 1779 1512 1818 fuisse
1555 1780 1638 1819 veri

250 1844 375 1883 simile
409 1849 465 1883 est
483 1841 564 1894 (5⁴²).
624 1844 701 1884 Sed
734 1857 812 1896 qua
842 1844 1000 1893 Grates,
1033 1844 1167 1884 eadem
1196 1850 1322 1884 aetate
1352 1846 1430 1884 iam
1461 1847 1638 1885 rhetores

252 1917 288 1950 et
323 1910 547 1963 philosophi
578 1912 718 1951 Graeci
747 1912 908 1951 Romam
938 1923 1025 1951 sese
1055 1912 1322 1960 introduxere3
1364 1913 1506 1965 quippe
1541 1925 1638 1965 quos

252 1978 294 2019 C.
326 1978 474 2018 Fannio
511 1979 568 2018 M.
599 1978 794 2018 Messalla
836 1979 1059 2018 consulibus
1104 1979 1298 2018 referente
1335 1980 1392 2019 M.
1424 1980 1638 2032 Pomponio

250 2050 433 2096 praetore
476 2051 631 2085 senatus
674 2046 771 2085 urbe
811 2045 999 2085 decedere
1045 2046 1202 2085 iusserit
1246 2058 1280 2084 a.
1320 2059 1356 2084 n.
1389 2046 1483 2086 593.
1518 2059 1554 2086 a.
1594 2047 1637 2088 G.

254 2114 329 2151 161
353 2110 434 2166 (⁵3).
493 2113 572 2153 Sed
602 2114 738 2165 paucis
776 2113 886 2151 annis
921 2118 1009 2165 post
1043 2118 1151 2152 tanta
1185 2113 1343 2151 incessit
1371 2113 1552 2161 mutatio,
1586 2118 1639 2162 ut,

251 2190 334 2218 cum
372 2179 596 2231 philosophi
626 2179 849 2219 Carneades
873 2179 1070 2220 Critolaus
1107 2185 1144 2219 et
1183 2180 1381 2230 Diogenes
1422 2180 1545 2230 legati
1589 2180 1638 2218 ab

250 2246 548 2285 Atheniensibus
582 2245 744 2285 Romam
789 2246 896 2284 missi
936 2251 1064 2285 essent
1101 2259 1137 2286 a.
1172 2247 1287 2295 598„
1337 2248 1502 2285 maxime
1539 2246 1638 2287 Car-

252 2314 385 2352 neadis
430 2313 724 2365 copiosissimae
769 2318 806 2352 et
846 2314 1093 2353 acutissimae
1130 2313 1411 2366 disputationes
1451 2313 1640 2365 plurimos

253 2385 289 2418 et
333 2379 599 2430 cupidissimos
647 2379 844 2419 auditores
887 2381 1104 2421 invenirent
1129 2378 1198 2431 (5⁴)
1242 2392 1312 2419 nec
1347 2381 1553 2432 quicquam
1589 2380 1639 2419 ad

256 2446 510 2497 philosophos
552 2452 588 2485 et
619 2446 789 2486 Graecos
829 2447 1063 2487 coercendos
1092 2447 1252 2487 Catonis
1283 2446 1461 2486 Censorii
1489 2447 1639 2487 valeret

253 2514 465 2551 auctoritas
490 2511 571 2563 (⁵⁵).
640 2513 869 2566 Quanquam
905 2514 981 2554 dici
1017 2514 1114 2554 illud
1154 2526 1228 2554 non
1273 2519 1401 2566 potest
1442 2514 1639 2554 Romanos

345 2620 403 2663 118)
442 2621 650 2656 Athenaeus
683 2622 757 2656 NH.
798 2635 832 2668 p.
868 2624 944 2658 547.
977 2636 1008 2660 a.
1127 2623 1185 2665 49)
1227 2623 1327 2657 Suet-
1365 2623 1487 2657 illustr·
1520 2634 1570 2668 gl*-
1607 2624 1637 2658 l·

253 2677 313 2720 50)
339 2678 437 2711 Suet.
456 2678 477 2712 1.
496 2690 525 2713 c.
643 2679 702 2722 51)
727 2681 826 2715 Suet.
847 2681 894 2715 ill.
921 2692 970 2725 gr.
989 2682 1020 2716 4.
1138 2681 1197 2723 52)
1222 2680 1416 2716 ΧνοείριΊη.
1434 2680 1455 2715 1.
1476 2692 1503 2715 c.
1531 2692 1565 2724 p.
1583 2680 1636 2712 57.

253 2734 312 2776 523)
330 2735 430 2767 Suet.
447 2734 573 2770 illustr.
592 2735 679 2771 rhet.
702 2736 727 2771 1.
849 2738 906 2781 54)
926 2738 997 2773 Cic.
1020 2737 1064 2773 de
1077 2734 1141 2774 Or.
1158 2736 1356 2779 11.37,155.
1475 2737 1533 2775 55)
1554 2735 1636 2769 Ρ1ιι-

254 2789 363 2825 tui-cli.
392 2791 466 2826 Cat.
494 2791 548 2827 22.
