1835 3126
488 129 738 173 BRUTUS
771 129 890 174 GAP.
921 131 988 175 87.
1019 131 1085 175 SS.
1348 132 1479 178 303

97 257 124 286 a
155 242 275 286 nobis
313 242 514 285 nominati
552 249 663 294 sunt,
701 255 751 286 eo
780 244 997 299 pertinuit,
1033 250 1075 286 ut
1103 243 1227 300 paulo
1258 249 1352 286 ante
1383 243 1481 295 dixi,

95 320 201 377 quod
226 319 414 376 intellegi
435 321 547 364 volui
574 323 616 364 in
641 336 703 372 eo,
728 324 843 365 cuius
870 336 1012 365 omnes
1036 322 1303 378 cupidissumi
1328 329 1481 372 essent,

95 411 214 454 quam
252 400 374 454 pauci
406 399 519 454 digni
550 402 714 443 nomine
746 401 982 444 evaderent.
1042 400 1180 451 Quare
1212 397 1372 456 εἴρωνα
1404 414 1483 451 me,

92 490 144 518 ne
170 478 206 519 si
230 477 456 520 Africanus
479 479 642 534 quidem
672 479 766 529 fuit,
798 486 838 521 ut
861 480 917 520 ait
939 480 981 520 in
1004 478 1179 521 historia
1203 491 1279 520 sua
1305 477 1349 519 G.
1373 477 1482 520 Fan-

91 556 203 604 nius,
245 557 484 598 existumari
528 557 665 600 velim.
730 556 780 599 Ut
816 557 952 607 voles,
998 558 1127 612 inquit
1161 557 1335 598 Atticus.
1401 569 1482 610 ego

93 635 198 676 enim
244 648 326 677 non
367 635 547 677 alienum
591 648 616 678 a
655 642 694 678 te
733 635 927 692 putabam
973 635 1080 691 quod
1119 642 1158 677 et
1202 636 1245 676 in
1279 634 1483 676 Africano

92 712 239 755 suisset
268 720 308 755 et
334 715 376 755 in
405 712 593 756 Socrate.
651 714 746 755 300.
777 713 881 756 Tum
909 713 1082 763 Brutus,
1112 712 1174 755 De
1202 714 1282 755 isto
1312 719 1480 768 postea:

94 790 167 831 sed
208 797 268 841 tu,
309 792 439 847 inquit
478 805 542 834 me
583 794 766 841 intuens,
812 793 1023 834 orationes
1059 791 1181 832 nobis
1216 798 1380 832 veteres
1412 804 1485 832 ex-

91 867 299 922 plicabis?
359 868 490 919 Vero,
528 871 716 923 inquam,
756 867 901 931 l}rute:
940 868 1014 909 sed
1050 869 1093 909 in
1122 866 1306 909 Cumano
1343 870 1485 909 autin

94 943 335 988 Tusculano
372 945 619 1001 aliquando,
657 947 694 987 si
724 945 845 987 modo
885 944 1046 987 licebit:
1090 947 1285 1000 quoniam
1313 952 1485 1000 utroque

92 1024 135 1064 in
177 1023 271 1066 loco
308 1024 435 1065 vicini
475 1036 626 1066 sumus.
694 1022 781 1066 Sed
826 1024 910 1065 iam
948 1023 1002 1065 ad
1048 1023 1110 1073 id,
1155 1023 1263 1066 unde
1303 1023 1486 1078 digressi

90 1114 229 1143 sumus
241 1135 251 1151 ,
278 1109 546 1144 revertamur.

201 1177 475 1222 LXXXVIII.
515 1181 610 1223 301.
649 1179 895 1224 Hortensius
938 1180 1086 1234 igitur,
1132 1191 1223 1221 cum
1265 1178 1485 1221 admodum

94 1257 342 1301 adolescens
389 1272 509 1302 orsus
538 1266 651 1302 esset
687 1261 731 1302 in
761 1259 852 1302 foro
884 1259 1043 1309 dicere,
1087 1257 1280 1301 celeriter
1309 1258 1363 1300 ad
1396 1271 1487 1300 ma-

93 1338 206 1379 iores
253 1350 406 1380 causas
443 1338 633 1381 adhiberi
672 1344 839 1395 coeptus
877 1344 940 1381 est
975 1339 1003 1388 †
1037 1343 1097 1389 et,
1143 1349 1378 1392 quanquam
1421 1338 1486 1378 in-

178 1481 237 1508 301.
274 1484 397 1516 coeptus
417 1485 459 1510 est
478 1485 504 1509 et
523 1483 708 1518 quanquam]
728 1486 852 1518 coeptus
873 1485 929 1509 est.
967 1483 1148 1516 Quanquam.

94 1594 195 1630 initio
228 1606 306 1629 cum
332 1597 605 1630 asseveratione
632 1595 701 1630 dici
729 1601 811 1641 post
836 1595 926 1629 alios
951 1595 1065 1639 (velut
1091 1593 1268 1628 Gruterus
1292 1593 1324 1627 h.
1349 1594 1372 1628 l.
1400 1605 1484 1628 con-

94 1652 226 1685 tulerat
251 1652 354 1687 Tusc.
381 1652 422 1686 ll.
444 1652 499 1687 21.
535 1652 659 1686 Divin.
683 1652 710 1687 I.
736 1653 790 1687 46.
824 1651 920 1685 Mur.
945 1651 1018 1694 31.)
1046 1650 1217 1684 observat
1241 1649 1423 1684 Heinrich.
1449 1651 1486 1684 in

96 1706 168 1741 Cic.
194 1708 262 1753 Rp.
289 1708 315 1742 1.
347 1721 378 1754 p.
405 1708 516 1743 200ss
558 1708 704 1754 Meyer.
754 1711 916 1753 inquam
939 1718 1030 1741 vero
1055 1706 1122 1751 Lg.
1147 1706 1202 1739 56.
1249 1717 1338 1739 vere
1363 1706 1416 1740 70.
1439 1725 1487 1732 -—-

95 1763 280 1809 (Hyr-essi]
308 1777 372 1810 per
396 1768 412 1800 ἰ
433 1766 504 1799 mei
522 1765 603 1799 libri
629 1776 771 1807 omnes,
791 1764 857 1798 sed
880 1764 1116 1810 differs-imus
1141 1766 1203 1795 aut
1225 1760 1489 1807 diffres-simus

94 1832 121 1855 s.
149 1821 274 1867 (Hy-qr.
301 1820 366 1866 Lg.
391 1821 412 1855 S
429 1833 522 1856 corr.
546 1820 601 1857 35.
626 1821 681 1855 39.
707 1821 762 1855 51.
781 1820 836 1856 53.
859 1819 914 1855 58.
941 1819 993 1854 70.
1028 1818 1122 1855 Ven.
1143 1817 1172 1854 l.
1223 1818 1488 1864 cleyressz'mus

94 1877 152 1912 ed.
179 1889 233 1923 pr.

183 1931 423 1968 LXXXVIII.
471 1933 550 1968 301.
599 1938 761 1981 coeptus
785 1937 844 1968 est
866 1937 924 1975 et,
951 1932 1192 1979 quanquam]
1219 1936 1256 1966 et
1280 1932 1488 1966 coniectura

94 1989 233 2032 addidi,
260 2000 307 2023 ne
326 1992 527 2025 sententiae
546 2003 641 2026 nexu
659 1997 845 2032 carerent3
871 1990 1045 2036 perfacile
1064 1988 1195 2023 excidit
1212 1994 1362 2034 propter
1382 1999 1486 2033 prae-

93 2057 253 2093 gressum
280 2051 348 2080 est.
399 2046 620 2093 Bernhardy
652 2047 730 2092 ipse
759 2058 903 2091 quoque
934 2047 1137 2081 sententiae
1164 2045 1343 2079 vinculum
1370 2046 1487 2089 requi-

92 2113 177 2138 rens
195 2104 384 2150 proposuit
402 2106 472 2148 qui
488 2115 732 2148 quanqaam5
754 2104 819 2137 sed
836 2115 914 2137 cum
931 2102 1115 2137 Hortensii
1132 2113 1291 2147 persona
1307 2102 1486 2147 prioribus

94 2160 179 2194 satis
207 2159 357 2194 definita
380 2160 443 2202 sit,
476 2163 510 2194 is
535 2172 562 2194 s.
591 2163 659 2204 qui
681 2159 806 2193 inferri
832 2165 1115 2194 consentaneum
1140 2170 1213 2193 non
1239 2163 1308 2199 est3
1346 2158 1486 2192 deside-

95 2221 195 2250 ratur
216 2217 336 2261 potius
357 2227 427 2260 quo
444 2217 624 2250 sententia
641 2216 732 2250 haec
757 2228 832 2251 cum
851 2228 1068 2262 praegressa
1091 2216 1268 2250 celeriter
1289 2215 1344 2248 acl
1361 2217 1485 2248 maio-

96 2284 159 2308 res
178 2284 319 2307 causas
339 2271 524 2307 adhiberi
540 2278 696 2320 coeptus
716 2278 773 2308 est
799 2273 1044 2318 coniungatur.
1079 2270 1238 2307 Orellius
1258 2282 1303 2306 ex
1319 2271 1487 2306 Crevieri

97 2334 133 2363 et
148 2329 332 2363 Schuetzii
347 2329 552 2364 coniectura
566 2330 663 2364 dedit
681 2329 1039 2377 comparabantar;
1062 2329 1127 2364 sed
1152 2340 1197 2363 ex
1215 2340 1244 2363 c.
1260 2328 1314 2362 57.
1336 2327 1485 2362 discitur

96 2386 293 2431 Sulpicium
324 2393 360 2420 et
393 2386 532 2421 Cottam
559 2386 836 2432 haudquaquam
874 2398 952 2421 cum
979 2387 1112 2422 Crasso
1144 2391 1181 2420 et
1210 2385 1370 2419 Antonio
1405 2396 1486 2419 esse

96 2449 344 2488 comparatos3
369 2443 545 2488 Meyer-us
571 2444 687 2478 eiecto
709 2448 766 2478 est
792 2445 870 2489 ipse
894 2455 1037 2489 quoque
1062 2448 1099 2478 et
1119 2442 1278 2487 scripsit3
1305 2441 1361 2475 cui
1384 2445 1486 2474 recte

96 2498 231 2533 obiecit
265 2499 488 2546 Bernhardy
524 2501 666 2535 minime
706 2501 935 2547 probabilem
973 2512 1054 2535 esse
1098 2499 1192 2534 hanc
1225 2498 1486 2532 sententiarum

94 2555 310 2590 iuncturam:
330 2556 512 2591 adhiberi
527 2561 683 2604 coeptus
699 2562 737 2592 et
755 2556 1076 2604 comparabatur.
1110 2555 1150 2589 ln
1166 2559 1290 2589 nostra
1305 2554 1486 2599 scriptura

97 2617 254 2659 coeptus
279 2617 338 2649 est
363 2624 440 2648 rem
461 2614 573 2649 semel
595 2613 724 2648 saetam
756 2620 792 2649 et
823 2625 892 2648 uno
919 2614 1021 2659 quasi
1051 2613 1187 2657 impetu
1210 2611 1381 2646 celeriter
1402 2621 1485 2656 per⁴

96 2675 213 2704 actam
234 2668 432 2715 significat:
455 2671 572 2706 statim
597 2672 691 2706 enim
715 2672 752 2706 in
775 2671 978 2718 principum
1000 2679 1184 2704 numerum
1208 2667 1377 2713 pervenit
1392 2666 1484 2701 Hor·
