1835 3126
330 168 526 212 BREVlS
557 168 952 222 ELOQUENTIAE
984 171 1119 216 ROM.
1149 172 1294 216 HIST.
1433 176 1510 221 92

114 282 324 332 temnendi,
367 284 599 324 Aristoteles
642 285 819 325 Platonis
864 281 1076 339 discipulus
1120 293 1157 328 et
1202 289 1509 341 Theophrastus,

116 351 178 390 cui
205 351 437 391 Aristoteles
475 352 663 403 magister
700 352 841 393 fuerat.
901 353 962 393 Ex
1000 355 1137 394 horum
1170 355 1284 395 libris
1320 369 1508 396 summam

113 417 266 456 dicendi
305 419 456 470 copiam
497 423 534 458 et
575 430 734 459 acumen
779 421 943 460 maxime
983 421 1202 461 inveniendi
1240 427 1278 461 et
1312 423 1509 474 partiendi

113 485 211 523 sumi
247 496 365 536 posse
410 496 494 525 cum
532 486 670 526 Cicero
714 488 861 540 primus
899 488 1234 529 animadvertisset
1260 486 1347 540 (⁷⁵),
1393 491 1506 530 huius

111 552 328 604 exemplum
367 553 437 592 alii
472 554 622 605 plures,
663 559 705 593 ut
733 555 790 594 M.
817 555 993 595 Calidius
1032 555 1074 596 G.
1101 556 1245 597 Calvus
1280 557 1338 596 M.
1362 557 1507 597 Brutus

110 618 169 658 M.
196 619 392 659 Messalla
431 622 553 660 secuti
583 625 681 661 sunt.
740 621 932 663 videbant
969 627 1097 662 tamen
1130 624 1324 663 hominum
1361 636 1386 662 a
1414 624 1504 664 foro

111 687 454 727 remotissimorum
479 693 692 740 praecepta
721 700 799 728 non
828 690 884 728 sic
913 694 1057 729 temere
1087 702 1134 729 ac
1162 691 1246 729 sine
1274 701 1404 730 rerum
1433 704 1507 731 usu

110 765 158 792 ac
193 753 337 793 iudicio
376 755 602 806 arripienda
631 766 736 801 esse3
779 754 966 794 accedere
1005 756 1120 794 etiam
1157 756 1387 795 elocutionis
1424 769 1506 797 me-

109 821 258 859 moriae
294 820 621 871 pronuntiationis
658 819 882 867 artificium,
920 820 968 859 de
999 821 1137 872 quihus
1174 820 1292 860 rebus
1330 822 1391 860 illi
1427 835 1507 862 non

107 887 422 938 praecepissent;
460 891 669 938 praeterea
705 886 769 927 vel
801 899 985 926 summam
1019 886 1190 926 indolem
1227 888 1310 927 sine
1341 900 1506 929 accura-

106 953 257 992 tissima
287 953 566 992 exercitatione
594 964 672 992 non
693 952 908 1005 proficere,
940 953 1009 993 sed
1032 955 1145 1006 quasi
1173 954 1358 995 inermem
1379 956 1507 997 videri

108 1025 145 1059 et
176 1019 226 1059 ad
254 1020 417 1072 impetus
452 1020 662 1060 insidiosos
699 1020 819 1060 facile
848 1026 998 1073 patere.
1055 1021 1154 1061 Hinc
1188 1023 1401 1063 necessitas
1432 1036 1505 1064 ex-

108 1087 203 1126 stitit
233 1088 348 1126 etiam
380 1088 596 1139 praestanti
624 1088 782 1139 ingenio
812 1088 929 1136 viris,
966 1093 1007 1128 ut
1037 1100 1122 1128 sese
1151 1089 1191 1128 in
1221 1091 1401 1141 magistri
1430 1092 1506 1132 ali-

87 1155 214 1193 .cuius
246 1154 491 1207 disciplinam
522 1155 658 1195 darent
696 1155 745 1195 ad
774 1155 854 1195 fori
891 1168 1002 1195 usum
1038 1156 1299 1198 instruendos.
1357 1159 1506 1199 Horum

105 1222 304 1262 rhetorum
333 1223 498 1262 maxime
525 1223 808 1274 expetebantur
840 1223 1000 1263 Graeci:
1043 1222 1133 1271 sed,
1166 1235 1249 1263 cum
1278 1225 1506 1278 philosophi

103 1290 275 1329 Athenas
318 1295 502 1341 tanquam
546 1289 676 1334 sedem
717 1291 972 1343 praecipuam
1015 1290 1211 1339 colerent,
1256 1292 1506 1344 eloquentiae

104 1355 302 1397 docendae
340 1357 428 1397 laus
474 1356 525 1396 ad
563 1357 738 1398 Rhodios
780 1358 1005 1397 transierat.
1061 1357 1227 1405 Eorum,
1275 1360 1341 1411 qui
1376 1360 1505 1400 Rhodi

106 1423 308 1463 Ciceronis
348 1429 477 1463 aetate
517 1423 727 1472 docebant,
773 1437 885 1465 nemo
923 1423 1155 1476 Apollonio,
1201 1426 1267 1476 qui
1312 1431 1350 1465 et
1387 1427 1503 1467 Molo

104 1495 287 1538 vocatur,
324 1491 512 1530 incertum
543 1503 593 1529 an
622 1491 798 1530 Molonis
833 1490 956 1539 filius,
995 1491 1143 1531 clarior
1172 1491 1258 1531 fuit.
1316 1493 1389 1533 Hic
1420 1505 1505 1534 cum

104 1557 243 1597 Sullae
274 1557 451 1609 aequalis
483 1563 601 1606 esset,
639 1557 812 1597 studiose
843 1557 997 1597 auditus
1027 1570 1052 1597 a
1083 1558 1272 1599 Cicerone
1303 1565 1379 1609 est,
1419 1573 1504 1601 cum

103 1624 136 1663 is
174 1630 264 1676 post
298 1625 465 1676 primam
506 1637 663 1664 causam
699 1621 898 1676 publicam
935 1625 1062 1675 magis
1101 1626 1348 1666 vehementer
1388 1640 1504 1679 quam

102 1692 229 1743 perite
253 1690 394 1730 dictam
426 1703 510 1731 cum
531 1691 764 1732 raletudinis
790 1690 1055 1730 restituendae
1083 1696 1163 1730 tum
1187 1691 1360 1733 discendi
1383 1706 1504 1734 causa

102 1759 141 1797 in
171 1759 305 1798 Asiam
345 1764 447 1798 esset
476 1758 674 1810 profectus
699 1754 783 1808 (⁷⁰).
841 1757 994 1797 Natura
1030 1758 1090 1797 rei
1120 1757 1297 1800 effectum
1330 1767 1409 1811 est,
1447 1767 1503 1812 ut,

97 1837 187 1867 cum
218 1826 358 1865 Graeci
388 1826 564 1864 rhetores
605 1830 642 1864 et
677 1825 718 1864 in
748 1825 845 1864 arbe
884 1830 921 1864 et
957 1836 1028 1877 per
1059 1825 1264 1866 Graeciam
1302 1834 1340 1868 et
1366 1830 1502 1869 Asiam

99 1893 266 1931 maxime
297 1897 590 1944 expeterentur,
618 1892 750 1931 Latini
781 1891 960 1932 doctores
992 1897 1337 1934 contemnerentur.
1398 1896 1503 1937 Tota

101 1960 201 1999 enlm
242 1958 450 2011 disciplina
486 1959 664 1999 oratoria
701 1959 915 2011 peregrina
951 1959 1158 2000 videbatur
1196 1961 1322 2002 adhuc
1361 1967 1400 2003 et
1434 1964 1501 2005 vix

98 2027 138 2066 in
167 2039 278 2066 usum
308 2026 554 2079 recipienda;
584 2027 624 2066 in
650 2039 728 2078 qua
759 2038 844 2065 cum
870 2027 1012 2067 Graeci
1042 2028 1172 2068 omnia
1201 2041 1349 2069 summa
1378 2042 1501 2083 prae-

99 2099 247 2134 starent
268 2094 454 2134 Romanis
484 2095 551 2134 vix
574 2094 702 2146 prima
731 2094 843 2132 initia
865 2094 1055 2144 egressis,
1088 2095 1181 2145 qnid
1205 2095 1362 2144 mirum,
1394 2096 1500 2148 quod

100 2160 273 2200 discendi
304 2160 434 2212 cupidi
465 2166 501 2200 et
522 2161 726 2211 utriusque
751 2160 940 2198 sermonis
969 2160 1088 2210 periti
1116 2172 1256 2201 novam
1283 2167 1320 2201 et
1343 2162 1500 2203 dubiam

100 2227 356 2267 eruditionem
395 2226 617 2266 fastidirent
655 2230 692 2265 et
727 2225 876 2264 firmam
914 2225 1171 2278 stabilemque
1210 2229 1306 2268 artis
1343 2229 1501 2270 laudem

102 2293 464 2347 amplecterentur?
515 2292 696 2340 Accedit,
736 2292 841 2345 quod
880 2293 1056 2332 rhetores
1088 2293 1201 2333 latini
1239 2308 1264 2335 a
1296 2295 1341 2335 L.
1366 2296 1498 2338 Plotio

98 2362 250 2414 prosati
272 2362 358 2400 iure
381 2360 507 2411 magis
532 2360 683 2399 rabulis
710 2372 825 2412 quam
849 2360 1071 2400 oratoribus
1090 2361 1310 2402 erudiendis
1327 2364 1409 2415 apti
1423 2365 1498 2404 visi

99 2434 207 2477 sunt,
247 2440 348 2482 quae
388 2432 509 2467 causa
546 2428 772 2468 censoribus
805 2427 949 2468 Crasso
989 2433 1026 2468 et
1051 2428 1223 2470 Domitio
1261 2429 1392 2470 fuerat
1429 2442 1498 2470 cur

100 2507 167 2535 eos
207 2507 256 2535 ex
294 2496 450 2536 civitate
486 2495 682 2536 tollerent.
749 2495 806 2536 M.
836 2495 1027 2536 Antonius
1065 2496 1216 2550 Gnipho
1252 2497 1327 2537 hac
1366 2502 1496 2538 aetate

190 2649 249 2691 75)
288 2649 363 2686 Cic.
389 2649 435 2685 ad
453 2649 603 2686 Divers.
625 2624 705 2685 [9.
740 2649 817 2685 Inv.
839 2649 864 2684 Ι.
886 2649 927 2692 5,
946 2650 976 2684 7.
1004 2656 1040 2685 et
1063 2651 1180 2686 multis
1205 2652 1295 2687 locis
1320 2651 1493 2686 librorum

98 2706 142 2740 de
170 2711 330 2744 oratore.
450 2707 509 2751 76)
534 2706 609 2744 cie.
634 2706 739 2742 Brut.
765 2706 829 2749 90,
857 2706 936 2743 312.
974 2706 1036 2750 91,
1061 2707 1139 2744 316.

1189 2776 1216 2818 7
