<?xml version="1.0" encoding="UTF-8"?>
<!DOCTYPE html PUBLIC "-//W3C//DTD XHTML 1.0 Transitional//EN"
    "http://www.w3.org/TR/xhtml1/DTD/xhtml1-transitional.dtd">
<html xmlns="http://www.w3.org/1999/xhtml" xml:lang="en" lang="en">
 <head>
  <title>
</title>
<meta http-equiv="Content-Type" content="text/html;charset=utf-8" />
  <meta name='ocr-system' content='tesseract 3.04.00' />
  <meta name='ocr-capabilities' content='ocr_page ocr_carea ocr_par ocr_line ocrx_word'/>
</head>
<body>
  <div class='ocr_page' id='page_1' title='image "./brutussivedeclar00ciceuoft/brutussivedeclar00ciceuoft_0443.png"; bbox 0 0 1835 3126; ppageno 0'>
   <div class='ocr_carea' id='block_1_1' title="bbox 391 195 1525 250">
    <p class='ocr_par' dir='ltr' id='par_1_1' title="bbox 391 195 1525 250">
     <span class='ocr_line' id='line_1_1' title="bbox 391 195 1525 250; baseline 0.01 -10"><span class='ocrx_word' id='word_1_1' title='bbox 391 196 473 240; x_wconf 92' lang='lat' dir='ltr'><strong>AD</strong></span> <span class='ocrx_word' id='word_1_2' title='bbox 507 195 622 238; x_wconf 88' lang='lat' dir='ltr'><strong>CIC.</strong></span> <span class='ocrx_word' id='word_1_3' title='bbox 653 195 919 242; x_wconf 88' lang='lat' dir='ltr'>BRUTUM</span> <span class='ocrx_word' id='word_1_4' title='bbox 952 199 1071 243; x_wconf 76' lang='lat' dir='ltr'><strong>GAP.</strong></span> <span class='ocrx_word' id='word_1_5' title='bbox 1101 200 1169 244; x_wconf 77' lang='lat'><strong>84.</strong></span> <span class='ocrx_word' id='word_1_6' title='bbox 1199 202 1267 245; x_wconf 76' lang='lat'><strong>85.</strong></span> <span class='ocrx_word' id='word_1_7' title='bbox 1398 204 1525 250; x_wconf 72' lang='lat'><strong>423</strong></span> 
     </span>
    </p>
   </div>
   <div class='ocr_carea' id='block_1_2' title="bbox 117 310 1525 1034">
    <p class='ocr_par' dir='ltr' id='par_1_2' title="bbox 131 310 1525 429">
     <span class='ocr_line' id='line_1_2' title="bbox 243 310 1525 360; baseline 0.008 -12"><span class='ocrx_word' id='word_1_8' title='bbox 243 311 337 349; x_wconf 90' lang='grc'><strong>290.</strong></span> <span class='ocrx_word' id='word_1_9' title='bbox 394 310 555 360; x_wconf 83' lang='lat' dir='ltr'><strong>placere]</strong></span> <span class='ocrx_word' id='word_1_10' title='bbox 586 310 769 354; x_wconf 84' lang='lat' dir='ltr'><strong>usitatum</strong></span> <span class='ocrx_word' id='word_1_11' title='bbox 797 313 845 354; x_wconf 89' lang='lat' dir='ltr'><strong>de</strong></span> <span class='ocrx_word' id='word_1_12' title='bbox 873 314 1145 355; x_wconf 85' lang='lat' dir='ltr'><strong>histrionibus:</strong></span> <span class='ocrx_word' id='word_1_13' title='bbox 1185 328 1221 357; x_wconf 82' lang='lat' dir='ltr'><strong>v.</strong></span> <span class='ocrx_word' id='word_1_14' title='bbox 1253 315 1453 358; x_wconf 83' lang='lat' dir='ltr'>Ruhnken.</span> <span class='ocrx_word' id='word_1_15' title='bbox 1485 318 1525 358; x_wconf 91' lang='lat' dir='ltr'><strong>in</strong></span> 
     </span>
     <span class='ocr_line' id='line_1_3' title="bbox 131 375 575 429; baseline 0.002 -13"><span class='ocrx_word' id='word_1_16' title='bbox 131 376 221 416; x_wconf 85' lang='lat' dir='ltr'>Ter.</span> <span class='ocrx_word' id='word_1_17' title='bbox 249 375 370 415; x_wconf 89' lang='lat' dir='ltr'><strong>Andr.</strong></span> <span class='ocrx_word' id='word_1_18' title='bbox 402 376 503 429; x_wconf 92' lang='lat' dir='ltr'><strong>prol.</strong></span> <span class='ocrx_word' id='word_1_19' title='bbox 536 379 575 417; x_wconf 87' lang='lat'><strong>3.</strong></span> 
     </span>
    </p>

    <p class='ocr_par' dir='ltr' id='par_1_3' title="bbox 124 444 1520 626">
     <span class='ocr_line' id='line_1_4' title="bbox 238 444 1520 504; baseline 0.01 -25"><span class='ocrx_word' id='word_1_20' title='bbox 238 444 431 493; x_wconf 73' lang='lat' dir='ltr'><strong>Roscium]</strong></span> <span class='ocrx_word' id='word_1_21' title='bbox 463 445 606 497; x_wconf 84' lang='lat' dir='ltr'><strong>quippe</strong></span> <span class='ocrx_word' id='word_1_22' title='bbox 635 447 675 486; x_wconf 91' lang='lat' dir='ltr'><strong>in</strong></span> <span class='ocrx_word' id='word_1_23' title='bbox 705 451 788 486; x_wconf 83' lang='lat' dir='ltr'><strong>arte</strong></span> <span class='ocrx_word' id='word_1_24' title='bbox 813 459 884 486; x_wconf 87' lang='lat' dir='ltr'><strong>sua</strong></span> <span class='ocrx_word' id='word_1_25' title='bbox 912 446 1010 487; x_wconf 86' lang='lat' dir='ltr'><strong>adeo</strong></span> <span class='ocrx_word' id='word_1_26' title='bbox 1034 449 1306 501; x_wconf 87' lang='lat' dir='ltr'><strong>praecipuum,</strong></span> <span class='ocrx_word' id='word_1_27' title='bbox 1338 456 1378 491; x_wconf 91' lang='lat' dir='ltr'><strong>ut</strong></span> <span class='ocrx_word' id='word_1_28' title='bbox 1401 464 1520 504; x_wconf 87' lang='lat' dir='ltr'><strong>prae-</strong></span> 
     </span>
     <span class='ocr_line' id='line_1_5' title="bbox 124 509 1516 564; baseline 0.009 -17"><span class='ocrx_word' id='word_1_29' title='bbox 124 509 380 549; x_wconf 86' lang='lat' dir='ltr'><strong>stantissimus</strong></span> <span class='ocrx_word' id='word_1_30' title='bbox 403 512 567 563; x_wconf 89' lang='lat' dir='ltr'><strong>quisque</strong></span> <span class='ocrx_word' id='word_1_31' title='bbox 593 514 632 552; x_wconf 92' lang='lat' dir='ltr'><strong>in</strong></span> <span class='ocrx_word' id='word_1_32' title='bbox 655 525 726 553; x_wconf 92' lang='lat' dir='ltr'><strong>suo</strong></span> <span class='ocrx_word' id='word_1_33' title='bbox 750 525 896 564; x_wconf 82' lang='lat' dir='ltr'>genere</span> <span class='ocrx_word' id='word_1_34' title='bbox 918 514 1084 555; x_wconf 87' lang='lat' dir='ltr'><strong>Roscius</strong></span> <span class='ocrx_word' id='word_1_35' title='bbox 1113 522 1340 558; x_wconf 78' lang='lat' dir='ltr'><strong>vocaretur:</strong></span> <span class='ocrx_word' id='word_1_36' title='bbox 1371 531 1406 560; x_wconf 87' lang='lat' dir='ltr'><strong>v.</strong></span> <span class='ocrx_word' id='word_1_37' title='bbox 1435 519 1516 560; x_wconf 90' lang='lat' dir='ltr'><strong>Cic.</strong></span> 
     </span>
     <span class='ocr_line' id='line_1_6' title="bbox 125 576 556 626; baseline 0.007 -12"><span class='ocrx_word' id='word_1_38' title='bbox 125 576 171 615; x_wconf 85' lang='lat' dir='ltr'><strong>de</strong></span> <span class='ocrx_word' id='word_1_39' title='bbox 203 576 268 616; x_wconf 90' lang='lat' dir='ltr'><strong>Or.</strong></span> <span class='ocrx_word' id='word_1_40' title='bbox 300 577 329 616; x_wconf 93' lang='lat' dir='ltr'><strong>I.</strong></span> <span class='ocrx_word' id='word_1_41' title='bbox 361 578 431 626; x_wconf 78' lang='lat'><strong>28,</strong></span> <span class='ocrx_word' id='word_1_42' title='bbox 465 581 556 619; x_wconf 86' lang='lat'><strong>130.</strong></span> 
     </span>
    </p>

    <p class='ocr_par' dir='ltr' id='par_1_4' title="bbox 121 645 1513 830">
     <span class='ocr_line' id='line_1_7' title="bbox 236 645 1513 699; baseline 0.007 -17"><span class='ocrx_word' id='word_1_43' title='bbox 236 645 331 685; x_wconf 81' lang='grc'><strong>291,</strong></span> <span class='ocrx_word' id='word_1_44' title='bbox 390 647 452 693; x_wconf 71' lang='lat' dir='ltr'><strong>qni</strong></span> <span class='ocrx_word' id='word_1_45' title='bbox 491 645 628 695; x_wconf 78' lang='lat' dir='ltr'><strong>Attice]</strong></span> <span class='ocrx_word' id='word_1_46' title='bbox 673 645 866 697; x_wconf 83' lang='lat' dir='ltr'><strong>expressit</strong></span> <span class='ocrx_word' id='word_1_47' title='bbox 906 646 1166 695; x_wconf 83' lang='lat' dir='ltr'><strong>Quintilianus</strong></span> <span class='ocrx_word' id='word_1_48' title='bbox 1205 648 1291 690; x_wconf 84' lang='grc' dir='ltr'><strong>ΧΠ.</strong></span> <span class='ocrx_word' id='word_1_49' title='bbox 1333 652 1405 699; x_wconf 86' lang='grc'><strong>10,</strong></span> <span class='ocrx_word' id='word_1_50' title='bbox 1436 652 1513 691; x_wconf 85' lang='lat'><strong>26:</strong></span> 
     </span>
     <span class='ocr_line' id='line_1_8' title="bbox 125 710 1513 764; baseline 0.006 -17"><span class='ocrx_word' id='word_1_51' title='bbox 125 711 274 757; x_wconf 64' lang='lat' dir='ltr'><strong>inaltus,</strong></span> <span class='ocrx_word' id='word_1_52' title='bbox 302 711 448 761; x_wconf 88' lang='lat' dir='ltr'><strong>inquit,</strong></span> <span class='ocrx_word' id='word_1_53' title='bbox 478 711 522 749; x_wconf 79' lang='lat' dir='ltr'><strong>de</strong></span> <span class='ocrx_word' id='word_1_54' title='bbox 543 712 610 750; x_wconf 81' lang='lat' dir='ltr'><strong>hoc</strong></span> <span class='ocrx_word' id='word_1_55' title='bbox 636 710 941 764; x_wconf 82' lang='lat' dir='ltr'><strong>(Demosthenis)</strong></span> <span class='ocrx_word' id='word_1_56' title='bbox 975 718 1123 753; x_wconf 76' lang='lat' dir='ltr'><strong>nomine</strong></span> <span class='ocrx_word' id='word_1_57' title='bbox 1145 719 1308 755; x_wconf 75' lang='lat' dir='ltr'><strong>sentiant</strong></span> <span class='ocrx_word' id='word_1_58' title='bbox 1338 718 1513 756; x_wconf 79' lang='lat' dir='ltr'><strong>credant-</strong></span> 
     </span>
     <span class='ocr_line' id='line_1_9' title="bbox 121 776 917 830; baseline 0.008 -18"><span class='ocrx_word' id='word_1_59' title='bbox 121 790 189 830; x_wconf 75' lang='lat' dir='ltr'><strong>que</strong></span> <span class='ocrx_word' id='word_1_60' title='bbox 217 778 340 814; x_wconf 74' lang='lat' dir='ltr'><strong>Attice</strong></span> <span class='ocrx_word' id='word_1_61' title='bbox 369 776 488 815; x_wconf 63' lang='lat' dir='ltr'><strong>dicere</strong></span> <span class='ocrx_word' id='word_1_62' title='bbox 516 791 595 816; x_wconf 79' lang='lat' dir='ltr'><strong>esse</strong></span> <span class='ocrx_word' id='word_1_63' title='bbox 624 783 759 829; x_wconf 73' lang='lat' dir='ltr'><strong>optime</strong></span> <span class='ocrx_word' id='word_1_64' title='bbox 787 780 917 820; x_wconf 61' lang='lat' dir='ltr'><strong>«licere.</strong></span> 
     </span>
    </p>

    <p class='ocr_par' dir='ltr' id='par_1_5' title="bbox 117 843 1510 965">
     <span class='ocr_line' id='line_1_10' title="bbox 228 843 1510 902; baseline 0.004 -17"><span class='ocrx_word' id='word_1_65' title='bbox 228 843 425 885; x_wconf 92' lang='lat' dir='ltr'>LXXXV.</span> <span class='ocrx_word' id='word_1_66' title='bbox 487 846 580 885; x_wconf 83' lang='lat'><strong>292.</strong></span> <span class='ocrx_word' id='word_1_67' title='bbox 637 846 812 896; x_wconf 72' lang='lat' dir='ltr'><strong>ironiam]</strong></span> <span class='ocrx_word' id='word_1_68' title='bbox 846 847 1004 887; x_wconf 90' lang='lat' dir='ltr'><strong>eandem</strong></span> <span class='ocrx_word' id='word_1_69' title='bbox 1027 847 1185 888; x_wconf 89' lang='lat' dir='ltr'><strong>Socrati</strong></span> <span class='ocrx_word' id='word_1_70' title='bbox 1210 849 1249 888; x_wconf 92' lang='lat' dir='ltr'><strong>in</strong></span> <span class='ocrx_word' id='word_1_71' title='bbox 1277 850 1411 902; x_wconf 90' lang='lat' dir='ltr'><strong>primis</strong></span> <span class='ocrx_word' id='word_1_72' title='bbox 1438 851 1510 890; x_wconf 91' lang='lat' dir='ltr'><strong>tri-</strong></span> 
     </span>
     <span class='ocr_line' id='line_1_11' title="bbox 117 910 1505 965; baseline 0.004 -14"><span class='ocrx_word' id='word_1_73' title='bbox 117 910 200 951; x_wconf 84' lang='lat' dir='ltr'><strong>buit</strong></span> <span class='ocrx_word' id='word_1_74' title='bbox 229 910 276 949; x_wconf 92' lang='lat' dir='ltr'><strong>de</strong></span> <span class='ocrx_word' id='word_1_75' title='bbox 301 910 434 951; x_wconf 60' lang='lat'><strong>01211.</strong></span> <span class='ocrx_word' id='word_1_76' title='bbox 461 913 528 959; x_wconf 86' lang='lat'><strong>67,</strong></span> <span class='ocrx_word' id='word_1_77' title='bbox 551 913 644 952; x_wconf 79' lang='lat'><strong>270.</strong></span> <span class='ocrx_word' id='word_1_78' title='bbox 674 913 797 953; x_wconf 87' lang='lat' dir='ltr'><strong>Acad.</strong></span> <span class='ocrx_word' id='word_1_79' title='bbox 819 913 867 954; x_wconf 93' lang='grc' dir='ltr'><strong>Π.</strong></span> <span class='ocrx_word' id='word_1_80' title='bbox 892 914 937 962; x_wconf 82' lang='lat'><strong>5,</strong></span> <span class='ocrx_word' id='word_1_81' title='bbox 964 914 1029 954; x_wconf 82' lang='lat'><strong>15.</strong></span> <span class='ocrx_word' id='word_1_82' title='bbox 1062 914 1112 954; x_wconf 86' lang='lat' dir='ltr'><strong>cf.</strong></span> <span class='ocrx_word' id='word_1_83' title='bbox 1134 915 1240 954; x_wconf 86' lang='lat' dir='ltr'><strong>infra</strong></span> <span class='ocrx_word' id='word_1_84' title='bbox 1264 927 1296 955; x_wconf 87' lang='lat' dir='ltr'><strong>c.</strong></span> <span class='ocrx_word' id='word_1_85' title='bbox 1322 918 1388 965; x_wconf 80' lang='lat'><strong>87,</strong></span> <span class='ocrx_word' id='word_1_86' title='bbox 1411 919 1505 957; x_wconf 88' lang='grc'><strong>299.</strong></span> 
     </span>
    </p>

    <p class='ocr_par' dir='ltr' id='par_1_6' title="bbox 228 978 1506 1034">
     <span class='ocr_line' id='line_1_12' title="bbox 228 978 1506 1034; baseline 0.005 -19"><span class='ocrx_word' id='word_1_87' title='bbox 228 978 406 1027; x_wconf 75' lang='lat' dir='ltr'><strong>Epicuro]</strong></span> <span class='ocrx_word' id='word_1_88' title='bbox 440 978 486 1018; x_wconf 88' lang='lat' dir='ltr'><strong>de</strong></span> <span class='ocrx_word' id='word_1_89' title='bbox 509 978 714 1030; x_wconf 85' lang='lat' dir='ltr'><strong>Epicureis</strong></span> <span class='ocrx_word' id='word_1_90' title='bbox 746 984 851 1019; x_wconf 91' lang='lat' dir='ltr'><strong>certe</strong></span> <span class='ocrx_word' id='word_1_91' title='bbox 880 985 1051 1028; x_wconf 88' lang='lat' dir='ltr'><strong>constat,</strong></span> <span class='ocrx_word' id='word_1_92' title='bbox 1081 986 1124 1023; x_wconf 90' lang='lat' dir='ltr'><strong>ut</strong></span> <span class='ocrx_word' id='word_1_93' title='bbox 1153 980 1201 1020; x_wconf 89' lang='lat' dir='ltr'><strong>de</strong></span> <span class='ocrx_word' id='word_1_94' title='bbox 1222 982 1384 1021; x_wconf 87' lang='lat' dir='ltr'><strong>Zenone</strong></span> <span class='ocrx_word' id='word_1_95' title='bbox 1409 983 1506 1034; x_wconf 91' lang='lat' dir='ltr'><strong>Epi-</strong></span> 
     </span>
    </p>
   </div>
   <div class='ocr_carea' id='block_1_3' title="bbox 114 1044 1501 1165">
    <p class='ocr_par' dir='ltr' id='par_1_7' title="bbox 114 1044 1501 1165">
     <span class='ocr_line' id='line_1_13' title="bbox 114 1044 975 1093; baseline 0.001 -10"><span class='ocrx_word' id='word_1_96' title='bbox 114 1055 253 1092; x_wconf 87' lang='lat' dir='ltr'><strong>cureo,</strong></span> <span class='ocrx_word' id='word_1_97' title='bbox 283 1056 332 1084; x_wconf 90' lang='lat' dir='ltr'><strong>ex</strong></span> <span class='ocrx_word' id='word_1_98' title='bbox 360 1045 448 1084; x_wconf 89' lang='lat' dir='ltr'><strong>loco</strong></span> <span class='ocrx_word' id='word_1_99' title='bbox 478 1045 566 1084; x_wconf 87' lang='lat' dir='ltr'><strong>Nat.</strong></span> <span class='ocrx_word' id='word_1_100' title='bbox 596 1045 715 1085; x_wconf 90' lang='lat' dir='ltr'><strong>Deor.</strong></span> <span class='ocrx_word' id='word_1_101' title='bbox 741 1044 771 1084; x_wconf 93' lang='grc' dir='ltr'><strong>Ι.</strong></span> <span class='ocrx_word' id='word_1_102' title='bbox 803 1046 877 1093; x_wconf 86' lang='grc'><strong>34,</strong></span> <span class='ocrx_word' id='word_1_103' title='bbox 908 1047 975 1085; x_wconf 88' lang='grc'><strong>93.</strong></span> 
     </span>
     <span class='ocr_line' id='line_1_14' title="bbox 223 1110 1501 1165; baseline 0.002 -15"><span class='ocrx_word' id='word_1_104' title='bbox 223 1111 318 1150; x_wconf 86' lang='grc'><strong>293.</strong></span> <span class='ocrx_word' id='word_1_105' title='bbox 376 1124 448 1160; x_wconf 79' lang='lat' dir='ltr'><strong>quo</strong></span> <span class='ocrx_word' id='word_1_106' title='bbox 482 1111 576 1147; x_wconf 70' lang='lat' dir='ltr'><strong>nihil</strong></span> <span class='ocrx_word' id='word_1_107' title='bbox 603 1116 722 1160; x_wconf 80' lang='lat' dir='ltr'><strong>potest</strong></span> <span class='ocrx_word' id='word_1_108' title='bbox 754 1124 832 1148; x_wconf 83' lang='lat' dir='ltr'><strong>esse</strong></span> <span class='ocrx_word' id='word_1_109' title='bbox 859 1111 1008 1161; x_wconf 76' lang='lat' dir='ltr'><strong>pictius]</strong></span> <span class='ocrx_word' id='word_1_110' title='bbox 1047 1110 1168 1150; x_wconf 81' lang='lat' dir='ltr'><strong>miror</strong></span> <span class='ocrx_word' id='word_1_111' title='bbox 1195 1111 1501 1165; x_wconf 84' lang='lat' dir='ltr'><strong>Bernhardyum‚</strong></span> 
     </span>
    </p>
   </div>
   <div class='ocr_carea' id='block_1_4' title="bbox 45 1175 1501 2091">
    <p class='ocr_par' dir='ltr' id='par_1_8' title="bbox 45 1175 1501 2091">
     <span class='ocr_line' id='line_1_15' title="bbox 110 1175 1501 1230; baseline 0.004 -15"><span class='ocrx_word' id='word_1_112' title='bbox 110 1175 213 1229; x_wconf 81' lang='lat' dir='ltr'><strong>quod</strong></span> <span class='ocrx_word' id='word_1_113' title='bbox 240 1188 318 1216; x_wconf 92' lang='lat' dir='ltr'><strong>non</strong></span> <span class='ocrx_word' id='word_1_114' title='bbox 338 1177 584 1229; x_wconf 81' lang='lat' dir='ltr'><strong>perspexerit</strong></span> <span class='ocrx_word' id='word_1_115' title='bbox 613 1176 712 1216; x_wconf 89' lang='lat' dir='ltr'><strong>illud</strong></span> <span class='ocrx_word' id='word_1_116' title='bbox 739 1190 810 1227; x_wconf 86' lang='lat' dir='ltr'><strong>quo</strong></span> <span class='ocrx_word' id='word_1_117' title='bbox 833 1178 1057 1218; x_wconf 86' lang='lat' dir='ltr'><strong>necessario</strong></span> <span class='ocrx_word' id='word_1_118' title='bbox 1082 1177 1225 1218; x_wconf 84' lang='lat' dir='ltr'><strong>referri</strong></span> <span class='ocrx_word' id='word_1_119' title='bbox 1249 1179 1299 1218; x_wconf 91' lang='lat' dir='ltr'><strong>ad</strong></span> <span class='ocrx_word' id='word_1_120' title='bbox 1322 1176 1501 1230; x_wconf 64' lang='lat' dir='ltr'><strong>Lysiam</strong></span> 
     </span>
     <span class='ocr_line' id='line_1_16' title="bbox 109 1243 1499 1298; baseline 0.002 -15"><span class='ocrx_word' id='word_1_121' title='bbox 109 1244 165 1283; x_wconf 89' lang='lat' dir='ltr'><strong>sic</strong></span> <span class='ocrx_word' id='word_1_122' title='bbox 194 1244 234 1282; x_wconf 92' lang='lat' dir='ltr'><strong>in</strong></span> <span class='ocrx_word' id='word_1_123' title='bbox 257 1243 297 1282; x_wconf 90' lang='lat' dir='ltr'><strong>id</strong></span> <span class='ocrx_word' id='word_1_124' title='bbox 323 1243 478 1290; x_wconf 81' lang='lat' dir='ltr'><strong>incidit,</strong></span> <span class='ocrx_word' id='word_1_125' title='bbox 507 1249 549 1282; x_wconf 87' lang='lat' dir='ltr'><strong>ut</strong></span> <span class='ocrx_word' id='word_1_126' title='bbox 572 1246 712 1292; x_wconf 69' lang='lat' dir='ltr'><strong>pictam</strong></span> <span class='ocrx_word' id='word_1_127' title='bbox 736 1243 785 1282; x_wconf 86' lang='lat' dir='ltr'><strong>ab</strong></span> <span class='ocrx_word' id='word_1_128' title='bbox 808 1244 936 1284; x_wconf 88' lang='lat' dir='ltr'><strong>Attico</strong></span> <span class='ocrx_word' id='word_1_129' title='bbox 959 1243 1038 1283; x_wconf 91' lang='lat' dir='ltr'><strong>dici</strong></span> <span class='ocrx_word' id='word_1_130' title='bbox 1058 1248 1212 1296; x_wconf 86' lang='lat' dir='ltr'><strong>putaret</strong></span> <span class='ocrx_word' id='word_1_131' title='bbox 1237 1247 1499 1298; x_wconf 87' lang='lat' dir='ltr'><strong>comparatio-</strong></span> 
     </span>
     <span class='ocr_line' id='line_1_17' title="bbox 107 1309 1498 1364; baseline 0.003 -15"><span class='ocrx_word' id='word_1_132' title='bbox 107 1323 193 1350; x_wconf 89' lang='lat' dir='ltr'><strong>nem</strong></span> <span class='ocrx_word' id='word_1_133' title='bbox 221 1310 331 1349; x_wconf 88' lang='lat' dir='ltr'><strong>illam</strong></span> <span class='ocrx_word' id='word_1_134' title='bbox 353 1309 514 1350; x_wconf 83' lang='lat' dir='ltr'><strong>Catonis</strong></span> <span class='ocrx_word' id='word_1_135' title='bbox 544 1315 580 1349; x_wconf 89' lang='lat' dir='ltr'><strong>et</strong></span> <span class='ocrx_word' id='word_1_136' title='bbox 602 1309 765 1360; x_wconf 81' lang='lat' dir='ltr'><strong>Lysiae,</strong></span> <span class='ocrx_word' id='word_1_137' title='bbox 800 1321 900 1362; x_wconf 85' lang='lat' dir='ltr'><strong>quae</strong></span> <span class='ocrx_word' id='word_1_138' title='bbox 922 1311 1070 1350; x_wconf 87' lang='lat' dir='ltr'><strong>seilicet</strong></span> <span class='ocrx_word' id='word_1_139' title='bbox 1098 1311 1199 1351; x_wconf 89' lang='lat' dir='ltr'><strong>iusto</strong></span> <span class='ocrx_word' id='word_1_140' title='bbox 1225 1312 1498 1364; x_wconf 82' lang='lat' dir='ltr'><strong>pinguioribus</strong></span> 
     </span>
     <span class='ocr_line' id='line_1_18' title="bbox 104 1371 1498 1429; baseline 0.002 -12"><span class='ocrx_word' id='word_1_141' title='bbox 104 1377 313 1418; x_wconf 88' lang='lat' dir='ltr'><strong>luminibus</strong></span> <span class='ocrx_word' id='word_1_142' title='bbox 341 1388 373 1415; x_wconf 94' lang='lat' dir='ltr'><strong>s.</strong></span> <span class='ocrx_word' id='word_1_143' title='bbox 395 1371 610 1429; x_wconf 72' lang='grc' dir='ltr'><em>ληκύθοις</em></span> <span class='ocrx_word' id='word_1_144' title='bbox 639 1388 664 1414; x_wconf 88' lang='lat' dir='ltr'><strong>a</strong></span> <span class='ocrx_word' id='word_1_145' title='bbox 689 1376 878 1416; x_wconf 87' lang='lat' dir='ltr'><strong>Cicerone</strong></span> <span class='ocrx_word' id='word_1_146' title='bbox 908 1377 958 1416; x_wconf 91' lang='lat' dir='ltr'><strong>sit</strong></span> <span class='ocrx_word' id='word_1_147' title='bbox 981 1382 1182 1417; x_wconf 89' lang='lat' dir='ltr'><strong>exornata.</strong></span> <span class='ocrx_word' id='word_1_148' title='bbox 1240 1380 1291 1418; x_wconf 92' lang='lat' dir='ltr'><strong>At</strong></span> <span class='ocrx_word' id='word_1_149' title='bbox 1317 1384 1396 1418; x_wconf 88' lang='lat' dir='ltr'><strong>tum</strong></span> <span class='ocrx_word' id='word_1_150' title='bbox 1419 1392 1498 1420; x_wconf 87' lang='lat' dir='ltr'><strong>non</strong></span> 
     </span>
     <span class='ocr_line' id='line_1_19' title="bbox 103 1442 1496 1496; baseline 0.001 -14"><span class='ocrx_word' id='word_1_151' title='bbox 103 1443 228 1496; x_wconf 89' lang='lat' dir='ltr'><strong>potuit</strong></span> <span class='ocrx_word' id='word_1_152' title='bbox 258 1442 334 1482; x_wconf 91' lang='lat' dir='ltr'><strong>dici</strong></span> <span class='ocrx_word' id='word_1_153' title='bbox 362 1456 455 1492; x_wconf 76' lang='grc' dir='ltr'><strong>(μιο,</strong></span> <span class='ocrx_word' id='word_1_154' title='bbox 487 1442 555 1481; x_wconf 88' lang='lat' dir='ltr'><strong>sed</strong></span> <span class='ocrx_word' id='word_1_155' title='bbox 583 1443 674 1489; x_wconf 78' lang='lat' dir='ltr'><strong>hoc3</strong></span> <span class='ocrx_word' id='word_1_156' title='bbox 707 1443 798 1494; x_wconf 86' lang='lat' dir='ltr'><strong>quin</strong></span> <span class='ocrx_word' id='word_1_157' title='bbox 829 1443 1045 1483; x_wconf 88' lang='lat' dir='ltr'><strong>addendum</strong></span> <span class='ocrx_word' id='word_1_158' title='bbox 1074 1444 1197 1484; x_wconf 79' lang='lat' dir='ltr'><strong>fuisse</strong></span> <span class='ocrx_word' id='word_1_159' title='bbox 1217 1445 1371 1485; x_wconf 76' lang='lat' dir='ltr'><strong>videtur</strong></span> <span class='ocrx_word' id='word_1_160' title='bbox 1400 1452 1496 1485; x_wconf 80' lang='lat' dir='ltr'><strong>certe</strong></span> 
     </span>
     <span class='ocr_line' id='line_1_20' title="bbox 104 1509 1496 1563; baseline 0.001 -13"><span class='ocrx_word' id='word_1_161' title='bbox 104 1523 134 1550; x_wconf 90' lang='lat' dir='ltr'><strong>s.</strong></span> <span class='ocrx_word' id='word_1_162' title='bbox 165 1523 268 1547; x_wconf 76' lang='lat' dir='ltr'><strong>sane.</strong></span> <span class='ocrx_word' id='word_1_163' title='bbox 326 1511 454 1546; x_wconf 71' lang='lat' dir='ltr'><strong>Pictus</strong></span> <span class='ocrx_word' id='word_1_164' title='bbox 491 1520 568 1548; x_wconf 90' lang='lat' dir='ltr'><strong>non</strong></span> <span class='ocrx_word' id='word_1_165' title='bbox 597 1513 725 1560; x_wconf 89' lang='lat' dir='ltr'><strong>potest</strong></span> <span class='ocrx_word' id='word_1_166' title='bbox 761 1510 836 1548; x_wconf 92' lang='lat' dir='ltr'><strong>nisi</strong></span> <span class='ocrx_word' id='word_1_167' title='bbox 873 1509 920 1549; x_wconf 88' lang='lat' dir='ltr'><strong>de</strong></span> <span class='ocrx_word' id='word_1_168' title='bbox 948 1511 1072 1562; x_wconf 91' lang='lat' dir='ltr'><strong>polito</strong></span> <span class='ocrx_word' id='word_1_169' title='bbox 1101 1512 1246 1563; x_wconf 74' lang='lat' dir='ltr'><strong>Lysiae</strong></span> <span class='ocrx_word' id='word_1_170' title='bbox 1277 1513 1318 1551; x_wconf 90' lang='lat' dir='ltr'><strong>in</strong></span> <span class='ocrx_word' id='word_1_171' title='bbox 1348 1525 1496 1552; x_wconf 86' lang='lat' dir='ltr'><strong>summa</strong></span> 
     </span>
     <span class='ocr_line' id='line_1_21' title="bbox 103 1574 1494 1629; baseline 0.001 -12"><span class='ocrx_word' id='word_1_172' title='bbox 103 1576 349 1629; x_wconf 84' lang='lat' dir='ltr'><strong>simplicitate</strong></span> <span class='ocrx_word' id='word_1_173' title='bbox 385 1574 538 1614; x_wconf 91' lang='lat' dir='ltr'><strong>dicendi</strong></span> <span class='ocrx_word' id='word_1_174' title='bbox 563 1586 707 1626; x_wconf 84' lang='lat' dir='ltr'><strong>genere</strong></span> <span class='ocrx_word' id='word_1_175' title='bbox 742 1576 913 1627; x_wconf 83' lang='lat' dir='ltr'><strong>intelligi</strong></span> <span class='ocrx_word' id='word_1_176' title='bbox 949 1589 1019 1617; x_wconf 89' lang='lat' dir='ltr'><strong>nec</strong></span> <span class='ocrx_word' id='word_1_177' title='bbox 1048 1578 1185 1617; x_wconf 91' lang='lat' dir='ltr'><strong>mirum</strong></span> <span class='ocrx_word' id='word_1_178' title='bbox 1216 1584 1273 1619; x_wconf 89' lang='lat' dir='ltr'><strong>est</strong></span> <span class='ocrx_word' id='word_1_179' title='bbox 1302 1580 1494 1619; x_wconf 89' lang='lat' dir='ltr'><strong>hominem</strong></span> 
     </span>
     <span class='ocr_line' id='line_1_22' title="bbox 100 1642 1491 1695; baseline 0.002 -12"><span class='ocrx_word' id='word_1_180' title='bbox 100 1644 250 1683; x_wconf 91' lang='lat' dir='ltr'><strong>tenuius</strong></span> <span class='ocrx_word' id='word_1_181' title='bbox 275 1642 404 1682; x_wconf 88' lang='lat' dir='ltr'><strong>dicere</strong></span> <span class='ocrx_word' id='word_1_182' title='bbox 428 1642 584 1681; x_wconf 90' lang='lat' dir='ltr'><strong>solitum</strong></span> <span class='ocrx_word' id='word_1_183' title='bbox 606 1642 726 1694; x_wconf 87' lang='lat' dir='ltr'><strong>paulo</strong></span> <span class='ocrx_word' id='word_1_184' title='bbox 756 1643 946 1695; x_wconf 86' lang='lat' dir='ltr'><strong>ampliore</strong></span> <span class='ocrx_word' id='word_1_185' title='bbox 970 1644 1087 1683; x_wconf 90' lang='lat' dir='ltr'><strong>laude</strong></span> <span class='ocrx_word' id='word_1_186' title='bbox 1115 1645 1163 1683; x_wconf 89' lang='lat' dir='ltr'><strong>ab</strong></span> <span class='ocrx_word' id='word_1_187' title='bbox 1186 1646 1314 1686; x_wconf 88' lang='lat' dir='ltr'><strong>Attico</strong></span> <span class='ocrx_word' id='word_1_188' title='bbox 1337 1647 1471 1686; x_wconf 88' lang='lat' dir='ltr'><strong>ornari</strong></span> <span class='ocrx_word' id='word_1_189' title='bbox 1480 1662 1491 1695; x_wconf 92' lang='lat'>;</span> 
     </span>
     <span class='ocr_line' id='line_1_23' title="bbox 45 1706 1490 1765; baseline 0.003 -16"><span class='ocrx_word' id='word_1_190' title='bbox 45 1721 49 1725; x_wconf 91' lang='lat'>·</span> <span class='ocrx_word' id='word_1_191' title='bbox 98 1723 186 1750; x_wconf 87' lang='lat' dir='ltr'><strong>nam</strong></span> <span class='ocrx_word' id='word_1_192' title='bbox 222 1709 263 1749; x_wconf 90' lang='lat' dir='ltr'><strong>id</strong></span> <span class='ocrx_word' id='word_1_193' title='bbox 297 1714 334 1749; x_wconf 94' lang='lat' dir='ltr'><strong>et</strong></span> <span class='ocrx_word' id='word_1_194' title='bbox 364 1706 605 1763; x_wconf 79' lang='grc' dir='ltr'><strong><em>φιλέλληνα</em></strong></span> <span class='ocrx_word' id='word_1_195' title='bbox 635 1708 745 1748; x_wconf 88' lang='lat' dir='ltr'><strong>decet</strong></span> <span class='ocrx_word' id='word_1_196' title='bbox 776 1715 812 1749; x_wconf 94' lang='lat' dir='ltr'><strong>et</strong></span> <span class='ocrx_word' id='word_1_197' title='bbox 841 1710 921 1750; x_wconf 91' lang='lat' dir='ltr'><strong>illis</strong></span> <span class='ocrx_word' id='word_1_198' title='bbox 951 1710 1132 1750; x_wconf 83' lang='lat' dir='ltr'><strong>laudibus</strong></span> <span class='ocrx_word' id='word_1_199' title='bbox 1161 1712 1352 1761; x_wconf 86' lang='lat' dir='ltr'><strong>refertur,</strong></span> <span class='ocrx_word' id='word_1_200' title='bbox 1391 1724 1490 1765; x_wconf 86' lang='lat' dir='ltr'><strong>quas</strong></span> 
     </span>
     <span class='ocr_line' id='line_1_24' title="bbox 97 1776 1490 1828; baseline 0.001 -11"><span class='ocrx_word' id='word_1_201' title='bbox 97 1778 236 1818; x_wconf 88' lang='lat' dir='ltr'><strong>Cicero</strong></span> <span class='ocrx_word' id='word_1_202' title='bbox 276 1781 366 1817; x_wconf 89' lang='lat' dir='ltr'><strong>ante</strong></span> <span class='ocrx_word' id='word_1_203' title='bbox 401 1776 441 1814; x_wconf 93' lang='lat' dir='ltr'><strong>in</strong></span> <span class='ocrx_word' id='word_1_204' title='bbox 481 1776 668 1816; x_wconf 89' lang='lat' dir='ltr'><strong>Catonem</strong></span> <span class='ocrx_word' id='word_1_205' title='bbox 707 1777 936 1817; x_wconf 88' lang='lat' dir='ltr'><strong>contulerat.</strong></span> <span class='ocrx_word' id='word_1_206' title='bbox 994 1780 1140 1814; x_wconf 66' lang='lat' dir='ltr'><strong>Pictum</strong></span> <span class='ocrx_word' id='word_1_207' title='bbox 1179 1784 1213 1816; x_wconf 81' lang='lat' dir='ltr'><strong>et</strong></span> <span class='ocrx_word' id='word_1_208' title='bbox 1249 1780 1406 1828; x_wconf 64' lang='lat' dir='ltr'><strong>politum</strong></span> <span class='ocrx_word' id='word_1_209' title='bbox 1441 1779 1490 1818; x_wconf 91' lang='lat' dir='ltr'><strong>de</strong></span> 
     </span>
     <span class='ocr_line' id='line_1_25' title="bbox 95 1843 1488 1895; baseline 0 -11"><span class='ocrx_word' id='word_1_210' title='bbox 95 1844 312 1884; x_wconf 89' lang='lat' dir='ltr'><strong>lautissimo</strong></span> <span class='ocrx_word' id='word_1_211' title='bbox 344 1846 503 1881; x_wconf 86' lang='lat' dir='ltr'><strong>ornatus</strong></span> <span class='ocrx_word' id='word_1_212' title='bbox 529 1853 675 1892; x_wconf 85' lang='lat' dir='ltr'><strong>genere</strong></span> <span class='ocrx_word' id='word_1_213' title='bbox 705 1844 903 1883; x_wconf 86' lang='lat' dir='ltr'><strong>coniunxit</strong></span> <span class='ocrx_word' id='word_1_214' title='bbox 926 1843 1064 1882; x_wconf 88' lang='lat' dir='ltr'><strong>Cicero</strong></span> <span class='ocrx_word' id='word_1_215' title='bbox 1088 1844 1167 1882; x_wconf 90' lang='lat' dir='ltr'><strong>Att.</strong></span> <span class='ocrx_word' id='word_1_216' title='bbox 1190 1843 1240 1883; x_wconf 90' lang='grc' dir='ltr'><strong>ΙΙ.</strong></span> <span class='ocrx_word' id='word_1_217' title='bbox 1265 1846 1352 1892; x_wconf 88' lang='grc'><strong>21.,</strong></span> <span class='ocrx_word' id='word_1_218' title='bbox 1384 1844 1488 1895; x_wconf 87' lang='lat' dir='ltr'><strong>quod</strong></span> 
     </span>
     <span class='ocr_line' id='line_1_26' title="bbox 95 1908 1487 1962; baseline 0 -12"><span class='ocrx_word' id='word_1_219' title='bbox 95 1912 129 1950; x_wconf 91' lang='lat' dir='ltr'><strong>si</strong></span> <span class='ocrx_word' id='word_1_220' title='bbox 169 1911 255 1962; x_wconf 88' lang='lat' dir='ltr'><strong>quis</strong></span> <span class='ocrx_word' id='word_1_221' title='bbox 285 1909 478 1949; x_wconf 83' lang='lat' dir='ltr'><strong>diversum</strong></span> <span class='ocrx_word' id='word_1_222' title='bbox 517 1908 676 1956; x_wconf 86' lang='lat' dir='ltr'><strong>dixerit,</strong></span> <span class='ocrx_word' id='word_1_223' title='bbox 718 1909 812 1959; x_wconf 87' lang='lat' dir='ltr'><strong>quia</strong></span> <span class='ocrx_word' id='word_1_224' title='bbox 849 1908 896 1947; x_wconf 91' lang='lat' dir='ltr'><strong>de</strong></span> <span class='ocrx_word' id='word_1_225' title='bbox 923 1908 1121 1947; x_wconf 90' lang='lat' dir='ltr'><strong>laudando</strong></span> <span class='ocrx_word' id='word_1_226' title='bbox 1150 1909 1305 1950; x_wconf 87' lang='lat' dir='ltr'><strong>homine</strong></span> <span class='ocrx_word' id='word_1_227' title='bbox 1333 1909 1487 1960; x_wconf 86' lang='lat' dir='ltr'><strong>dicitur,</strong></span> 
     </span>
     <span class='ocr_line' id='line_1_27' title="bbox 94 1974 1486 2023; baseline -0.001 -6"><span class='ocrx_word' id='word_1_228' title='bbox 94 1989 170 2018; x_wconf 89' lang='lat' dir='ltr'><strong>non</strong></span> <span class='ocrx_word' id='word_1_229' title='bbox 201 1976 249 2015; x_wconf 90' lang='lat' dir='ltr'><strong>de</strong></span> <span class='ocrx_word' id='word_1_230' title='bbox 281 1975 469 2015; x_wconf 86' lang='lat' dir='ltr'><strong>orationis</strong></span> <span class='ocrx_word' id='word_1_231' title='bbox 499 1979 639 2013; x_wconf 89' lang='lat' dir='ltr'><strong>ornatu</strong></span> <span class='ocrx_word' id='word_1_232' title='bbox 672 1974 872 2023; x_wconf 89' lang='lat' dir='ltr'><strong>universe,</strong></span> <span class='ocrx_word' id='word_1_233' title='bbox 910 1975 1130 2015; x_wconf 86' lang='lat' dir='ltr'><strong>consideret</strong></span> <span class='ocrx_word' id='word_1_234' title='bbox 1159 1975 1275 2017; x_wconf 80' lang='lat' dir='ltr'><strong>velim</strong></span> <span class='ocrx_word' id='word_1_235' title='bbox 1305 1977 1486 2016; x_wconf 91' lang='lat' dir='ltr'><strong>Oratoris</strong></span> 
     </span>
     <span class='ocr_line' id='line_1_28' title="bbox 93 2040 1486 2091; baseline 0.001 -10"><span class='ocrx_word' id='word_1_236' title='bbox 93 2045 159 2091; x_wconf 84' lang='lat'><strong>27,</strong></span> <span class='ocrx_word' id='word_1_237' title='bbox 184 2043 258 2083; x_wconf 82' lang='lat'><strong>96:</strong></span> <span class='ocrx_word' id='word_1_238' title='bbox 300 2047 354 2079; x_wconf 84' lang='lat' dir='ltr'><strong>est</strong></span> <span class='ocrx_word' id='word_1_239' title='bbox 391 2043 488 2078; x_wconf 79' lang='lat' dir='ltr'><strong>enim</strong></span> <span class='ocrx_word' id='word_1_240' title='bbox 526 2040 713 2091; x_wconf 75' lang='lat' dir='ltr'><strong>quoddam</strong></span> <span class='ocrx_word' id='word_1_241' title='bbox 749 2044 862 2079; x_wconf 80' lang='lat' dir='ltr'><strong>etiam</strong></span> <span class='ocrx_word' id='word_1_242' title='bbox 896 2044 1039 2090; x_wconf 66' lang='lat' dir='ltr'><strong>insigne</strong></span> <span class='ocrx_word' id='word_1_243' title='bbox 1067 2047 1102 2078; x_wconf 81' lang='lat' dir='ltr'><strong>ct</strong></span> <span class='ocrx_word' id='word_1_244' title='bbox 1129 2041 1269 2089; x_wconf 60' lang='lat' dir='ltr'><strong>florens</strong></span> <span class='ocrx_word' id='word_1_245' title='bbox 1300 2046 1486 2083; x_wconf 71' lang='lat' dir='ltr'><strong>orationis</strong></span> 
     </span>
    </p>
   </div>
   <div class='ocr_carea' id='block_1_5' title="bbox 90 2108 1482 2224">
    <p class='ocr_par' dir='ltr' id='par_1_9' title="bbox 90 2108 1482 2224">
     <span class='ocr_line' id='line_1_29' title="bbox 90 2108 680 2160; baseline -0.008 -12"><span class='ocrx_word' id='word_1_246' title='bbox 90 2113 229 2160; x_wconf 68' lang='lat' dir='ltr'><strong>pictum</strong></span> <span class='ocrx_word' id='word_1_247' title='bbox 258 2114 291 2147; x_wconf 80' lang='lat' dir='ltr'><strong>et</strong></span> <span class='ocrx_word' id='word_1_248' title='bbox 320 2108 525 2157; x_wconf 71' lang='lat' dir='ltr'><strong>expolitum</strong></span> <span class='ocrx_word' id='word_1_249' title='bbox 553 2119 680 2155; x_wconf 71' lang='lat' dir='ltr'><strong>genus.</strong></span> 
     </span>
     <span class='ocr_line' id='line_1_30' title="bbox 204 2170 1482 2224; baseline 0.004 -15"><span class='ocrx_word' id='word_1_250' title='bbox 204 2176 299 2214; x_wconf 80' lang='grc'><strong>294.</strong></span> <span class='ocrx_word' id='word_1_251' title='bbox 360 2171 627 2220; x_wconf 74' lang='lat' dir='ltr'><strong>Tusculanum]</strong></span> <span class='ocrx_word' id='word_1_252' title='bbox 659 2170 912 2223; x_wconf 86' lang='lat' dir='ltr'><strong>oppidanum,</strong></span> <span class='ocrx_word' id='word_1_253' title='bbox 943 2171 982 2210; x_wconf 90' lang='lat' dir='ltr'><strong>in</strong></span> <span class='ocrx_word' id='word_1_254' title='bbox 1006 2184 1118 2224; x_wconf 85' lang='lat' dir='ltr'><strong>quem</strong></span> <span class='ocrx_word' id='word_1_255' title='bbox 1140 2173 1370 2213; x_wconf 82' lang='lat' dir='ltr'><strong>urbanitatis</strong></span> <span class='ocrx_word' id='word_1_256' title='bbox 1394 2174 1482 2214; x_wconf 88' lang='lat' dir='ltr'><strong>laus</strong></span> 
     </span>
    </p>
   </div>
   <div class='ocr_carea' id='block_1_6' title="bbox 87 2237 1482 2760">
    <p class='ocr_par' dir='ltr' id='par_1_10' title="bbox 87 2237 1482 2760">
     <span class='ocr_line' id='line_1_31' title="bbox 89 2237 1482 2293; baseline 0 -12"><span class='ocrx_word' id='word_1_257' title='bbox 89 2243 168 2282; x_wconf 86' lang='lat' dir='ltr'><strong>iam</strong></span> <span class='ocrx_word' id='word_1_258' title='bbox 204 2245 366 2293; x_wconf 88' lang='lat' dir='ltr'><strong>propter</strong></span> <span class='ocrx_word' id='word_1_259' title='bbox 395 2244 519 2279; x_wconf 88' lang='lat' dir='ltr'><strong>ortum</strong></span> <span class='ocrx_word' id='word_1_260' title='bbox 557 2237 699 2278; x_wconf 87' lang='lat' dir='ltr'><strong>cadere</strong></span> <span class='ocrx_word' id='word_1_261' title='bbox 733 2250 810 2277; x_wconf 91' lang='lat' dir='ltr'><strong>non</strong></span> <span class='ocrx_word' id='word_1_262' title='bbox 839 2244 985 2290; x_wconf 87' lang='lat' dir='ltr'><strong>posset.</strong></span> <span class='ocrx_word' id='word_1_263' title='bbox 1043 2240 1219 2279; x_wconf 89' lang='lat' dir='ltr'><strong>Omnium</strong></span> <span class='ocrx_word' id='word_1_264' title='bbox 1253 2241 1353 2280; x_wconf 89' lang='lat' dir='ltr'><strong>enim</strong></span> <span class='ocrx_word' id='word_1_265' title='bbox 1386 2242 1482 2281; x_wconf 82' lang='lat' dir='ltr'><strong>civi-</strong></span> 
     </span>
     <span class='ocr_line' id='line_1_32' title="bbox 88 2305 1482 2360; baseline -0.001 -12"><span class='ocrx_word' id='word_1_266' title='bbox 88 2313 228 2354; x_wconf 81' lang='lat' dir='ltr'><strong>tatum,</strong></span> <span class='ocrx_word' id='word_1_267' title='bbox 277 2307 343 2359; x_wconf 86' lang='lat' dir='ltr'><strong>qui</strong></span> <span class='ocrx_word' id='word_1_268' title='bbox 382 2318 484 2346; x_wconf 85' lang='lat' dir='ltr'><strong>novo</strong></span> <span class='ocrx_word' id='word_1_269' title='bbox 524 2305 639 2346; x_wconf 86' lang='lat' dir='ltr'><strong>Latio</strong></span> <span class='ocrx_word' id='word_1_270' title='bbox 685 2305 1008 2354; x_wconf 85' lang='lat' dir='ltr'><strong>accensebantur,</strong></span> <span class='ocrx_word' id='word_1_271' title='bbox 1056 2306 1266 2346; x_wconf 90' lang='lat' dir='ltr'><strong>Tusculum</strong></span> <span class='ocrx_word' id='word_1_272' title='bbox 1303 2308 1482 2360; x_wconf 88' lang='lat' dir='ltr'><strong>plurimis</strong></span> 
     </span>
     <span class='ocr_line' id='line_1_33' title="bbox 88 2372 1481 2427; baseline -0.001 -12"><span class='ocrx_word' id='word_1_273' title='bbox 88 2375 271 2426; x_wconf 78' lang='lat' dir='ltr'><strong>gentibus</strong></span> <span class='ocrx_word' id='word_1_274' title='bbox 309 2373 458 2413; x_wconf 86' lang='lat' dir='ltr'><strong>Romae</strong></span> <span class='ocrx_word' id='word_1_275' title='bbox 495 2372 738 2412; x_wconf 84' lang='lat' dir='ltr'><strong>nobilitatem</strong></span> <span class='ocrx_word' id='word_1_276' title='bbox 773 2373 961 2412; x_wconf 81' lang='lat' dir='ltr'><strong>assecutis</strong></span> <span class='ocrx_word' id='word_1_277' title='bbox 995 2378 1120 2413; x_wconf 90' lang='lat' dir='ltr'><strong>ortum</strong></span> <span class='ocrx_word' id='word_1_278' title='bbox 1158 2373 1282 2423; x_wconf 89' lang='lat' dir='ltr'><strong>dedit,</strong></span> <span class='ocrx_word' id='word_1_279' title='bbox 1321 2379 1481 2427; x_wconf 88' lang='lat' dir='ltr'><strong>praeter</strong></span> 
     </span>
     <span class='ocr_line' id='line_1_34' title="bbox 88 2439 1478 2492; baseline -0.001 -10"><span class='ocrx_word' id='word_1_280' title='bbox 88 2442 269 2483; x_wconf 84' lang='lat' dir='ltr'><strong>Porciam</strong></span> <span class='ocrx_word' id='word_1_281' title='bbox 303 2440 467 2480; x_wconf 83' lang='lat' dir='ltr'><strong>Fulviae</strong></span> <span class='ocrx_word' id='word_1_282' title='bbox 499 2439 705 2479; x_wconf 75' lang='lat' dir='ltr'><strong>Iuvenoiae</strong></span> <span class='ocrx_word' id='word_1_283' title='bbox 732 2439 920 2479; x_wconf 87' lang='lat' dir='ltr'><strong>Fonteiae</strong></span> <span class='ocrx_word' id='word_1_284' title='bbox 951 2440 1051 2489; x_wconf 89' lang='lat' dir='ltr'><strong>(Cic.</strong></span> <span class='ocrx_word' id='word_1_285' title='bbox 1072 2441 1184 2480; x_wconf 90' lang='lat' dir='ltr'><strong>Font.</strong></span> <span class='ocrx_word' id='word_1_286' title='bbox 1211 2440 1294 2492; x_wconf 85' lang='lat'><strong>14.)</strong></span> <span class='ocrx_word' id='word_1_287' title='bbox 1327 2440 1478 2482; x_wconf 88' lang='lat' dir='ltr'><strong>Corun-</strong></span> 
     </span>
     <span class='ocr_line' id='line_1_35' title="bbox 87 2506 1480 2557; baseline -0.001 -9"><span class='ocrx_word' id='word_1_288' title='bbox 87 2508 225 2548; x_wconf 90' lang='lat' dir='ltr'><strong>caniae</strong></span> <span class='ocrx_word' id='word_1_289' title='bbox 256 2506 355 2557; x_wconf 90' lang='lat' dir='ltr'><strong>(Cic.</strong></span> <span class='ocrx_word' id='word_1_290' title='bbox 385 2507 520 2548; x_wconf 83' lang='lat' dir='ltr'><strong>Plano.</strong></span> <span class='ocrx_word' id='word_1_291' title='bbox 551 2507 597 2554; x_wconf 77' lang='lat'><strong>8,</strong></span> <span class='ocrx_word' id='word_1_292' title='bbox 626 2507 694 2546; x_wconf 87' lang='lat'><strong>40.</strong></span> <span class='ocrx_word' id='word_1_293' title='bbox 737 2506 837 2546; x_wconf 89' lang='lat' dir='ltr'><strong>Plin.</strong></span> <span class='ocrx_word' id='word_1_294' title='bbox 867 2506 914 2546; x_wconf 93' lang='lat' dir='ltr'><strong>H.</strong></span> <span class='ocrx_word' id='word_1_295' title='bbox 946 2506 992 2546; x_wconf 93' lang='lat' dir='ltr'><strong>N.</strong></span> <span class='ocrx_word' id='word_1_296' title='bbox 1023 2507 1105 2548; x_wconf 91' lang='lat' dir='ltr'><strong>VII.</strong></span> <span class='ocrx_word' id='word_1_297' title='bbox 1135 2509 1228 2556; x_wconf 87' lang='lat'><strong>43.;</strong></span> <span class='ocrx_word' id='word_1_298' title='bbox 1269 2520 1340 2548; x_wconf 88' lang='lat' dir='ltr'><strong>nec</strong></span> <span class='ocrx_word' id='word_1_299' title='bbox 1373 2507 1480 2548; x_wconf 84' lang='lat' dir='ltr'><strong>valet</strong></span> 
     </span>
     <span class='ocr_line' id='line_1_36' title="bbox 87 2572 1479 2615; baseline -0.001 0"><span class='ocrx_word' id='word_1_300' title='bbox 87 2580 224 2615; x_wconf 89' lang='lat' dir='ltr'><strong>contra</strong></span> <span class='ocrx_word' id='word_1_301' title='bbox 261 2575 333 2614; x_wconf 90' lang='lat' dir='ltr'><strong>hos</strong></span> <span class='ocrx_word' id='word_1_302' title='bbox 368 2579 547 2614; x_wconf 86' lang='lat' dir='ltr'><strong>auctores</strong></span> <span class='ocrx_word' id='word_1_303' title='bbox 576 2573 705 2613; x_wconf 85' lang='lat' dir='ltr'><strong>Taciti</strong></span> <span class='ocrx_word' id='word_1_304' title='bbox 742 2572 938 2612; x_wconf 82' lang='lat' dir='ltr'><strong>dissensus</strong></span> <span class='ocrx_word' id='word_1_305' title='bbox 966 2574 1065 2613; x_wconf 90' lang='lat' dir='ltr'><strong>Ann.</strong></span> <span class='ocrx_word' id='word_1_306' title='bbox 1094 2574 1166 2614; x_wconf 91' lang='lat' dir='ltr'><strong>XI.</strong></span> <span class='ocrx_word' id='word_1_307' title='bbox 1196 2576 1264 2614; x_wconf 77' lang='lat'><strong>24.</strong></span> <span class='ocrx_word' id='word_1_308' title='bbox 1322 2573 1479 2614; x_wconf 85' lang='lat' dir='ltr'><strong>Claudii</strong></span> 
     </span>
     <span class='ocr_line' id='line_1_37' title="bbox 87 2639 1477 2693; baseline -0.001 -12"><span class='ocrx_word' id='word_1_309' title='bbox 87 2641 271 2682; x_wconf 85' lang='lat' dir='ltr'><strong>Caesaris</strong></span> <span class='ocrx_word' id='word_1_310' title='bbox 304 2641 519 2681; x_wconf 89' lang='lat' dir='ltr'><strong>orationem</strong></span> <span class='ocrx_word' id='word_1_311' title='bbox 549 2639 774 2690; x_wconf 82' lang='lat' dir='ltr'><strong>referentis)</strong></span> <span class='ocrx_word' id='word_1_312' title='bbox 804 2645 840 2679; x_wconf 90' lang='lat' dir='ltr'><strong>et</strong></span> <span class='ocrx_word' id='word_1_313' title='bbox 870 2641 1036 2680; x_wconf 91' lang='lat' dir='ltr'><strong>omnium</strong></span> <span class='ocrx_word' id='word_1_314' title='bbox 1065 2641 1357 2693; x_wconf 86' lang='lat' dir='ltr'><strong>antiquissimae</strong></span> <span class='ocrx_word' id='word_1_315' title='bbox 1385 2641 1477 2681; x_wconf 84' lang='lat' dir='ltr'><strong>Ma-</strong></span> 
     </span>
     <span class='ocr_line' id='line_1_38' title="bbox 89 2705 1477 2760; baseline -0.001 -11"><span class='ocrx_word' id='word_1_316' title='bbox 89 2709 234 2749; x_wconf 87' lang='lat' dir='ltr'><strong>miliae.</strong></span> <span class='ocrx_word' id='word_1_317' title='bbox 264 2708 343 2750; x_wconf 88' lang='lat' dir='ltr'><strong>Sed</strong></span> <span class='ocrx_word' id='word_1_318' title='bbox 366 2709 580 2750; x_wconf 87' lang='lat' dir='ltr'><strong>Praeneste</strong></span> <span class='ocrx_word' id='word_1_319' title='bbox 601 2706 767 2749; x_wconf 89' lang='lat' dir='ltr'><strong>oriunda</strong></span> <span class='ocrx_word' id='word_1_320' title='bbox 789 2705 966 2749; x_wconf 84' lang='lat' dir='ltr'><strong>Caecilia</strong></span> <span class='ocrx_word' id='word_1_321' title='bbox 987 2719 1109 2760; x_wconf 83' lang='lat' dir='ltr'><strong>genus</strong></span> <span class='ocrx_word' id='word_1_322' title='bbox 1131 2720 1156 2748; x_wconf 85' lang='lat' dir='ltr'><strong>a</strong></span> <span class='ocrx_word' id='word_1_323' title='bbox 1172 2706 1342 2749; x_wconf 89' lang='lat' dir='ltr'><strong>Caeculo</strong></span> <span class='ocrx_word' id='word_1_324' title='bbox 1363 2706 1477 2748; x_wconf 83' lang='lat' dir='ltr'><strong>sabu-</strong></span> 
     </span>
    </p>
   </div>
  </div>
 </body>
</html>
