1835 3126
332 156 529 200 BREVlS
560 155 954 208 ELOQUENTIAE
985 156 1120 200 ROM.
1152 156 1295 200 lllST.
1423 158 1508 203 83

119 271 310 312 citandam
350 271 638 311 accommodate
664 269 746 322 (¹5).
806 271 894 321 Qua
932 284 975 312 re
1013 272 1169 312 multum
1211 273 1260 312 ab
1300 272 1507 312 Hortensio

118 339 307 387 distabat,
348 339 415 390 qui
450 350 592 389 magno
621 339 829 379 verborum
865 351 961 380 sono
992 340 1219 392 crebrisque
1247 340 1509 379 Asiaticorum

118 411 317 445 oratorum
353 407 551 446 sententiis
583 407 783 455 utebatur3
823 408 948 458 magis
980 408 1096 447 etiam
1136 419 1162 446 a
1192 407 1403 456 Cicerone,
1443 406 1508 458 qui

117 472 282 514 alterum
312 478 474 523 natura,
504 473 670 514 alterum
700 474 878 514 doctrina
906 475 1130 527 superabat.

748 585 782 638 ς.
815 589 880 627 31.

708 662 747 697 C.
774 662 918 697 Caesar.

228 742 337 782 Tunc
368 743 440 782 fuit
469 744 584 782 etiam
614 744 790 779 alutias
815 744 955 779 Caesar
974 741 1132 785 Strabo,
1160 741 1206 788 Q.
1226 742 1356 781 Catuli
1386 740 1510 781 frater

116 809 307 848 uterinus:
338 815 462 847 mater
491 809 591 847 enim
618 808 730 846 huius
754 807 913 859 Popilia
940 806 1118 845 secundis
1140 808 1282 858 nuptiis
1310 807 1350 844 in
1375 807 1509 845 matri-

115 876 282 914 monium
311 876 356 914 L.
389 874 573 926 Caesaris
605 875 697 915 Sex,
726 874 770 913 F.
803 878 1072 921 concesserat;
1112 873 1168 912 ita
1201 873 1351 913 Caesar
1382 884 1509 924 paene

114 943 278 993 triginta
314 943 424 981 annis
454 942 578 981 fratre
616 942 740 980 minor
768 946 871 989 erat,
909 952 1021 992 quem
1053 953 1089 979 a.
1121 942 1202 980 632
1238 940 1509 991 magistratum

115 1010 279 1061 primum
306 1010 452 1061 petisse
480 1010 543 1050 vel
573 1009 745 1060 gessisse
780 1012 1078 1047 consentaneum
1110 1013 1179 1047 est.
1232 1008 1382 1048 Caesar
1410 1007 1511 1046 enim

114 1088 197 1115 cum
226 1077 272 1116 L.
305 1077 477 1117 Caesare
515 1077 638 1116 fratre
666 1076 711 1115 P.
740 1075 889 1115 Rutilio
925 1075 1149 1114 consulibus
1187 1087 1222 1115 a.
1250 1075 1333 1114 664
1370 1073 1511 1113 aedilis

113 1143 248 1191 suerit,
285 1156 362 1183 non
390 1150 478 1184 ante
507 1156 542 1184 a.
569 1145 652 1184 628
680 1147 793 1182 natus
825 1154 910 1182 esse
939 1143 1065 1194 potuit
1090 1140 1176 1193 (¹⁰).
1235 1142 1278 1181 In
1311 1141 1511 1180 aedilitate

115 1211 289 1262 quotidie
328 1212 642 1251 accuratissimas
685 1210 884 1250 contiones
921 1210 1075 1257 hahuit,
1121 1221 1204 1249 cum
1243 1209 1290 1248 de
1327 1208 1512 1248 universa

113 1289 157 1317 re
186 1278 362 1330 publica,
405 1284 485 1318 tum
518 1284 561 1318 ut
591 1278 944 1318 extraordinariam
976 1277 1200 1317 consulatus
1232 1288 1280 1315 ex
1310 1275 1511 1314 aedilitate

111 1346 336 1396 petitionem
363 1346 411 1384 ab
441 1346 588 1387 invidia
617 1352 803 1386 tueretur.
850 1347 894 1385 In
925 1357 1002 1397 qua
1030 1345 1217 1397 petitIone
1248 1343 1511 1389 adversarios,

114 1417 155 1451 ut
194 1413 454 1452 acutissimum
488 1414 532 1453 P.
562 1414 790 1461 Antistium,
833 1414 890 1452 ita
930 1412 1305 1452 vehementissimum
1343 1410 1387 1449 P.
1418 1408 1510 1449 Sul-

113 1479 255 1531 picium
285 1485 489 1531 utrumque
518 1480 712 1518 tribunum
740 1480 867 1531 plebis
896 1479 1031 1518 habuit
1048 1475 1132 1529 (Π).
1183 1478 1330 1516 Horum
1360 1475 1511 1515 discor-

115 1546 203 1586 diae
230 1547 400 1586 Asconio
434 1546 483 1585 ad
511 1546 754 1586 Scauranam
784 1537 985 1586 Ciceronis
1012 1542 1080 1596 (¹⁸)
1111 1545 1208 1584 belli
1234 1543 1359 1583 civilis
1391 1554 1512 1582 causa

114 1614 236 1653 fuisse
266 1613 461 1653 dicuntur:
499 1613 639 1661 credo,
672 1614 774 1666 quod
804 1613 957 1652 furiosa
987 1611 1155 1663 Sulpicii
1184 1622 1290 1649 mens
1320 1610 1511 1660 gravissi-

114 1682 186 1720 mis
222 1681 302 1720 illis
343 1680 662 1720 altercationibus
707 1680 758 1718 ad
793 1690 942 1718 omnem
981 1678 1224 1717 nobilitatem
1266 1675 1511 1716 evertendam

115 1759 282 1787 accensa
322 1753 392 1787 est.
450 1747 592 1786 Tribus
636 1746 747 1784 annis
787 1751 877 1798 post
914 1745 1104 1784 seditione
1135 1745 1312 1785 Cinnana
1349 1743 1510 1782 reducto

114 1816 248 1856 Mario
279 1814 321 1854 C.
354 1813 504 1854 Caesar
542 1824 626 1852 cum
655 1813 700 1852 L.
730 1812 874 1859 fratre,
913 1813 980 1864 qui
1015 1812 1131 1851 tertio
1162 1823 1263 1851 anuo
1295 1816 1384 1850 ante
1415 1821 1510 1850 con-

114 1881 281 1921 sulatum
320 1885 520 1931 gesserat,
567 1892 591 1919 a
623 1880 758 1920 Mario
801 1879 1028 1919 interfectus
1069 1885 1105 1918 et
1142 1884 1258 1932 caput
1294 1879 1333 1917 in
1371 1877 1511 1916 rostris

112 1948 280 2000 positum
313 1953 381 1987 est.
442 1947 519 1987 Tot
551 1952 638 1986 sunt
664 1948 777 1987 huius
809 1947 868 1986 rei
899 1952 1100 1995 auctores,
1135 1952 1177 1986 ut
1205 1958 1282 1986 uno
1307 1944 1509 1986 Ciceronis

112 2014 330 2055 testimonio
362 2014 556 2065 defungar
581 2012 665 2065 (¹9).

210 2190 266 2233 15)
304 2190 375 2225 Cic.
400 2189 503 2225 Brut.
532 2190 597 2232 55,
619 2189 699 2223 202.
730 2189 797 2223 sed
822 2188 949 2222 confer
983 2199 1012 2221 c.
1035 2188 1101 2230 86,
1126 2187 1205 2223 297.
1250 2184 1315 2221 Or.
1340 2186 1404 2229 30,
1432 2185 1509 2219 106.

115 2248 186 2282 Att.
205 2246 285 2281 XII.
305 2246 360 2281 20.
398 2246 592 2280 Asconium
615 2245 661 2279 ad
682 2245 827 2280 Cornel.
853 2256 890 2289 p.
911 2243 966 2279 66.
986 2242 1101 2279 Orell.
1220 2244 1279 2288 16)
1304 2243 1379 2278 Cic.
1405 2242 1509 2277 Brut.

113 2303 171 2346 89,
186 2303 264 2338 305.
378 2302 434 2345 17)
452 2302 525 2338 Cic.
542 2301 646 2336 Brut.
660 2301 718 2344 63,
733 2301 811 2336 226.
927 2301 984 2344 18>
1003 2312 1037 2345 p.
1057 2302 1112 2336 24.
1128 2299 1243 2336 Orell.
1359 2299 1415 2342 19)
1434 2298 1510 2333 Cic.

115 2361 161 2394 de
183 2358 249 2394 Or.
271 2359 332 2394 111.
353 2359 395 2401 3,
420 2358 472 2393 10.
520 2358 788 2393 Enumerantur
813 2369 903 2402 quos
926 2359 1037 2403 gessit
1059 2357 1221 2392 honores
1246 2363 1282 2392 et
1305 2357 1510 2403 ‹lignitateS‚

115 2416 281 2450 aedilitas
309 2415 572 2450 decemviratus
605 2416 700 2461 agris
734 2414 862 2448 dandis
897 2425 942 2448 ex
970 2414 1051 2460 lege
1073 2414 1183 2449 Drusi
1216 2420 1252 2449 et
1275 2411 1510 2460 pontificatus

115 2474 150 2506 in
176 2473 277 2506 titulo
300 2478 428 2507 vetere
452 2484 489 2517 p.
514 2471 601 2514 421,
625 2472 656 2506 5.
679 2471 833 2513 Graev.‚
863 2481 968 2516 quem
992 2471 1154 2516 Pyrrhus
1178 2470 1349 2517 Ligorius
1373 2469 1511 2515 primus

114 2529 274 2574 protulit.
323 2528 405 2563 Nisi
437 2529 612 2563 vidissent
645 2529 728 2571 alii,
761 2528 1047 2562 commenticium
1072 2528 1279 2563 crederem:
1314 2527 1388 2561 tale
1416 2526 1509 2560 enim

113 2585 209 2619 illius
235 2584 413 2630 ingenium
440 2584 515 2619 fuit.
564 2585 702 2620 Caesar
727 2585 835 2619 etiam
853 2584 1034 2630 Vopiscus
1057 2595 1079 2619 a
1103 2585 1340 2631 generatione
1365 2588 1402 2617 et
1426 2582 1510 2616 Ses-

113 2641 277 2687 quiculus
302 2653 324 2675 a
341 2647 478 2677 statura
497 2641 631 2685 dictus3
654 2653 690 2677 v.
709 2641 828 2676 Varro
852 2641 898 2676 de
914 2641 957 2676 R.
976 2641 1018 2676 R.
1035 2640 1063 2676 1.
1082 2642 1114 2678 7.
1139 2641 1268 2677 Victor
1285 2641 1335 2676 de
1349 2638 1510 2683 orthogr.

113 2698 140 2733 1.
166 2709 202 2743 p.
225 2697 326 2734 2456.

1175 2766 1231 2808 6*
