1835 3126
0 0 7 297 ἲ

0 467 9 655 ,ι

370 257 454 300 ΑΙ)
487 256 602 300 CIC.
630 256 894 302 BRUTUM
927 259 1045 303 GAP.
1076 261 1144 304 28.
1169 262 1235 305 29.
1397 265 1503 312 321

112 371 207 412 fecit
234 369 433 423 profecto,
467 371 552 412 veri
581 371 744 411 similius
774 377 832 412 est
861 371 1093 414 dissuasisse
1121 374 1271 425 legem,
1306 387 1391 417 cum
1422 377 1503 419 fer·

112 442 240 486 retur,
283 449 399 490 quam
433 437 612 490 pluribus
649 439 760 478 annis
797 444 905 492 post,
946 452 1030 480 cum
1066 441 1301 481 tribunatum
1334 450 1505 495 gereret,

109 504 414 556 impugnavisse.
483 506 646 545 Omnino
692 517 775 545 cum
819 519 843 546 a
878 507 1002 547 fratre
1039 508 1200 548 Tiberio
1236 508 1360 550 lectus
1400 517 1505 553 esset

108 571 211 610 inter
240 571 463 611 triumviros
497 573 586 623 agri
616 572 832 621 dividundi,
871 574 948 612 iam
979 579 1067 613 ante
1096 580 1344 627 quaesturam
1373 579 1505 630 attigit

105 649 188 677 rem
223 638 430 690 publicam.
489 639 668 690 Denique
706 639 793 679 luce
830 640 975 680 clarius
1012 647 1069 681 est
1105 642 1161 681 sic
1190 643 1374 695 coniungi
1411 656 1501 685 sen-

105 705 268 744 tentias:
298 708 358 743 M.
389 709 558 750 Drusus,
595 708 659 754 qai
687 708 726 744 in
752 706 946 746 tribunatu
977 709 1015 747 G.
1051 704 1260 747 Gracchum
1286 710 1400 760 frcyit
1424 726 1500 751 -ε

105 777 192 809 taus
226 773 338 809 ctiam
365 772 515 820 ycntilis
542 774 603 809 Μ.
632 775 782 811 Pennus
819 774 934 821 facile
968 778 1128 825 agitavit
1160 778 1200 813 in
1233 776 1425 816 tribunatu
1456 779 1498 819 G.

108 837 329 875 Gracchum.
389 836 515 889 Igitur
544 841 689 888 agitare
719 841 972 893 compositum
1002 846 1038 881 et
1063 841 1249 882 collatum
1277 853 1362 882 cum
1383 845 1500 892 fran-

102 903 219 953 gendo
249 902 445 954 significat
472 918 631 951 vexare,
669 908 866 953 insectari,
907 907 1013 959 quod
1050 913 1088 947 et
1123 907 1171 947 de
1198 908 1351 948 iniuriis
1382 915 1420 949 et
1449 910 1498 951 de

101 970 286 1010 irrisione
315 971 510 1011 usitatum.
567 972 671 1011 Illud
703 972 791 1013 vide
821 972 926 1024 apud
957 973 1040 1013 Cic.
1069 985 1108 1024 p.
1137 973 1264 1012 Balbo
1295 974 1349 1014 25
1379 981 1497 1015 extr.:

101 1041 135 1074 ct
160 1037 312 1087 adoptio
339 1039 556 1088 Theophani
579 1040 726 1087 agitata
746 1043 812 1074 cst.
856 1050 895 1089 p.
918 1037 1098 1087 Quinctio
1122 1040 1147 1077 2
1172 1043 1290 1077 extr.:
1315 1039 1496 1088 obsecrat,

99 1108 140 1140 at
162 1104 290 1140 ntaltis
312 1106 463 1140 iniuriis
487 1106 669 1140 'iactatam
693 1108 727 1140 ct
749 1106 936 1152 ayitatam
955 1107 1182 1154 aequitatem
1205 1128 1256 1133 -—
1278 1105 1497 1153 confirmari

98 1171 312 1218 patiamini.
372 1169 634 1219 Quintilianus
663 1168 750 1209 XII.
781 1170 828 1219 S,
857 1171 903 1210 9:
947 1170 1150 1220 agitandus
1179 1171 1348 1209 omnibus
1374 1174 1496 1212 modis

99 1240 133 1272 et
158 1235 366 1273 turbandus
389 1234 618 1286 (litigator).
663 1236 748 1275 Hoc
773 1241 900 1275 autem
921 1241 1049 1276 exstat
1071 1236 1118 1275 de
1142 1237 1208 1277 Or.
1227 1237 1276 1276 II.
1300 1238 1374 1288 58,
1391 1241 1495 1280 237:

97 1314 164 1339 nec
192 1314 325 1339 rursus
353 1304 507 1339 miseria
542 1304 703 1351 insignis
733 1305 879 1352 agitata
908 1303 1063 1342 ridetur.
1123 1303 1331 1353 Similiter,
1369 1317 1496 1359 eaque

98 1367 146 1407 de
177 1379 298 1407 causa
327 1367 442 1406 etiam
470 1372 675 1420 utrumque
703 1369 872 1408 iunctum
901 1369 1015 1409 modo
1044 1369 1226 1419 vidimus,
1259 1373 1404 1410 iactare
1433 1373 1494 1413 di-

97 1433 214 1482 citur,
260 1434 369 1473 cuius
409 1434 678 1474 translationis
716 1435 818 1475 viam
858 1436 986 1488 aperit
1023 1435 1102 1477 Cic.
1141 1437 1280 1477 Aecus.
1318 1438 1430 1480 Verr.
1461 1440 1493 1481 Ι.

96 1502 170 1549 26,
199 1501 266 1540 67.
323 1500 395 1541 Est
427 1501 528 1540 enim
555 1502 717 1554 proprie
746 1502 923 1542 manibus
954 1503 1150 1543 hominum
1178 1504 1368 1545 iniuriose
1396 1518 1493 1559 pro-

95 1567 249 1608 turbari
279 1571 316 1607 et
336 1567 461 1607 trudi:
490 1568 726 1608 transfertur
756 1568 806 1608 ad
833 1570 951 1609 maris
976 1576 1118 1610 motum
1147 1571 1275 1610 nautis
1297 1572 1492 1623 infestum,

97 1634 186 1674 dein
216 1639 254 1674 et
284 1633 335 1673 acl
363 1635 528 1674 iniurias
566 1639 604 1675 et
633 1635 683 1675 ad
712 1636 947 1676 irrisionem.
1005 1637 1104 1677 Hinc
1135 1637 1231 1678 cato
1263 1637 1404 1678 dicitur
1433 1641 1493 1678 his

93 1701 206 1740 andis
234 1706 268 1738 ct
296 1702 576 1751 tempestatibus
605 1703 654 1740 ad
681 1716 868 1740 summam
895 1710 1117 1741 senectutem
1144 1707 1284 1742 iactari
1311 1706 1493 1743 maluisse

96 1768 180 1809 cic.
210 1767 307 1820 Rep.
338 1767 369 1806 Ι.
399 1770 456 1815 1.;
495 1768 535 1806 in
573 1780 687 1819 quam
724 1769 952 1808 sententiam
991 1769 1041 1809 cf.
1072 1769 1262 1809 Senecam
1298 1770 1345 1810 de
1373 1771 1491 1812 Brev.

93 1835 170 1876 Vit.
195 1834 241 1874 5:
277 1835 402 1872 Cicero
431 1836 528 1872 inter
552 1835 737 1872 Catilinas
762 1835 981 1884 Clodiosquc
1008 1838 1187 1872 iactatas·
1245 1835 1294 1875 Et
1325 1835 1373 1875 de
1397 1848 1492 1877 ora.-

91 1907 179 1942 tore
208 1900 476 1941 adversarium
506 1901 680 1951 agitante
708 1900 796 1940 Div.
827 1901 868 1939 in
897 1899 1013 1940 Gaec.
1046 1900 1117 1948 14,
1146 1900 1221 1940 45:
1251 1907 1287 1939 te
1317 1915 1404 1941 vcro
1436 1926 1487 1933 --

93 1982 199 2019 qaem
239 1968 288 2005 ad
314 1967 465 2005 niodum
493 1970 544 2004 sit
582 1967 775 2013 clusuras,
814 1980 927 2017 qaam
967 1969 1069 2005 ouini
1099 1970 1248 2006 rationo
1278 1970 1490 2010 iactaturus

90 2035 213 2074 videre
238 2035 316 2071 iam
337 2033 477 2072 videor.
507 2033 606 2073 Hinc
630 2036 791 2071 iactatos
816 2034 1007 2072 Gracchos
1030 2033 1128 2073 dixit
1147 2034 1329 2074 Lucanus
1348 2036 1489 2078 Phars.

39 2118 49 2128 ·
89 2101 172 2144 VII.
203 2100 321 2148 257„
360 2099 464 2153 quod
500 2104 685 2151 proiectos
719 2103 760 2137 in
792 2100 956 2137 Tiberim
993 2100 1096 2139 male
1128 2101 1301 2153 explicat
1330 2101 1487 2143 Cortius

91 2169 142 2209 ad
171 2169 310 2210 Phars.
340 2167 370 2207 Ι.
401 2169 496 2207 267.
557 2167 793 2208 Gronovium
822 2170 976 2205 secutus
1006 2167 1119 2208 Obss.
1150 2168 1214 2209 1v.
1241 2167 1281 2208 5.
1318 2180 1356 2221 p.
1387 2169 1486 2211 566.

205 2239 250 2274 Τ.
284 2234 514 2284 Flaminino]
549 2233 708 2274 consule
737 2245 775 2272 a.
806 2234 902 2273 631.

199 2300 347 2342 XXIX.
410 2302 503 2341 110.
565 2301 604 2339 G.
639 2299 765 2350 Cario]
802 2312 838 2341 v.
870 2311 901 2339 c.
930 2300 996 2340 32.
1054 2300 1115 2341 De
1141 2304 1201 2340 M.
1232 2304 1378 2341 Scauro
1414 2314 1485 2345 ex-

88 2368 256 2422 positum
285 2368 325 2407 in
354 2367 539 2420 prolegg.
571 2368 607 2422 ς.
636 2369 724 2416 21.;
755 2366 802 2407 de
831 2366 979 2407 Rutilio
1010 2366 1045 2421 §.
1073 2370 1140 2407 22.

201 2440 236 2473 ct
270 2434 435 2485 uterque]
475 2440 510 2472 et
543 2445 617 2486 pro
656 2434 721 2472 sed
757 2434 897 2474 dictum
936 2445 1023 2475 esse
1060 2434 1147 2475 iure
1185 2435 1322 2475 reiecit
1355 2434 1485 2476 Hand.

89 2501 261 2543 Tursell.
290 2501 338 2541 Π.
378 2513 417 2553 p.
447 2501 565 2549 494„
604 2512 682 2541 non
717 2500 915 2550 facturus,
957 2502 992 2540 si
1032 2502 1118 2554 quis
1157 2502 1410 2555 explicuisset
1449 2507 1485 2540 et

87 2576 225 2608 tamen.
265 2567 557 2609 Concluduntur
579 2568 679 2607 enim
701 2568 915 2621 propositis
940 2569 1152 2609 contraria.
1186 2569 1353 2618 „Talem
1373 2580 1486 2608 usum

87 2635 308 2690 particulae
337 2635 553 2686 legitimum
583 2646 690 2684 esse,
719 2636 845 2675 sicubi
874 2647 946 2688 per
970 2636 1192 2676 irrisionem
1219 2635 1283 2677 vel
1306 2633 1484 2676 affectio-

88 2716 176 2743 nem
211 2703 330 2743 animi
364 2715 429 2744 res
458 2703 746 2744 diversissimae
776 2702 1076 2752 contendantur,
1114 2703 1329 2743 existimari
1357 2707 1487 2755 potest

89 2783 138 2812 ex
165 2771 275 2813 Verr.
302 2771 349 2814 V.
379 2774 424 2821 2,
454 2770 494 2812 5.
538 2771 665 2823 Legg.
695 2769 745 2811 Π.
775 2772 849 2821 21,
879 2770 983 2812 53.“
1032 2771 1268 2819 Bernhardy.
1324 2769 1375 2811 ffi
1403 2769 1483 2810 loci

1118 2845 1204 2889 24*
