<?xml version="1.0" encoding="UTF-8"?>
<!DOCTYPE html PUBLIC "-//W3C//DTD XHTML 1.0 Transitional//EN"
    "http://www.w3.org/TR/xhtml1/DTD/xhtml1-transitional.dtd">
<html xmlns="http://www.w3.org/1999/xhtml" xml:lang="en" lang="en">
 <head>
  <title>
</title>
<meta http-equiv="Content-Type" content="text/html;charset=utf-8" />
  <meta name='ocr-system' content='tesseract 3.04.00' />
  <meta name='ocr-capabilities' content='ocr_page ocr_carea ocr_par ocr_line ocrx_word'/>
</head>
<body>
  <div class='ocr_page' id='page_1' title='image "./brutussivedeclar00ciceuoft_0351.png"; bbox 0 0 1835 3126; ppageno 0'>
   <div class='ocr_carea' id='block_1_1' title="bbox 0 307 24 3126">
    <p class='ocr_par' dir='ltr' id='par_1_1' title="bbox 0 307 24 3126">
     <span class='ocr_line' id='line_1_1' title="bbox 0 307 24 3126; baseline 0 0"><span class='ocrx_word' id='word_1_1' title='bbox 0 307 24 3126; x_wconf 95' lang='lat' dir='ltr'> </span> 
     </span>
    </p>
   </div>
   <div class='ocr_carea' id='block_1_2' title="bbox 409 834 1223 892">
    <p class='ocr_par' dir='ltr' id='par_1_2' title="bbox 409 834 1223 892">
     <span class='ocr_line' id='line_1_2' title="bbox 409 834 1223 892; baseline 0.004 -3"><span class='ocrx_word' id='word_1_2' title='bbox 409 834 1223 892; x_wconf 69' lang='lat' dir='ltr'><strong>EXPLIGATIONES.</strong></span> 
     </span>
    </p>
   </div>
   <div class='ocr_carea' id='block_1_3' title="bbox 676 990 954 998">
    <p class='ocr_par' dir='ltr' id='par_1_3' title="bbox 676 990 954 998">
     <span class='ocr_line' id='line_1_3' title="bbox 676 990 954 998; baseline 0 0"><span class='ocrx_word' id='word_1_3' title='bbox 676 990 954 998; x_wconf 95' lang='lat' dir='ltr'> </span> 
     </span>
    </p>
   </div>
   <div class='ocr_carea' id='block_1_4' title="bbox 111 1092 1520 2830">
    <p class='ocr_par' dir='ltr' id='par_1_4' title="bbox 113 1092 1520 1670">
     <span class='ocr_line' id='line_1_4' title="bbox 231 1092 1516 1145; baseline 0.006 -13"><span class='ocrx_word' id='word_1_4' title='bbox 231 1093 260 1132; x_wconf 92' lang='lat' dir='ltr'>I.</span> <span class='ocrx_word' id='word_1_5' title='bbox 323 1095 359 1132; x_wconf 92' lang='lat'>1.</span> <span class='ocrx_word' id='word_1_6' title='bbox 419 1106 437 1129; x_wconf 85' lang='lat' dir='ltr'>e</span> <span class='ocrx_word' id='word_1_7' title='bbox 476 1092 605 1130; x_wconf 76' lang='lat' dir='ltr'>Cilicia</span> <span class='ocrx_word' id='word_1_8' title='bbox 643 1114 697 1120; x_wconf 89' lang='lat'>——</span> <span class='ocrx_word' id='word_1_9' title='bbox 732 1093 776 1130; x_wconf 84' lang='lat' dir='ltr'>de</span> <span class='ocrx_word' id='word_1_10' title='bbox 815 1094 858 1138; x_wconf 86' lang='lat' dir='ltr'>Q.</span> <span class='ocrx_word' id='word_1_11' title='bbox 895 1095 1074 1131; x_wconf 62' lang='lat' dir='ltr'>Hortensi</span> <span class='ocrx_word' id='word_1_12' title='bbox 1111 1095 1243 1145; x_wconf 80' lang='lat' dir='ltr'>morte]</span> <span class='ocrx_word' id='word_1_13' title='bbox 1282 1096 1516 1140; x_wconf 81' lang='lat' dir='ltr'>Decesserat</span> 
     </span>
     <span class='ocr_line' id='line_1_5' title="bbox 117 1158 1514 1212; baseline 0.006 -13"><span class='ocrx_word' id='word_1_14' title='bbox 117 1158 255 1199; x_wconf 88' lang='lat' dir='ltr'>Cicero</span> <span class='ocrx_word' id='word_1_15' title='bbox 287 1159 429 1200; x_wconf 85' lang='lat' dir='ltr'>Cilicia</span> <span class='ocrx_word' id='word_1_16' title='bbox 458 1160 662 1212; x_wconf 84' lang='lat' dir='ltr'>provincia</span> <span class='ocrx_word' id='word_1_17' title='bbox 690 1171 762 1212; x_wconf 86' lang='lat' dir='ltr'>per</span> <span class='ocrx_word' id='word_1_18' title='bbox 792 1173 930 1200; x_wconf 84' lang='lat' dir='ltr'>annum</span> <span class='ocrx_word' id='word_1_19' title='bbox 959 1160 1044 1200; x_wconf 86' lang='lat' dir='ltr'>fere</span> <span class='ocrx_word' id='word_1_20' title='bbox 1075 1161 1344 1203; x_wconf 86' lang='lat' dir='ltr'>administrata</span> <span class='ocrx_word' id='word_1_21' title='bbox 1370 1177 1406 1205; x_wconf 87' lang='lat' dir='ltr'>a.</span> <span class='ocrx_word' id='word_1_22' title='bbox 1429 1168 1514 1207; x_wconf 78' lang='lat'>704</span> 
     </span>
     <span class='ocr_line' id='line_1_6' title="bbox 115 1226 1512 1281; baseline 0.004 -15"><span class='ocrx_word' id='word_1_23' title='bbox 115 1226 264 1275; x_wconf 90' lang='lat' dir='ltr'>medio,</span> <span class='ocrx_word' id='word_1_24' title='bbox 311 1227 354 1267; x_wconf 88' lang='lat' dir='ltr'>C.</span> <span class='ocrx_word' id='word_1_25' title='bbox 383 1227 580 1267; x_wconf 87' lang='lat' dir='ltr'>Marcello</span> <span class='ocrx_word' id='word_1_26' title='bbox 624 1228 670 1267; x_wconf 89' lang='lat' dir='ltr'>L.</span> <span class='ocrx_word' id='word_1_27' title='bbox 703 1227 829 1267; x_wconf 86' lang='lat' dir='ltr'>Paulo</span> <span class='ocrx_word' id='word_1_28' title='bbox 870 1228 1114 1276; x_wconf 85' lang='lat' dir='ltr'>consulibus,</span> <span class='ocrx_word' id='word_1_29' title='bbox 1162 1230 1300 1281; x_wconf 89' lang='lat' dir='ltr'>quihus</span> <span class='ocrx_word' id='word_1_30' title='bbox 1339 1238 1512 1272; x_wconf 84' lang='lat' dir='ltr'>mortuus</span> 
     </span>
     <span class='ocr_line' id='line_1_7' title="bbox 116 1293 1514 1351; baseline 0.004 -18"><span class='ocrx_word' id='word_1_31' title='bbox 116 1299 174 1333; x_wconf 87' lang='lat' dir='ltr'>est</span> <span class='ocrx_word' id='word_1_32' title='bbox 204 1293 251 1343; x_wconf 84' lang='lat' dir='ltr'>Q.</span> <span class='ocrx_word' id='word_1_33' title='bbox 279 1294 520 1334; x_wconf 84' lang='lat' dir='ltr'><strong>Hortensius.</strong></span> <span class='ocrx_word' id='word_1_34' title='bbox 577 1295 637 1334; x_wconf 93' lang='lat' dir='ltr'>Ad</span> <span class='ocrx_word' id='word_1_35' title='bbox 670 1295 898 1334; x_wconf 89' lang='lat' dir='ltr'>sententiam</span> <span class='ocrx_word' id='word_1_36' title='bbox 927 1296 1044 1334; x_wconf 90' lang='lat' dir='ltr'>totius</span> <span class='ocrx_word' id='word_1_37' title='bbox 1070 1298 1263 1348; x_wconf 82' lang='lat' dir='ltr'><strong>prooemii</strong></span> <span class='ocrx_word' id='word_1_38' title='bbox 1291 1301 1514 1351; x_wconf 85' lang='lat' dir='ltr'>comparari</span> 
     </span>
     <span class='ocr_line' id='line_1_8' title="bbox 114 1361 1511 1418; baseline 0.005 -18"><span class='ocrx_word' id='word_1_39' title='bbox 114 1366 243 1413; x_wconf 88' lang='lat' dir='ltr'>potest</span> <span class='ocrx_word' id='word_1_40' title='bbox 270 1361 387 1409; x_wconf 84' lang='lat' dir='ltr'>illud,</span> <span class='ocrx_word' id='word_1_41' title='bbox 427 1361 531 1414; x_wconf 89' lang='lat' dir='ltr'>quod</span> <span class='ocrx_word' id='word_1_42' title='bbox 560 1363 675 1402; x_wconf 84' lang='lat' dir='ltr'>tertio</span> <span class='ocrx_word' id='word_1_43' title='bbox 705 1362 808 1401; x_wconf 87' lang='lat' dir='ltr'>libro</span> <span class='ocrx_word' id='word_1_44' title='bbox 840 1361 887 1401; x_wconf 91' lang='lat' dir='ltr'>de</span> <span class='ocrx_word' id='word_1_45' title='bbox 924 1362 1092 1402; x_wconf 83' lang='lat' dir='ltr'>Oratore</span> <span class='ocrx_word' id='word_1_46' title='bbox 1124 1364 1324 1416; x_wconf 88' lang='lat' dir='ltr'>praefixit,</span> <span class='ocrx_word' id='word_1_47' title='bbox 1358 1378 1434 1418; x_wconf 90' lang='lat' dir='ltr'>quo</span> <span class='ocrx_word' id='word_1_48' title='bbox 1465 1368 1511 1407; x_wconf 91' lang='lat' dir='ltr'>L.</span> 
     </span>
     <span class='ocr_line' id='line_1_9' title="bbox 117 1427 1514 1485; baseline 0.004 -16"><span class='ocrx_word' id='word_1_49' title='bbox 117 1427 253 1469; x_wconf 84' lang='lat' dir='ltr'>Crassi</span> <span class='ocrx_word' id='word_1_50' title='bbox 296 1441 399 1469; x_wconf 90' lang='lat' dir='ltr'>mors</span> <span class='ocrx_word' id='word_1_51' title='bbox 447 1434 535 1468; x_wconf 88' lang='lat' dir='ltr'>ante</span> <span class='ocrx_word' id='word_1_52' title='bbox 578 1429 724 1468; x_wconf 87' lang='lat' dir='ltr'>bellum</span> <span class='ocrx_word' id='word_1_53' title='bbox 771 1429 919 1469; x_wconf 85' lang='lat' dir='ltr'>sociale</span> <span class='ocrx_word' id='word_1_54' title='bbox 959 1434 995 1469; x_wconf 89' lang='lat' dir='ltr'>et</span> <span class='ocrx_word' id='word_1_55' title='bbox 1029 1430 1253 1471; x_wconf 88' lang='lat' dir='ltr'>Marianum</span> <span class='ocrx_word' id='word_1_56' title='bbox 1292 1439 1514 1485; x_wconf 83' lang='lat' dir='ltr'>opportuna</span> 
     </span>
     <span class='ocr_line' id='line_1_10' title="bbox 116 1495 1514 1549; baseline 0.004 -15"><span class='ocrx_word' id='word_1_57' title='bbox 116 1495 311 1545; x_wconf 87' lang='lat' dir='ltr'>similiter,</span> <span class='ocrx_word' id='word_1_58' title='bbox 351 1495 419 1536; x_wconf 90' lang='lat' dir='ltr'>sed</span> <span class='ocrx_word' id='word_1_59' title='bbox 458 1496 578 1547; x_wconf 85' lang='lat' dir='ltr'>longe</span> <span class='ocrx_word' id='word_1_60' title='bbox 609 1496 852 1549; x_wconf 80' lang='lat' dir='ltr'><strong>eloquentius</strong></span> <span class='ocrx_word' id='word_1_61' title='bbox 884 1496 1124 1549; x_wconf 84' lang='lat' dir='ltr'>deploratur.</span> <span class='ocrx_word' id='word_1_62' title='bbox 1181 1499 1356 1537; x_wconf 79' lang='lat' dir='ltr'>Rhodum</span> <span class='ocrx_word' id='word_1_63' title='bbox 1387 1506 1514 1542; x_wconf 85' lang='lat' dir='ltr'>autem</span> 
     </span>
     <span class='ocr_line' id='line_1_11' title="bbox 116 1562 1520 1618; baseline 0.006 -17"><span class='ocrx_word' id='word_1_64' title='bbox 116 1562 212 1602; x_wconf 84' lang='lat' dir='ltr'>adiit</span> <span class='ocrx_word' id='word_1_65' title='bbox 242 1562 471 1603; x_wconf 87' lang='lat' dir='ltr'>Ciceronum</span> <span class='ocrx_word' id='word_1_66' title='bbox 499 1575 711 1616; x_wconf 87' lang='lat' dir='ltr'>puerorum</span> <span class='ocrx_word' id='word_1_67' title='bbox 740 1575 881 1613; x_wconf 88' lang='lat' dir='ltr'>causa,</span> <span class='ocrx_word' id='word_1_68' title='bbox 911 1570 953 1603; x_wconf 92' lang='lat' dir='ltr'>ut</span> <span class='ocrx_word' id='word_1_69' title='bbox 979 1566 1137 1618; x_wconf 84' lang='lat' dir='ltr'>scripsit</span> <span class='ocrx_word' id='word_1_70' title='bbox 1165 1566 1251 1618; x_wconf 85' lang='lat' dir='ltr'>ipse</span> <span class='ocrx_word' id='word_1_71' title='bbox 1281 1567 1331 1606; x_wconf 83' lang='lat' dir='ltr'>ad</span> <span class='ocrx_word' id='word_1_72' title='bbox 1359 1568 1520 1617; x_wconf 71' lang='lat' dir='ltr'>Divers.v</span> 
     </span>
     <span class='ocr_line' id='line_1_12' title="bbox 113 1629 262 1670; baseline 0 0"><span class='ocrx_word' id='word_1_73' title='bbox 113 1629 162 1670; x_wconf 88' lang='grc' dir='ltr'>Π.</span> <span class='ocrx_word' id='word_1_74' title='bbox 198 1632 262 1670; x_wconf 94' lang='grc'>17.</span> 
     </span>
    </p>

    <p class='ocr_par' dir='ltr' id='par_1_5' title="bbox 113 1697 1512 1872">
     <span class='ocr_line' id='line_1_13' title="bbox 231 1697 1511 1752; baseline 0.006 -17"><span class='ocrx_word' id='word_1_75' title='bbox 231 1701 309 1748; x_wconf 80' lang='lat' dir='ltr'>cepi</span> <span class='ocrx_word' id='word_1_76' title='bbox 334 1698 509 1748; x_wconf 77' lang='lat' dir='ltr'>dolorem]</span> <span class='ocrx_word' id='word_1_77' title='bbox 542 1697 676 1737; x_wconf 82' lang='lat' dir='ltr'>eadem</span> <span class='ocrx_word' id='word_1_78' title='bbox 706 1697 852 1737; x_wconf 86' lang='lat' dir='ltr'>locutio</span> <span class='ocrx_word' id='word_1_79' title='bbox 885 1702 942 1737; x_wconf 90' lang='lat' dir='ltr'>est</span> <span class='ocrx_word' id='word_1_80' title='bbox 971 1699 1010 1737; x_wconf 91' lang='lat' dir='ltr'>in</span> <span class='ocrx_word' id='word_1_81' title='bbox 1046 1710 1133 1752; x_wconf 89' lang='lat' dir='ltr'>epp.</span> <span class='ocrx_word' id='word_1_82' title='bbox 1165 1699 1215 1739; x_wconf 90' lang='lat' dir='ltr'>ad</span> <span class='ocrx_word' id='word_1_83' title='bbox 1243 1702 1321 1741; x_wconf 90' lang='lat' dir='ltr'>Att.</span> <span class='ocrx_word' id='word_1_84' title='bbox 1352 1702 1421 1742; x_wconf 92' lang='lat' dir='ltr'>XI.</span> <span class='ocrx_word' id='word_1_85' title='bbox 1445 1705 1511 1744; x_wconf 89' lang='grc'>21.</span> 
     </span>
     <span class='ocr_line' id='line_1_14' title="bbox 117 1765 1512 1820; baseline 0.005 -16"><span class='ocrx_word' id='word_1_86' title='bbox 117 1769 154 1804; x_wconf 88' lang='lat' dir='ltr'>et</span> <span class='ocrx_word' id='word_1_87' title='bbox 189 1765 275 1813; x_wconf 65' lang='lat'>24„</span> <span class='ocrx_word' id='word_1_88' title='bbox 314 1766 453 1816; x_wconf 87' lang='lat' dir='ltr'>quihus</span> <span class='ocrx_word' id='word_1_89' title='bbox 491 1765 591 1805; x_wconf 89' lang='lat' dir='ltr'>adde</span> <span class='ocrx_word' id='word_1_90' title='bbox 629 1765 804 1817; x_wconf 84' lang='lat' dir='ltr'>Sylvium</span> <span class='ocrx_word' id='word_1_91' title='bbox 849 1765 900 1805; x_wconf 87' lang='lat' dir='ltr'>ad</span> <span class='ocrx_word' id='word_1_92' title='bbox 934 1765 1013 1806; x_wconf 88' lang='lat' dir='ltr'>Cic.</span> <span class='ocrx_word' id='word_1_93' title='bbox 1052 1779 1091 1819; x_wconf 93' lang='lat' dir='ltr'>p.</span> <span class='ocrx_word' id='word_1_94' title='bbox 1124 1767 1238 1808; x_wconf 88' lang='lat' dir='ltr'>Sulla</span> <span class='ocrx_word' id='word_1_95' title='bbox 1275 1780 1314 1820; x_wconf 95' lang='lat' dir='ltr'>p.</span> <span class='ocrx_word' id='word_1_96' title='bbox 1347 1771 1411 1810; x_wconf 88' lang='lat'>13.</span> <span class='ocrx_word' id='word_1_97' title='bbox 1452 1770 1512 1811; x_wconf 88' lang='lat' dir='ltr'>ed.</span> 
     </span>
     <span class='ocr_line' id='line_1_15' title="bbox 113 1832 335 1872; baseline -0.009 0"><span class='ocrx_word' id='word_1_98' title='bbox 113 1832 335 1872; x_wconf 84' lang='lat' dir='ltr'>Frotscher.</span> 
     </span>
    </p>

    <p class='ocr_par' dir='ltr' id='par_1_6' title="bbox 111 1898 1515 2556">
     <span class='ocr_line' id='line_1_16' title="bbox 229 1898 1513 1956; baseline 0.005 -19"><span class='ocrx_word' id='word_1_99' title='bbox 229 1899 454 1950; x_wconf 78' lang='lat' dir='ltr'>cooptatum]</span> <span class='ocrx_word' id='word_1_100' title='bbox 486 1899 704 1938; x_wconf 88' lang='lat' dir='ltr'>nominatus</span> <span class='ocrx_word' id='word_1_101' title='bbox 733 1898 873 1939; x_wconf 88' lang='lat' dir='ltr'>Cicero</span> <span class='ocrx_word' id='word_1_102' title='bbox 904 1903 1010 1947; x_wconf 85' lang='lat' dir='ltr'>erat,</span> <span class='ocrx_word' id='word_1_103' title='bbox 1040 1904 1082 1939; x_wconf 90' lang='lat' dir='ltr'>ut</span> <span class='ocrx_word' id='word_1_104' title='bbox 1105 1912 1130 1939; x_wconf 85' lang='lat' dir='ltr'>a</span> <span class='ocrx_word' id='word_1_105' title='bbox 1152 1900 1324 1952; x_wconf 86' lang='lat' dir='ltr'>collegio</span> <span class='ocrx_word' id='word_1_106' title='bbox 1351 1908 1513 1956; x_wconf 82' lang='lat' dir='ltr'>coopta-</span> 
     </span>
     <span class='ocr_line' id='line_1_17' title="bbox 114 1965 1513 2022; baseline 0.004 -16"><span class='ocrx_word' id='word_1_107' title='bbox 114 1972 243 2014; x_wconf 85' lang='lat' dir='ltr'>retur,</span> <span class='ocrx_word' id='word_1_108' title='bbox 284 1979 308 2004; x_wconf 83' lang='lat' dir='ltr'>a</span> <span class='ocrx_word' id='word_1_109' title='bbox 343 1965 530 2018; x_wconf 90' lang='lat' dir='ltr'>Pompeio</span> <span class='ocrx_word' id='word_1_110' title='bbox 575 1971 612 2005; x_wconf 91' lang='lat' dir='ltr'>et</span> <span class='ocrx_word' id='word_1_111' title='bbox 654 1966 885 2006; x_wconf 88' lang='lat' dir='ltr'>Hortensio:</span> <span class='ocrx_word' id='word_1_112' title='bbox 929 1980 965 2008; x_wconf 81' lang='lat' dir='ltr'>v.</span> <span class='ocrx_word' id='word_1_113' title='bbox 995 1967 1097 2007; x_wconf 87' lang='lat' dir='ltr'>Phil.</span> <span class='ocrx_word' id='word_1_114' title='bbox 1129 1967 1177 2007; x_wconf 92' lang='grc' dir='ltr'>ΙΙ.</span> <span class='ocrx_word' id='word_1_115' title='bbox 1209 1971 1269 2017; x_wconf 89' lang='grc'>2.;</span> <span class='ocrx_word' id='word_1_116' title='bbox 1315 1973 1513 2022; x_wconf 84' lang='lat' dir='ltr'>cooptatio</span> 
     </span>
     <span class='ocr_line' id='line_1_18' title="bbox 114 2032 1515 2086; baseline 0.005 -15"><span class='ocrx_word' id='word_1_117' title='bbox 114 2039 241 2072; x_wconf 83' lang='lat' dir='ltr'>autem</span> <span class='ocrx_word' id='word_1_118' title='bbox 272 2032 520 2072; x_wconf 82' lang='lat' dir='ltr'>sanciebatur</span> <span class='ocrx_word' id='word_1_119' title='bbox 549 2033 703 2073; x_wconf 88' lang='lat' dir='ltr'>tributis</span> <span class='ocrx_word' id='word_1_120' title='bbox 729 2034 894 2074; x_wconf 88' lang='lat' dir='ltr'>comitiis</span> <span class='ocrx_word' id='word_1_121' title='bbox 921 2033 1127 2074; x_wconf 88' lang='lat' dir='ltr'>secundum</span> <span class='ocrx_word' id='word_1_122' title='bbox 1151 2035 1281 2086; x_wconf 78' lang='lat' dir='ltr'>legem</span> <span class='ocrx_word' id='word_1_123' title='bbox 1302 2036 1515 2078; x_wconf 87' lang='lat' dir='ltr'>Domitiam</span> 
     </span>
     <span class='ocr_line' id='line_1_19' title="bbox 111 2101 1512 2157; baseline 0.004 -17"><span class='ocrx_word' id='word_1_124' title='bbox 111 2101 232 2140; x_wconf 86' lang='lat' dir='ltr'>latam</span> <span class='ocrx_word' id='word_1_125' title='bbox 270 2113 306 2142; x_wconf 82' lang='lat' dir='ltr'>a.</span> <span class='ocrx_word' id='word_1_126' title='bbox 337 2102 440 2148; x_wconf 81' lang='lat'>649;</span> <span class='ocrx_word' id='word_1_127' title='bbox 482 2105 570 2140; x_wconf 88' lang='lat' dir='ltr'>ante</span> <span class='ocrx_word' id='word_1_128' title='bbox 606 2101 706 2140; x_wconf 92' lang='lat' dir='ltr'>hanc</span> <span class='ocrx_word' id='word_1_129' title='bbox 745 2113 809 2141; x_wconf 86' lang='lat' dir='ltr'>res</span> <span class='ocrx_word' id='word_1_130' title='bbox 839 2106 922 2141; x_wconf 84' lang='lat' dir='ltr'>tota</span> <span class='ocrx_word' id='word_1_131' title='bbox 956 2102 997 2140; x_wconf 91' lang='lat' dir='ltr'>in</span> <span class='ocrx_word' id='word_1_132' title='bbox 1040 2102 1285 2142; x_wconf 81' lang='lat' dir='ltr'>sacerdotum</span> <span class='ocrx_word' id='word_1_133' title='bbox 1324 2110 1409 2144; x_wconf 87' lang='lat' dir='ltr'>erat</span> <span class='ocrx_word' id='word_1_134' title='bbox 1438 2118 1512 2157; x_wconf 86' lang='lat' dir='ltr'>po-</span> 
     </span>
     <span class='ocr_line' id='line_1_20' title="bbox 112 2168 1512 2221; baseline 0.003 -13"><span class='ocrx_word' id='word_1_135' title='bbox 112 2173 264 2208; x_wconf 84' lang='lat' dir='ltr'>testate.</span> <span class='ocrx_word' id='word_1_136' title='bbox 326 2168 541 2219; x_wconf 87' lang='lat' dir='ltr'>Cooptatus</span> <span class='ocrx_word' id='word_1_137' title='bbox 582 2173 640 2206; x_wconf 89' lang='lat' dir='ltr'>est</span> <span class='ocrx_word' id='word_1_138' title='bbox 681 2168 821 2208; x_wconf 86' lang='lat' dir='ltr'>Cicero</span> <span class='ocrx_word' id='word_1_139' title='bbox 859 2169 899 2207; x_wconf 93' lang='lat' dir='ltr'>in</span> <span class='ocrx_word' id='word_1_140' title='bbox 935 2168 1064 2208; x_wconf 87' lang='lat' dir='ltr'>locum</span> <span class='ocrx_word' id='word_1_141' title='bbox 1099 2170 1143 2209; x_wconf 91' lang='lat' dir='ltr'>P.</span> <span class='ocrx_word' id='word_1_142' title='bbox 1184 2168 1319 2210; x_wconf 87' lang='lat' dir='ltr'>Crassi</span> <span class='ocrx_word' id='word_1_143' title='bbox 1356 2172 1415 2211; x_wconf 91' lang='lat' dir='ltr'>M.</span> <span class='ocrx_word' id='word_1_144' title='bbox 1454 2173 1512 2221; x_wconf 71' lang='lat' dir='ltr'>F„</span> 
     </span>
     <span class='ocr_line' id='line_1_21' title="bbox 114 2235 1512 2287; baseline 0.004 -14"><span class='ocrx_word' id='word_1_145' title='bbox 114 2236 182 2287; x_wconf 82' lang='lat' dir='ltr'>qui</span> <span class='ocrx_word' id='word_1_146' title='bbox 218 2235 325 2274; x_wconf 86' lang='lat' dir='ltr'>hello</span> <span class='ocrx_word' id='word_1_147' title='bbox 355 2235 541 2274; x_wconf 84' lang='lat' dir='ltr'>Parthico</span> <span class='ocrx_word' id='word_1_148' title='bbox 575 2235 778 2274; x_wconf 87' lang='lat' dir='ltr'>interierat</span> <span class='ocrx_word' id='word_1_149' title='bbox 813 2247 848 2274; x_wconf 86' lang='lat' dir='ltr'>a.</span> <span class='ocrx_word' id='word_1_150' title='bbox 881 2237 976 2275; x_wconf 88' lang='lat'>701.</span> <span class='ocrx_word' id='word_1_151' title='bbox 1036 2236 1133 2276; x_wconf 83' lang='lat' dir='ltr'>Erat</span> <span class='ocrx_word' id='word_1_152' title='bbox 1164 2241 1291 2276; x_wconf 87' lang='lat' dir='ltr'>autem</span> <span class='ocrx_word' id='word_1_153' title='bbox 1322 2244 1359 2277; x_wconf 90' lang='lat' dir='ltr'>et</span> <span class='ocrx_word' id='word_1_154' title='bbox 1387 2241 1512 2279; x_wconf 86' lang='lat' dir='ltr'>nomi-</span> 
     </span>
     <span class='ocr_line' id='line_1_22' title="bbox 113 2302 1512 2353; baseline 0.004 -13"><span class='ocrx_word' id='word_1_155' title='bbox 113 2302 220 2341; x_wconf 85' lang='lat' dir='ltr'>natio</span> <span class='ocrx_word' id='word_1_156' title='bbox 261 2306 298 2340; x_wconf 89' lang='lat' dir='ltr'>et</span> <span class='ocrx_word' id='word_1_157' title='bbox 336 2302 534 2353; x_wconf 85' lang='lat' dir='ltr'>cooptatio</span> <span class='ocrx_word' id='word_1_158' title='bbox 564 2302 825 2342; x_wconf 87' lang='lat' dir='ltr'>testimonium</span> <span class='ocrx_word' id='word_1_159' title='bbox 855 2303 1071 2352; x_wconf 80' lang='lat' dir='ltr'>amicitiae3</span> <span class='ocrx_word' id='word_1_160' title='bbox 1108 2317 1144 2344; x_wconf 89' lang='lat' dir='ltr'>v.</span> <span class='ocrx_word' id='word_1_161' title='bbox 1177 2304 1227 2343; x_wconf 86' lang='lat' dir='ltr'>ad</span> <span class='ocrx_word' id='word_1_162' title='bbox 1256 2305 1411 2347; x_wconf 84' lang='lat' dir='ltr'>Divers.</span> <span class='ocrx_word' id='word_1_163' title='bbox 1443 2307 1512 2347; x_wconf 92' lang='lat' dir='ltr'><strong>III.</strong></span> 
     </span>
     <span class='ocr_line' id='line_1_23' title="bbox 118 2369 1513 2422; baseline 0.002 -13"><span class='ocrx_word' id='word_1_164' title='bbox 118 2371 189 2416; x_wconf 76' lang='lat'>10,</span> <span class='ocrx_word' id='word_1_165' title='bbox 230 2371 316 2408; x_wconf 76' lang='lat'><strong>29.:</strong></span> <span class='ocrx_word' id='word_1_166' title='bbox 359 2369 583 2418; x_wconf 74' lang='lat' dir='ltr'>amplissimi</span> <span class='ocrx_word' id='word_1_167' title='bbox 618 2370 818 2408; x_wconf 79' lang='lat' dir='ltr'>sacerdotii</span> <span class='ocrx_word' id='word_1_168' title='bbox 857 2371 1073 2420; x_wconf 61' lang='lat' dir='ltr'>collegium,</span> <span class='ocrx_word' id='word_1_169' title='bbox 1114 2374 1154 2409; x_wconf 80' lang='lat' dir='ltr'>in</span> <span class='ocrx_word' id='word_1_170' title='bbox 1192 2385 1264 2422; x_wconf 82' lang='lat' dir='ltr'>quo</span> <span class='ocrx_word' id='word_1_171' title='bbox 1298 2386 1374 2411; x_wconf 79' lang='lat' dir='ltr'>mm</span> <span class='ocrx_word' id='word_1_172' title='bbox 1405 2375 1513 2413; x_wconf 87' lang='lat' dir='ltr'>modo</span> 
     </span>
     <span class='ocr_line' id='line_1_24' title="bbox 116 2436 1512 2491; baseline 0.004 -18"><span class='ocrx_word' id='word_1_173' title='bbox 116 2439 323 2474; x_wconf 72' lang='lat' dir='ltr'>amicitiam</span> <span class='ocrx_word' id='word_1_174' title='bbox 354 2436 492 2473; x_wconf 76' lang='lat' dir='ltr'>violari</span> <span class='ocrx_word' id='word_1_175' title='bbox 520 2437 621 2486; x_wconf 78' lang='lat' dir='ltr'>apud</span> <span class='ocrx_word' id='word_1_176' title='bbox 650 2440 812 2475; x_wconf 79' lang='lat' dir='ltr'>maiores</span> <span class='ocrx_word' id='word_1_177' title='bbox 840 2442 904 2485; x_wconf 72' lang='lat' dir='ltr'>sas</span> <span class='ocrx_word' id='word_1_178' title='bbox 932 2451 1006 2476; x_wconf 69' lang='lat' dir='ltr'>own</span> <span class='ocrx_word' id='word_1_179' title='bbox 1040 2445 1140 2485; x_wconf 81' lang='lat' dir='ltr'>erat,</span> <span class='ocrx_word' id='word_1_180' title='bbox 1170 2439 1236 2477; x_wconf 81' lang='lat' dir='ltr'>sed</span> <span class='ocrx_word' id='word_1_181' title='bbox 1269 2453 1314 2477; x_wconf 77' lang='lat' dir='ltr'>ne</span> <span class='ocrx_word' id='word_1_182' title='bbox 1343 2445 1512 2491; x_wconf 76' lang='lat' dir='ltr'>cooptari</span> 
     </span>
     <span class='ocr_line' id='line_1_25' title="bbox 115 2503 1512 2556; baseline 0.004 -16"><span class='ocrx_word' id='word_1_183' title='bbox 115 2503 261 2554; x_wconf 77' lang='lat' dir='ltr'>quidem</span> <span class='ocrx_word' id='word_1_184' title='bbox 285 2503 512 2541; x_wconf 73' lang='lat' dir='ltr'>sacerdotem</span> <span class='ocrx_word' id='word_1_185' title='bbox 538 2504 680 2550; x_wconf 77' lang='lat' dir='ltr'>licebat,</span> <span class='ocrx_word' id='word_1_186' title='bbox 707 2508 770 2554; x_wconf 79' lang='lat' dir='ltr'>qui</span> <span class='ocrx_word' id='word_1_187' title='bbox 793 2508 954 2555; x_wconf 80' lang='lat' dir='ltr'>cuipiam</span> <span class='ocrx_word' id='word_1_188' title='bbox 979 2519 1025 2543; x_wconf 72' lang='lat' dir='ltr'>ex</span> <span class='ocrx_word' id='word_1_189' title='bbox 1044 2506 1197 2556; x_wconf 81' lang='lat' dir='ltr'>colle9i0</span> <span class='ocrx_word' id='word_1_190' title='bbox 1212 2513 1305 2545; x_wconf 82' lang='lat' dir='ltr'>esset</span> <span class='ocrx_word' id='word_1_191' title='bbox 1326 2510 1512 2546; x_wconf 80' lang='lat' dir='ltr'>inimicus.</span> 
     </span>
    </p>

    <p class='ocr_par' dir='ltr' id='par_1_7' title="bbox 114 2571 1512 2830">
     <span class='ocr_line' id='line_1_26' title="bbox 228 2571 1512 2624; baseline 0.002 -15"><span class='ocrx_word' id='word_1_192' title='bbox 228 2574 266 2610; x_wconf 89' lang='lat'>2.</span> <span class='ocrx_word' id='word_1_193' title='bbox 329 2571 523 2621; x_wconf 53' lang='lat' dir='ltr'>tumebam]</span> <span class='ocrx_word' id='word_1_194' title='bbox 554 2572 762 2624; x_wconf 88' lang='lat' dir='ltr'>respondet</span> <span class='ocrx_word' id='word_1_195' title='bbox 784 2573 873 2611; x_wconf 89' lang='lat' dir='ltr'>huic</span> <span class='ocrx_word' id='word_1_196' title='bbox 898 2572 1003 2624; x_wconf 86' lang='lat' dir='ltr'>quod</span> <span class='ocrx_word' id='word_1_197' title='bbox 1026 2574 1202 2624; x_wconf 85' lang='lat' dir='ltr'>sequitur</span> <span class='ocrx_word' id='word_1_198' title='bbox 1222 2573 1382 2613; x_wconf 87' lang='lat' dir='ltr'>verbum</span> <span class='ocrx_word' id='word_1_199' title='bbox 1408 2574 1512 2612; x_wconf 79' lang='lat' dir='ltr'>dole-</span> 
     </span>
     <span class='ocr_line' id='line_1_27' title="bbox 115 2637 1512 2690; baseline 0.005 -16"><span class='ocrx_word' id='word_1_200' title='bbox 115 2638 292 2688; x_wconf 76' lang='lat' dir='ltr'>bamque;</span> <span class='ocrx_word' id='word_1_201' title='bbox 338 2642 375 2676; x_wconf 85' lang='lat' dir='ltr'>et</span> <span class='ocrx_word' id='word_1_202' title='bbox 418 2637 537 2690; x_wconf 84' lang='lat' dir='ltr'>longe</span> <span class='ocrx_word' id='word_1_203' title='bbox 574 2639 712 2679; x_wconf 90' lang='lat' dir='ltr'>lectius</span> <span class='ocrx_word' id='word_1_204' title='bbox 752 2639 892 2678; x_wconf 85' lang='lat' dir='ltr'>dicitur</span> <span class='ocrx_word' id='word_1_205' title='bbox 929 2639 1130 2689; x_wconf 67' lang='lat' dir='ltr'>augebam,</span> <span class='ocrx_word' id='word_1_206' title='bbox 1177 2640 1218 2679; x_wconf 91' lang='lat' dir='ltr'>id</span> <span class='ocrx_word' id='word_1_207' title='bbox 1258 2645 1315 2679; x_wconf 90' lang='lat' dir='ltr'>est</span> <span class='ocrx_word' id='word_1_208' title='bbox 1353 2640 1512 2681; x_wconf 90' lang='lat' dir='ltr'>multum</span> 
     </span>
     <span class='ocr_line' id='line_1_28' title="bbox 114 2704 1511 2758; baseline 0.004 -14"><span class='ocrx_word' id='word_1_209' title='bbox 114 2704 324 2754; x_wconf 68' lang='lat' dir='ltr'>cogitando</span> <span class='ocrx_word' id='word_1_210' title='bbox 351 2710 502 2745; x_wconf 82' lang='lat' dir='ltr'>auctam</span> <span class='ocrx_word' id='word_1_211' title='bbox 531 2707 634 2746; x_wconf 90' lang='lat' dir='ltr'>sensi</span> <span class='ocrx_word' id='word_1_212' title='bbox 663 2706 902 2755; x_wconf 87' lang='lat' dir='ltr'>molestiam,</span> <span class='ocrx_word' id='word_1_213' title='bbox 943 2718 1058 2758; x_wconf 84' lang='lat' dir='ltr'>quam</span> <span class='ocrx_word' id='word_1_214' title='bbox 1090 2707 1261 2756; x_wconf 66' lang='lat' dir='ltr'>augebat.</span> <span class='ocrx_word' id='word_1_215' title='bbox 1318 2708 1378 2748; x_wconf 90' lang='lat' dir='ltr'>De</span> <span class='ocrx_word' id='word_1_216' title='bbox 1407 2709 1511 2749; x_wconf 90' lang='lat' dir='ltr'>malo</span> 
     </span>
     <span class='ocr_line' id='line_1_29' title="bbox 115 2772 1509 2830; baseline 0.003 -19"><span class='ocrx_word' id='word_1_217' title='bbox 115 2772 206 2812; x_wconf 89' lang='lat' dir='ltr'>item</span> <span class='ocrx_word' id='word_1_218' title='bbox 234 2772 395 2813; x_wconf 83' lang='lat' dir='ltr'>fortuito</span> <span class='ocrx_word' id='word_1_219' title='bbox 426 2778 463 2814; x_wconf 88' lang='lat' dir='ltr'>et</span> <span class='ocrx_word' id='word_1_220' title='bbox 487 2774 726 2816; x_wconf 83' lang='lat' dir='ltr'>extrinsecus</span> <span class='ocrx_word' id='word_1_221' title='bbox 755 2774 868 2816; x_wconf 83' lang='lat' dir='ltr'>illato</span> <span class='ocrx_word' id='word_1_222' title='bbox 899 2773 1078 2815; x_wconf 88' lang='lat' dir='ltr'>similiter</span> <span class='ocrx_word' id='word_1_223' title='bbox 1106 2774 1204 2814; x_wconf 84' lang='lat' dir='ltr'>dixit</span> <span class='ocrx_word' id='word_1_224' title='bbox 1231 2774 1381 2817; x_wconf 88' lang='lat' dir='ltr'>Plinius</span> <span class='ocrx_word' id='word_1_225' title='bbox 1410 2776 1509 2830; x_wconf 88' lang='lat' dir='ltr'>Epp.</span> 
     </span>
    </p>
   </div>
  </div>
 </body>
</html>
