1835 3126
320 222 454 268 31⁰
856 219 1199 264 CICERONIS

338 346 364 374 a
394 333 504 373 vitae
534 328 739 385 periculo,
769 332 806 371 si
837 331 997 373 accedit
1026 331 1148 374 labor
1177 339 1216 375 et
1243 332 1417 375 laterum
1449 345 1602 388 magna
1626 345 1724 375 con-
1784 339 1787 344 '

335 409 475 451 tentio.
535 420 667 463 eoque
696 407 831 461 magis
861 406 940 449 hoc
970 420 1066 457 eos,
1105 408 1251 462 quibus
1286 423 1399 452 eram
1429 423 1570 460 caruS,
1612 423 1724 452 com-

338 485 552 535 movebat,
597 485 706 541 quod
750 486 890 527 omnia
933 486 1022 527 sine
1059 486 1331 536 remissione,
1377 489 1466 530 sine
1511 491 1725 536 varietate,
1786 511 1788 519 =

336 565 378 606 vi
415 575 574 606 summa
611 564 729 606 vocis
770 569 810 606 et
847 565 970 606 totius
1011 565 1198 620 corporis
1230 565 1488 607 contentione
1524 566 1725 609 dicebam.

338 640 433 683 314.
472 640 614 697 Itaque
652 655 743 684 cum
782 655 844 684 me
885 649 924 684 et
955 643 1077 684 amici
1115 649 1154 684 et
1182 642 1332 685 medici
1370 641 1648 693 hortarentur,
1687 651 1729 686 ut

339 732 492 762 causas
532 732 659 775 agere
696 720 962 770 desisterem,
1000 719 1173 776 quodvis
1212 721 1346 776 potius
1375 720 1601 777 periculum
1631 720 1729 762 mihi

340 798 573 840 adeundum
620 812 741 854 quam
789 812 814 841 a
858 805 1026 855 sperata
1062 799 1224 841 dicendi
1261 798 1399 853 gloria
1436 799 1728 841 discedendum
1761 790 1792 846 ,'
1829 835 1832 842 ,

337 878 488 932 putavi.
556 875 643 920 Sed
687 891 778 920 cum
823 890 1036 920 censerem
1081 878 1327 920 remissione
1372 884 1411 919 et
1446 877 1729 920 moderatione

338 955 455 997 vocis
488 961 527 998 et
557 962 802 998 commutato
832 969 986 1010 genere
1013 955 1177 998 dicendi
1201 969 1263 997 me
1289 962 1327 998 et
1348 955 1575 1012 periculum
1598 957 1731 997 vitare

339 1046 464 1088 posse
510 1040 548 1076 et
592 1035 856 1090 temperatius
903 1033 1062 1082 dicere,
1106 1041 1148 1076 ut
1192 1034 1527 1076 consuetudinem
1566 1033 1730 1076 dicendi

340 1117 560 1161 mutarem,
593 1124 645 1153 ea
675 1125 805 1154 causa
834 1110 933 1153 mihi
963 1113 1005 1153 iu
1035 1111 1180 1153 Asiam
1209 1111 1495 1167 proficiscendi
1520 1112 1604 1154 fuit.
1650 1110 1730 1154 Ita-

339 1200 417 1243 que
457 1201 547 1230 cum
589 1202 726 1230 essem
762 1188 972 1251 biennium
1007 1196 1198 1230 versatus
1234 1191 1276 1230 in
1314 1192 1454 1232 causis
1489 1197 1528 1232 et
1566 1192 1646 1231 iam
1688 1191 1729 1231 in

340 1265 432 1308 foro
464 1265 716 1308 celebratum
745 1278 877 1307 meum
902 1278 1048 1307 nomen
1074 1272 1207 1314 esset,
1238 1265 1373 1307 Roma
1398 1280 1485 1308 sum
1507 1268 1727 1322 profectus.

340 1343 437 1384 315.
477 1343 578 1385 Cum
608 1345 817 1386 venissem
847 1342 1057 1392 Athenas,
1097 1356 1171 1385 sex
1208 1356 1373 1385 menses
1404 1357 1494 1386 cum
1525 1344 1729 1388 Antiocho

339 1422 494 1470 veteris
534 1412 792 1465 Academiae
835 1420 1110 1464 nobilissumo
1155 1428 1194 1469 et
1229 1421 1558 1477 prudentissume
1596 1423 1730 1479 philo-

340 1499 470 1555 sopho
507 1500 565 1541 fui
597 1500 852 1556 studiumque
884 1498 1172 1556 philosophiae
1209 1513 1415 1556 nunquam
1453 1502 1730 1543 intermissum

342 1590 369 1619 a
406 1580 619 1634 primaque
658 1577 943 1621 adolescentia
984 1578 1134 1621 cultum
1172 1585 1212 1620 et
1255 1592 1417 1635 semper
1454 1586 1615 1622 auctum
1651 1579 1730 1623 hoc

339 1669 484 1699 rursus
515 1670 671 1700 summo
700 1663 866 1700 auctore
898 1663 938 1699 et
961 1657 1129 1699 doctore
1160 1659 1369 1700 renovavi.
1409 1656 1565 1700 Eodem
1594 1665 1731 1700 tamen

341 1742 523 1792 tempore
559 1735 733 1778 Athenis
772 1735 880 1792 apud
908 1734 1159 1778 Demetrium
1190 1734 1341 1790 Syrum
1370 1743 1551 1779 veterem
1579 1743 1618 1778 et
1648 1749 1731 1779 non

341 1813 568 1867 ignobilem
609 1814 773 1856 dicendi
814 1815 1057 1868 magistrum
1090 1814 1273 1857 studiose
1313 1816 1499 1857 exerceri
1530 1813 1729 1857 solebam.

341 1889 440 1933 Post
482 1903 507 1932 a
546 1904 610 1932 me
638 1891 746 1933 Asia
779 1897 867 1933 tota
895 1898 1119 1946 peragrata
1154 1899 1218 1934 est
1247 1906 1338 1935 cum
1369 1895 1537 1935 summis
1568 1893 1731 1948 quidem

344 2022 513 2066 accedit]
538 2022 589 2056 sic
606 2022 662 2057 ed.
679 2034 733 2067 pr.
756 2027 792 2056 et
809 2022 890 2056 libri
909 2021 1090 2067 plerique3
1116 2023 1267 2059 accidit
1283 2023 1347 2070 Lg.
1366 2024 1494 2060 Scorr.
1512 2025 1566 2059 ΤΟ.
1594 2024 1659 2061 Gn.
1679 2024 1728 2065 l.;

344 2079 532 2119 accedat,
561 2084 598 2112 ut
621 2077 747 2113 Lamb.
775 2090 807 2112 a.
835 2078 954 2119 1584,
980 2077 1046 2123 Lg.
1070 2078 1124 2113 20.

434 2135 512 2170 314.
564 2145 589 2168 α
608 2135 786 2180 sperata]
811 2145 956 2180 aspera
977 2133 1044 2169 Gu.
1065 2133 1095 2168 1.
1114 2153 1160 2159 -
1183 2134 1477 2180 discedendum]
1500 2136 1729 2171 discendum

344 2190 410 2226 Gn.
440 2191 470 2226 1.
511 2190 803 2225 desciscendum
828 2190 1019 2235 proposuit
1043 2189 1149 2232 Ern.;
1177 2191 1264 2225 satis
1287 2192 1488 2227 infeliciter.
1513 2213 1557 2218 —-
1589 2197 1731 2239 tempe-

341 2248 484 2291 ratius]
512 2249 796 2294 temperantius
820 2246 886 2292 Lg.
911 2246 965 2281 53.
992 2266 1038 2271 -—-
1069 2248 1282 2291 muctarem]
1310 2251 1504 2283 mutarim
1528 2248 1592 2294 Lg.
1617 2249 1649 2283 8.
1674 2249 1729 2284 39.

340 2305 395 2339 51.
420 2303 474 2339 56.
500 2303 554 2339 58.
593 2303 687 2338 Ven.
716 2303 744 2338 l.
772 2323 817 2328 -
858 2302 1068 2346 biennium]
1105 2302 1260 2338 biennio
1299 2303 1363 2350 Lg.
1389 2304 1446 2339 20.
1471 2325 1517 2331 —-
1560 2309 1597 2339 et
1632 2306 1729 2349 iam]

341 2362 464 2395 etiam
490 2360 546 2394 ed.
571 2371 624 2405 pr.
665 2362 787 2394 etiam
810 2363 847 2393 et
872 2359 941 2394 Gu-
968 2359 996 2393 l.
1021 2377 1067 2385 ——
1100 2361 1256 2404 nomen]
1282 2372 1351 2395 om.
1380 2360 1446 2397 Gn.
1474 2361 1501 2394 l.

432 2416 510 2451 315.
558 2415 829 2460 nobilissumo]
868 2416 920 2450 sic
952 2415 1020 2461 Lg.
1053 2416 1086 2451 8.
1120 2416 1175 2452 51.
1209 2416 1264 2450 53.
1308 2415 1383 2453 Ott.
1427 2418 1536 2452 iidem
1565 2417 1730 2463 pruden-

342 2475 519 2508 tiss-uma
538 2492 582 2497 —
606 2471 765 2518 Syrum]
792 2471 956 2519 Syrium
972 2471 1096 2507 Lanib.
1121 2484 1152 2506 a.
1173 2472 1262 2508 1584
1285 2479 1321 2508 et
1340 2475 1459 2519 placet
1480 2471 1643 2515 Orellio3
1671 2474 1730 2518 qui

341 2540 421 2563 cum
445 2529 597 2564 Asianos
629 2529 795 2564 rhetores
818 2530 965 2575 probet,
998 2540 1071 2564 non
1098 2529 1206 2564 video
1238 2530 1361 2574 quidni
1386 2532 1492 2565 etiam
1517 2530 1658 2575 Syrum.
1685 2549 1728 2554 -—

343 2585 577 2630 lubentibus]
607 2585 813 2621 libentibus
837 2587 892 2622 ed.
919 2597 973 2632 pr.
1009 2584 1229 2621 iubentibus
1254 2586 1344 2622 Ven.
1372 2587 1421 2629 l.;
1456 2587 1635 2632 scriptura
1659 2597 1729 2620 me-

341 2643 538 2678 morabilis.
560 2662 606 2669 --
638 2654 709 2678 uec
732 2643 986 2690 ineptiarum]
1011 2646 1048 2676 et
1073 2646 1189 2689 inept.
1214 2641 1306 2678 Nor.

433 2698 512 2734 316.
566 2699 744 2745 Cnidius]
767 2701 928 2747 ²quidius
954 2699 1008 2734 ed.
1029 2710 1083 2745 pr.
1112 2698 1179 2745 Lg.
1207 2710 1349 2742 omnes,
1375 2699 1466 2735 Ven.
1484 2700 1560 2736 1.2.
1588 2699 1667 2732 Vat.
1695 2705 1728 2732 et

346 2767 366 2786 a
392 2765 444 2798 pr.
471 2766 513 2791 m.
551 2754 676 2792 ottob.
723 2756 882 2795 ovidius
914 2756 978 2792 Gu.
1008 2756 1035 2790 l.
1068 2776 1109 2782 -—-
1152 2757 1477 2802 scriptoremque]
1507 2757 1729 2802 scriptoque
