1835 3126
364 135 560 179 BREVIS
590 133 984 186 ELOQUENTIAE
1017 134 1150 178 ROM.
1181 135 1325 180 HIST.
1463 140 1537 184 91

148 253 187 291 in
210 251 333 290 literis
355 251 458 291 viam
481 251 630 291 munire
652 249 882 289 maluerunt.
930 248 1110 290 Ceterum
1134 252 1316 291 universa
1335 251 1538 291 literarum

148 317 276 357 studia
312 323 400 370 post
436 317 635 357 tumultum
673 317 878 357 Sullanum
910 318 1058 358 Romae
1095 320 1225 358 acrius
1263 319 1430 369 agitata,
1469 317 1536 357 sed

148 385 187 424 in
214 385 349 433 Latio,
389 396 473 424 cum
514 390 603 424 ante
643 385 769 435 magis
808 397 922 436 quam
961 386 999 424 in
1037 386 1132 425 urbe
1166 386 1405 434 floruissent,
1442 385 1538 424 belli

148 452 324 492 cladibus
356 453 545 492 exstincta
575 449 767 504 su11t(⁰¹).
816 453 1002 493 Nonnulli
1032 455 1152 505 igitur
1182 461 1285 494 artes
1315 454 1537 494 reconditas

148 525 186 559 et
222 520 271 559 ab
303 521 470 560 omnium
498 532 571 559 usu
600 521 829 560 remotiores
867 527 1038 561 tractare
1069 528 1298 575 coeperunt,
1338 528 1379 561 ut
1407 522 1536 574 philo-

147 588 324 639 sophiam
352 592 510 640 praetcr
535 588 761 628 Ciceronem
792 594 829 628 et
857 589 1094 629 indoctiores
1118 590 1305 642 quosdam
1320 591 1536 642 Epicureos

147 654 193 694 T.
224 656 429 700 Lucretius
458 660 576 707 poe'ta
607 661 644 695 et
672 656 730 696 M.
756 657 918 704 Brutus;
950 658 1036 697 Ser.
1061 657 1258 709 Sulpicius
1289 659 1412 698 Rufus
1440 660 1537 698 iuris

145 722 388 774 prudentiam
418 724 457 762 in
481 723 575 762 artis
598 723 761 762 sormam
784 723 953 773 redegit,
986 736 1100 774 quam
1130 736 1210 763 rem
1235 726 1348 773 olim,
1381 727 1414 765 si
1442 726 1537 765 fides

147 790 345 837 Ciceroni,
384 790 429 829 L.
458 789 602 828 Crasso
632 789 874 840 propositam
911 801 959 827 ne
990 790 1127 829 Cicero
1159 791 1313 841 quidem
1348 793 1538 843 perlicere

144 861 308 908 propter
330 854 611 894 multitudinem
630 856 926 906 occupationum
943 856 1086 907 potuit3
1110 857 1168 896 M.
1188 857 1393 898 Terentius
1408 859 1536 900 Varro

146 928 183 963 et
211 924 255 963 P.
284 922 464 973 Nigidius
494 922 658 973 Figulus
697 933 846 961 onmem
882 923 1124 974 antiquitatis
1152 924 1395 977 disciplinam
1432 938 1536 966 com-

144 990 251 1043 plexi
281 995 380 1030 sunt.
426 990 568 1031 Verum
600 990 639 1029 hi
668 990 768 1029 inter
799 990 938 1029 multos
969 1002 1063 1030 sane
1092 993 1330 1044 paucissimi.
1375 994 1537 1034 Nobiles

145 1063 273 1098 autem
303 1063 340 1098 et
371 1058 437 1110 qui
466 1056 668 1096 nobilitari
703 1058 915 1097 honoribus
946 1059 1128 1109 gerendis
1161 1061 1387 1112 cupiebant,
1425 1062 1536 1102 Cice·

144 1126 310 1166 roniano
352 1137 460 1164 mor-e
502 1125 678 1177 plurimis
716 1125 842 1165 literis
880 1126 1027 1165 erudiri
1060 1127 1268 1168 volebant:
1313 1131 1385 1169 etsi
1423 1131 1536 1170 huius

144 1193 220 1233 viri
265 1192 431 1232 studium
470 1192 674 1245 multiplex
717 1205 742 1231 a
779 1193 929 1232 nemine
966 1200 1194 1246 aequatum,
1240 1208 1264 1235 a
1297 1198 1434 1248 paucis
1476 1198 1536 1237 in-

142 1261 339 1301 tellectum
368 1266 438 1300 est.
496 1261 603 1300 Unus
633 1260 882 1309 Hortensius,
913 1273 1006 1301 sane
1034 1262 1103 1302 ille
1133 1263 1287 1315 quidem
1311 1264 1538 1305 Ciceronem

145 1334 273 1368 aetate
296 1327 547 1375 antecedens,
578 1327 675 1367 nihil
703 1333 862 1380 praeter
883 1328 1037 1368 dicendi
1067 1342 1184 1382 opus,
1216 1343 1341 1383 neque
1371 1332 1411 1371 id
1441 1334 1536 1371 arti-

144 1395 277 1435 ficiose
301 1396 433 1435 coluit.
477 1396 544 1436 Sic
568 1396 690 1446 igitur
714 1396 829 1435 etiam
853 1396 1097 1447 eloquentia,
1125 1398 1217 1437 olim
1240 1404 1381 1437 natura
1404 1400 1538 1450 genita

146 1454 216 1503 ne‘c
245 1462 327 1502 ullo
354 1463 493 1501 artium
524 1462 629 1501 cultu
659 1468 790 1510 aucta,
819 1475 882 1502 res
913 1463 1022 1502 multi
1051 1464 1168 1503 studii
1194 1471 1230 1504 et
1250 1465 1401 1505 laboris
1430 1467 1538 1506 facta

146 1537 204 1571 est
223 1528 312 1580 (52);
352 1541 452 1581 quae
489 1541 610 1569 causa
646 1529 738 1576 snit,
778 1535 820 1569 ut
856 1530 1039 1579 Romani,
1077 1531 1116 1570 in
1155 1544 1234 1583 qua
1272 1538 1357 1572 arte
1396 1539 1537 1574 natura

143 1599 348 1648 valebant,
379 1609 426 1637 ea
456 1597 543 1637 sola
575 1597 746 1638 Graecos
776 1598 987 1648 magistros
1017 1610 1107 1637 suos
1138 1605 1365 1651 aequarent.

775 1705 808 1759 ς.
841 1709 906 1748 36.

467 1781 555 1818 Mos
581 1782 803 1817 erudiendae
827 1783 1022 1819 iuventutis
1048 1789 1213 1821 mutatus.

256 1867 336 1908 Sed
365 1865 518 1913 eodem,
550 1877 626 1917 quo
658 1865 862 1905 artificium
886 1866 1095 1919 eloquendi
1119 1868 1332 1918 inventum,
1362 1875 1537 1923 tempore

143 1948 224 1977 mos
262 1936 454 1986 ingenuos
486 1933 754 1973 adolescentes
790 1934 1013 1974 instituendi
1044 1941 1146 1976 totus
1177 1942 1344 1977 mutatus
1376 1944 1433 1977 est
1453 1936 1537 1990 (⁰³).

143 2005 247 2045 Olim
280 2015 354 2043 usu
392 2002 518 2053 magis
559 2013 675 2053 quam
708 2001 854 2050 literis,
895 2003 1062 2043 videndo
1104 2005 1229 2055 magis
1269 2011 1305 2045 et
1343 2007 1536 2047 audiendo

144 2084 259 2124 quam
295 2070 489 2118 doctrina,
530 2069 590 2108 rei
624 2069 807 2121 publicae
843 2070 974 2122 potius
1014 2071 1111 2110 belli
1151 2072 1331 2125 domique
1374 2075 1537 2124 gerendi

141 2138 376 2191 prudentia,
422 2149 537 2188 quam
579 2136 693 2175 varia
736 2136 953 2176 eruditione
999 2138 1324 2187 instituebantur3
1373 2141 1538 2181 aderant

144 2205 387 2245 contionibus
420 2208 456 2242 et
485 2203 637 2241 senatui
658 2201 859 2249 hahendo;
891 2202 1180 2243 deducebantur
1210 2205 1260 2244 ad
1288 2207 1393 2246 viros
1418 2208 1536 2247 rebus

143 2272 265 2324 gestis
294 2271 444 2323 pariter
480 2274 596 2319 atque
631 2268 773 2307 virtute
808 2274 1065 2320 praestantes
1124 2272 1161 2311 Is
1199 2285 1280 2312 mos
1311 2279 1413 2314 totus
1444 2276 1537 2315 suh-

114 2327 245 2379 ²latus
283 2344 358 2386 est,
397 2348 468 2376 nec
507 2336 582 2374 nisi
621 2336 733 2374 unius
769 2336 854 2375 fere
890 2337 947 2376 M.
982 2338 1109 2378 Caelii
1146 2341 1361 2393 exemplum
1398 2348 1536 2392 exstat,

144 2418 257 2459 quem
288 2418 312 2445 a
334 2409 447 2457 patre
477 2403 526 2443 ad
551 2403 778 2443 Ciceronem
808 2404 1010 2445 deductum
1040 2413 1209 2457 constat,
1238 2409 1279 2447 in
1303 2409 1410 2449 cuius
1442 2422 1535 2450 con-

236 2569 297 2612 fil)
323 2569 394 2604 Cic.
411 2569 520 2603 Arch.
535 2569 565 2604 3.
592 2570 637 2604 de
656 2567 721 2605 Or.
742 2569 804 2605 Ill.
826 2571 878 2614 ll,
896 2571 950 2606 43.
1066 2571 1127 2615 62)
1151 2571 1300 2610 Quintil.
1317 2574 1393 2608 ΧΗ.
1413 2575 1463 2617 10,
1478 2575 1532 2610 39.

144 2627 204 2669 153)
235 2627 351 2662 Aliter
374 2627 626 2673 intelligendus
651 2627 780 2663 Cicero
809 2628 854 2663 de
880 2626 945 2665 Or.
972 2628 997 2665 1.
1023 2629 1060 2672 l,
1080 2629 1112 2665 3.
1145 2642 1181 2667 v.
1209 2637 1334 2666 nostra
1358 2643 1534 2667 commen-

146 2683 248 2719 tarhh
