1835 3126
288 214 407 259 196
808 208 1156 254 CICERONIS

291 324 520 365 orationes:
567 319 740 376 simplex
786 322 949 376 quidem
993 321 1041 363 L.
1087 330 1126 365 et
1171 323 1379 378 antiquus,
1426 319 1496 377 Sp.
1542 326 1676 362 autem

289 399 419 440 nihilo
464 397 535 439 ille
577 398 739 452 quidem
784 400 988 447 ornatior,
1034 399 1108 440 sed
1148 407 1282 441 tamen
1319 401 1538 441 astrictior.
1604 399 1679 439 suit

290 478 399 517 enim
437 476 580 518 doctus
619 489 670 517 ex
707 475 929 531 disciplina
966 473 1211 517 Stoicorum.
1277 475 1436 518 Multae
1475 484 1566 518 sunt
1604 475 1674 531 Sp.

289 553 432 595 Albini
467 554 691 595 orationes.
751 552 855 594 Sunt
891 554 1014 594 etiam
1044 551 1092 593 L.
1126 560 1164 594 et
1203 551 1247 593 C.
1281 553 1543 595 Aureliorum
1575 552 1679 595 Ore-

290 638 466 681 starum,
513 644 615 685 quos
661 631 801 686 aliquo
845 631 967 673 video
1006 632 1048 672 in
1085 643 1253 672 numero
1291 637 1498 672 oratorum
1534 632 1677 673 fuisse.

289 709 355 750 95.
395 708 438 749 P.
478 710 603 750 etiam
637 707 822 764 Popilius
867 722 957 751 cum
995 710 1098 750 civis
1138 709 1333 762 egregius
1371 714 1454 749 tum
1492 721 1575 749 non
1618 709 1681 749 in-

292 787 468 829 disertus
506 786 598 837 fuit3
638 784 682 827 C.
721 799 821 829 vero
858 786 967 828 filius
1006 788 1095 829 eius
1136 786 1313 828 disertus
1352 784 1563 840 Gaiusque
1595 784 1682 826 Tu-

292 866 456 907 ditanus
499 878 589 907 cum
634 866 743 906 omni
785 866 872 907 vita
918 871 1037 921 atque
1075 865 1184 906 victu
1229 863 1414 906 excultus
1452 870 1572 919 atque
1612 876 1683 905 ex-
1833 878 1835 923 4

290 943 442 1000 politus
492 949 575 984 tum
620 944 709 985 eius
754 942 927 997 elegans
978 950 1040 985 est
1081 942 1264 984 habitum
1313 942 1437 984 etiam
1483 942 1683 984 orationis

291 1034 437 1076 genus.
497 1019 734 1076 Eodemque
772 1023 814 1062 in
852 1034 1005 1075 genere
1044 1027 1106 1064 est
1140 1020 1304 1062 habitus
1336 1022 1391 1070 is,
1431 1020 1499 1075 qui
1531 1020 1685 1061 iniuria

293 1105 465 1154 accepta
509 1098 633 1152 fregit
673 1097 739 1139 Ti.
782 1097 1013 1140 Gracchum
1058 1100 1282 1154 patientia,
1328 1100 1430 1140 civis
1473 1099 1516 1139 in
1558 1097 1682 1139 rebus

291 1176 466 1230 optumis
504 1177 862 1217 constantissimus
902 1175 960 1216 M.
1000 1174 1210 1218 Octavius.
1278 1176 1332 1217 At
1369 1189 1468 1218 vero
1507 1174 1565 1215 M.
1596 1174 1683 1215 Ae-

291 1252 429 1294 milius
460 1250 661 1307 Lepidus,
695 1253 762 1307 qui
794 1260 856 1294 est
881 1252 1061 1294 Porcina
1089 1253 1240 1302 dictus,
1271 1252 1403 1293 isdem
1431 1251 1682 1307 temporibus

292 1330 379 1372 fere
421 1329 569 1384 quibus
610 1328 766 1381 Galba,
812 1331 887 1372 sed
931 1330 1055 1386 paulo
1093 1332 1226 1372 minor
1261 1336 1376 1380 natu,
1423 1336 1462 1371 et
1503 1342 1682 1371 summus

292 1413 434 1449 orator
478 1413 540 1448 est
581 1406 746 1449 habitus
792 1414 832 1449 et
876 1408 968 1456 suit,
1015 1414 1055 1449 ut
1100 1414 1269 1463 apparet
1315 1421 1367 1449 ex
1411 1406 1682 1457 orationibus,

292 1485 470 1540 scriptor
507 1496 609 1526 sane
640 1484 785 1527 honus.
845 1484 914 1527 96.
945 1484 1034 1527 Hoc
1065 1486 1107 1526 in
1138 1492 1303 1527 oratore
1331 1483 1482 1526 Latino
1511 1486 1683 1540 primum

292 1560 392 1603 mihi
421 1561 583 1604 videtur
612 1568 651 1604 et
680 1562 831 1605 lenitas
864 1564 1108 1619 apparuisse
1139 1562 1215 1604 illa
1239 1561 1492 1605 Graecorum
1523 1569 1562 1605 et
1590 1576 1684 1604 ver-

291 1640 437 1682 borum
468 1640 783 1697 comprehensio
815 1648 854 1683 et
887 1643 970 1683 iam
1003 1641 1168 1691 artifex,
1205 1648 1245 1684 ut
1277 1643 1334 1684 ita
1365 1641 1518 1692 dicam,
1550 1641 1682 1684 stilus.

377 1773 421 1800 96.
457 1777 483 1800 et
501 1774 575 1809 iam]
597 1776 693 1802 etiam.

384 1884 500 1920 XXV.
549 1886 721 1933 simplex
758 1885 933 1931 quidem]
966 1898 996 1920 s,
1030 1886 1194 1931 quidam
1229 1886 1294 1921 Gu.
1331 1887 1359 1920 l.
1386 1905 1431 1911 —
1462 1887 1683 1930 astrictior]

292 1941 370 1975 sine
396 1941 422 1974 d
438 1941 544 1975 codd.
565 1954 710 1985 omnes,
734 1943 802 1976 nisi
819 1942 913 1986 quod
932 1945 1147 1978 astructior
1163 1942 1230 1976 Gu.
1252 1943 1281 1977 l.
1307 1960 1352 1969 ·--
1387 1953 1436 1976 ex
1454 1942 1682 1988 disciplina]

294 2001 330 2031 et
353 1997 504 2043 discipl.
530 1997 597 2043 Lg.
625 2009 759 2032 omnes.

383 2080 439 2114 95.
489 2079 688 2126 Popilius]
717 2081 769 2114 sic
799 2079 864 2125 Lg.
891 2080 924 2114 8.
949 2080 1005 2115 20.
1039 2080 1094 2114 53.
1123 2081 1177 2115 56.
1208 2080 1263 2116 58.
1304 2081 1397 2117 Ven.
1426 2083 1455 2117 l.
1482 2082 1513 2117 2.
1555 2080 1679 2118 Ottob.

294 2135 373 2170 vat.
401 2135 468 2169 Gu.
491 2137 519 2170 l.
542 2134 681 2181 (Pup.)
707 2135 762 2170 ed.
787 2146 840 2180 pr.
881 2135 926 2170 V.
948 2125 1144 2179 lfixplicatt.
1168 2136 1212 2169 ad
1234 2136 1279 2170 de
1300 2135 1365 2172 Or.
1387 2137 1446 2173 111.
1466 2138 1528 2180 43,
1551 2139 1682 2173 171.—

297 2190 510 2236 Gaiusque]
546 2190 611 2236 Lg.
637 2191 670 2225 8.
708 2191 799 2225 Ven.
828 2191 858 2226 l.
884 2191 1055 2226 convenit
1079 2194 1285 2237 gravisque
1308 2193 1343 2226 in
1370 2193 1426 2227 ed.
1453 2205 1506 2238 pr.
1532 2193 1599 2239 Lg.
1624 2194 1681 2228 20.

291 2247 344 2281 51.
359 2247 414 2282 58.
428 2248 483 2282 68.
499 2247 552 2282 70.
572 2267 615 2272 —
650 2247 705 2282 Ti.
728 2247 963 2292 Gracchum]
990 2247 1029 2282 T.
1049 2246 1270 2283 Gracchum
1284 2249 1349 2284 Gu.
1368 2249 1396 2284 l.
1421 2269 1464 2274 ——
1491 2251 1679 2296 optumis]

291 2303 342 2337 sic
367 2302 433 2348 Lg.
452 2303 508 2337 20.
535 2303 590 2338 39.
617 2303 670 2338 53.
696 2304 749 2338 68.
770 2304 824 2339 70.
859 2304 952 2338 Ven.
972 2303 1000 2339 l.
1018 2324 1061 2328 —
1094 2303 1283 2349 Porcina]
1302 2308 1473 2352 por-tina
1491 2306 1546 2340 ed.
1564 2318 1617 2351 pr.
1637 2326 1682 2331 —-

293 2357 434 2402 isdem]
459 2360 510 2393 sic
527 2358 594 2406 Lg.
611 2360 664 2394 51.
680 2359 733 2394 53.
750 2360 804 2395 58.
823 2360 878 2396 68.
894 2360 948 2395 70.
965 2380 1009 2386 -—
1028 2363 1158 2395 minor
1173 2362 1281 2405 natu]
1306 2364 1433 2397 minas
1450 2373 1486 2396 η.
1506 2361 1572 2397 Gu.
1591 2362 1619 2396 l.
1635 2382 1681 2389 ·-—

293 2416 475 2461 apparet]
499 2420 616 2462 pacet
640 2415 706 2461 Lg.
731 2416 785 2451 20.

383 2497 438 2532 96.
487 2499 643 2543 lenitas]
671 2501 809 2535 levitas
837 2499 903 2545 Lg.
928 2499 960 2534 8.
978 2499 1032 2535 39.
1054 2500 1107 2534 51.
1128 2500 1182 2535 53.
1201 2500 1255 2534 58.
1273 2500 1326 2534 08.
1348 2500 1401 2534 70.
1436 2499 1528 2534 Ven.
1551 2500 1578 2534 l.
1613 2500 1680 2534 Gn.

292 2553 481 2598 Perpetua
513 2555 675 2590 confusio
709 2568 838 2590 vocum
872 2556 1028 2590 illarum:
1068 2567 1102 2589 v.
1137 2557 1288 2589 Santeni
1325 2567 1509 2590 excursum
1544 2557 1579 2590 in
1615 2556 1683 2590 Te·

292 2610 457 2644 rentiano
472 2610 606 2645 Mauro
625 2618 661 2646 et
677 2624 743 2646 nos
760 2613 794 2646 in
808 2613 846 2648 C.
865 2611 922 2647 Cr.
943 2617 978 2645 et
990 2611 1183 2656 Explicatt.
1199 2612 1244 2645 ad
1258 2612 1302 2646 de
1318 2610 1381 2647 Or.
1395 2612 1454 2646 lll.
1469 2612 1532 2655 52,
1545 2612 1622 2646 201.
1636 2630 1681 2635 ——-

295 2669 331 2697 et
361 2666 458 2709 iam]
495 2668 647 2701 restituit
673 2667 852 2703 Orellius:
884 2668 929 2702 de
960 2679 1025 2701 usu
1062 2667 1224 2701 adverbii
1258 2671 1340 2703 iam
1372 2681 1406 2705 v.
1432 2667 1575 2704 walch.
1599 2666 1677 2702 Em.

295 2719 373 2756 Liv.
399 2733 435 2767 p.
457 2722 513 2759 90.
549 2723 666 2759 Hand.
690 2724 842 2760 Turseli.
869 2724 941 2761 vol.
969 2722 1026 2758 111.
1056 2734 1091 2768 p.
1119 2722 1195 2760 138.
1220 2741 1277 2771 —⁴
