1835 3126
604 190 860 236 BRUTUS
901 190 1020 235 GAP.
1051 194 1117 236 33.
1453 195 1558 240 211

171 305 286 348 fratri
331 304 523 360 pietatem
565 316 687 359 quam
724 305 884 360 patriae
918 310 1132 360 praestare
1168 303 1387 348 voluisset!
1438 316 1560 360 quam

165 383 238 425 ille
278 382 404 424 facile
443 381 518 423 tali
545 383 732 437 ingenio,
773 383 922 425 diutius
955 384 990 425 si
1018 384 1212 434 vixisset,
1248 382 1316 426 vel
1346 389 1559 438 paternam

164 467 275 503 esset
303 460 371 503 vel
403 462 554 502 avitam
583 461 763 516 gloriam
797 464 1065 505 consecutus!
1114 460 1362 517 Eloquentia
1392 461 1557 516 quidem

164 541 308 581 nescIo
341 552 394 581 an
425 538 640 582 habuisset
669 554 810 596 parem
838 543 1054 583 neminem.
1113 540 1285 595 grandis
1317 545 1380 581 est
1403 538 1557 589 verbis,

164 618 332 673 sapiens
377 620 612 668 sententiis,
658 632 812 673 genere
856 625 939 661 toto
978 619 1140 673 gravis:
1187 631 1333 660 manus
1374 624 1558 660 extrema

162 708 246 737 non
293 698 473 739 accessit
516 697 708 753 operibus
756 699 873 739 eius:
917 696 1134 753 praeclare
1180 697 1376 739 inchoata
1415 695 1555 745 multa,

161 773 347 829 perfecta
382 788 466 817 non
506 773 641 830 plane.
700 773 943 829 Legendus,
984 775 1169 829 inquam,
1208 780 1269 815 est
1306 773 1373 815 hic
1404 780 1557 823 orator,

160 849 310 902 Brute,
354 854 390 894 si
435 854 650 908 quisquam
691 852 820 901 alius,
866 852 1076 893 iuventuti.
1143 863 1227 892 non
1271 851 1378 891 enim
1422 850 1557 892 solum

163 942 336 979 acuere,
383 930 458 971 sed
504 931 628 971 etiam
675 929 789 971 alere
835 929 1045 982 ingenium
1091 933 1238 983 potest.
1311 927 1404 969 127.
1451 926 1558 970 Huic

163 1009 367 1050 successit
412 1008 537 1048 aetati
588 1005 633 1048 G.
678 1005 846 1055 Galba,
894 1004 1015 1048 Servi
1059 1005 1172 1046 illius
1215 1004 1558 1060 eloquentissumi

159 1086 238 1127 viri
264 1084 392 1133 filius,
423 1083 466 1125 P.
493 1083 639 1126 Crassi
666 1084 898 1140 eloquentis
925 1090 964 1126 et
986 1084 1088 1125 iuris
1113 1084 1233 1140 periti
1257 1095 1399 1138 gener.
1442 1081 1557 1125 Lau-

159 1162 314 1204 dabant
350 1162 456 1206 huuc
491 1170 630 1219 patres
662 1164 813 1212 nostri,
852 1162 1049 1205 favebant
1089 1163 1212 1204 etiam
1237 1168 1403 1218 propter
1425 1164 1557 1218 patris

157 1242 421 1291 memoriam,
453 1241 527 1283 sed
560 1242 709 1284 cecidit
738 1243 778 1283 in
811 1254 946 1300 cursu.
1000 1254 1096 1284 nam
1124 1241 1342 1295 rogatione
1364 1238 1558 1282 Mamilia

157 1318 423 1374 Iugurthinae
449 1321 748 1363 coniurationis
773 1321 952 1371 invidia,
979 1333 1071 1363 cum
1096 1332 1170 1375 pro
1195 1331 1289 1361 sese
1313 1319 1402 1374 ipse
1428 1318 1558 1360 dixis-

159 1405 242 1447 set,
274 1404 507 1454 voppressus
545 1405 620 1441 est.
680 1406 814 1442 exstat
851 1401 940 1441 eius
981 1398 1212 1454 peroratio,
1255 1397 1324 1451 qui
1363 1396 1556 1451 epilogus

159 1475 327 1518 dicitur:
356 1478 425 1531 qui
443 1482 556 1519 tanto
580 1478 622 1518 in
642 1476 798 1519 honore
820 1478 960 1532 pueris
982 1475 1104 1518 nobis
1124 1480 1226 1525 erat,
1249 1480 1291 1516 ut
1313 1487 1406 1516 eum
1430 1475 1556 1516 etiam

159 1554 454 1596 edisceremus.
495 1554 576 1605 Mc,
603 1556 669 1610 qui
696 1557 738 1597 in
762 1555 943 1610 collegio
967 1553 1229 1597 sacerdotum
1249 1558 1373 1602 esset,
1398 1553 1554 1605 primus

157 1642 250 1689 post
271 1631 447 1675 Romam
472 1633 678 1676 conditam
704 1633 857 1675 iudicio
884 1632 1050 1689 publico
1076 1637 1139 1674 est
1161 1630 1472 1673 condemnatus.

162 1777 300 1822 opponi
327 1778 420 1812 inter
446 1787 486 1811 se
510 1783 668 1822 possunt.
696 1797 737 1803 —
778 1776 990 1819 existumo]
1023 1776 1075 1810 sic
1098 1774 1166 1820 Lg.
1191 1774 1223 1809 8.
1251 1773 1307 1809 39.
1336 1773 1391 1809 51.
1417 1772 1472 1809 53.
1497 1773 1555 1810 68.

159 1832 235 1870 Ott.
263 1855 303 1860 -—
341 1834 476 1876 immo]
503 1833 607 1868 codd.
636 1845 759 1868 omnes
785 1839 932 1879 praeter
959 1831 1026 1878 Lg.
1051 1832 1106 1868 39.
1130 1831 1186 1865 53.
1213 1830 1268 1865 70.

252 1912 328 1947 126.
379 1911 562 1958 operibus
582 1913 680 1957 eius]
702 1916 790 1948 eius
812 1923 881 1947 om.
897 1911 962 1945 Gu.
979 1911 1008 1946 1.
1030 1909 1134 1956 prob.
1150 1908 1258 1943 Scbn.
1278 1912 1314 1943 et
1328 1907 1496 1943 Schuetz.
1510 1928 1556 1934 —-

152 1967 350 2015 perfecta]
378 1973 594 2015 praeterea
620 1969 685 2004 Gu.
713 1971 740 2004 l.
765 1988 812 1995 ·-
851 1967 1050 2015 leyendus]
1077 1968 1186 2001 iterat
1210 1963 1383 2000 Orellius.
1432 1964 1556 2010 Negat

156 2025 234 2059 iure
266 2024 398 2059 sactum
423 2024 633 2071 Madvigius
659 2024 795 2071 Opusc.
822 2037 857 2070 p.
883 2024 981 2067 453.‚
1014 2024 1112 2068 quod
1143 2026 1306 2068 inquam
1333 2032 1405 2055 non
1432 2026 1468 2055 at
1490 2032 1554 2056 vo-

157 2081 278 2116 cabuli
307 2082 561 2125 repetitionem
587 2083 782 2127 pertineat,
815 2081 880 2115 sed
907 2080 953 2114 ad
979 2081 1214 2122 sententiam,
1250 2089 1342 2123 quae
1368 2089 1445 2111 cum
1471 2082 1556 2112 ante

158 2137 203 2171 sit
238 2138 405 2171 universe
438 2136 660 2183 significata,
693 2138 762 2171 iam
796 2149 875 2171 cum
908 2137 1048 2170 maiore
1081 2142 1236 2180 ponatur
1268 2134 1554 2168 asseveratione.

157 2193 205 2227 Et
239 2193 310 2227 boc
342 2194 457 2238 ipsum
485 2192 527 2226 fit
558 2194 634 2235 hic3
668 2194 811 2238 paulum
841 2193 936 2226 enim
960 2197 1129 2225 mutatum
1164 2191 1223 2224 hic
1247 2189 1432 2235 profertur
1457 2189 1556 2234 quod

158 2250 256 2295 prius
269 2248 386 2283 Bruto
408 2250 635 2295 respondens
654 2250 813 2284 dixerat:
840 2247 1103 2294 immoplane,
1124 2246 1265 2287 Brute,
1285 2246 1394 2293 lngas
1407 2257 1555 2281 censeo.

252 2327 325 2361 127.
376 2329 518 2371 aetati]
556 2332 688 2362 aetate
723 2327 900 2373 Purgoldi
932 2327 1091 2372 suspicio
1126 2324 1227 2359 salsa.
1264 2345 1304 2349 —
1351 2322 1388 2359 C.
1427 2322 1556 2358 Galba

161 2383 278 2419 Servi
311 2384 432 2427 illius]
469 2384 551 2418 libri
585 2396 708 2418 omnes
741 2390 776 2418 et
809 2384 864 2420 ed.
898 2394 952 2428 pr.
988 2382 1034 2416 P.
1066 2381 1192 2416 Galba
1223 2379 1435 2422 Servilium
1471 2379 1556 2414 hinc

159 2447 257 2475 certe
282 2441 327 2475 de
352 2439 425 2474 fine
452 2441 604 2475 nominis
633 2439 746 2475 Servi
767 2445 921 2475 constat.
969 2439 1045 2474 Sed
1075 2438 1114 2473 C.
1141 2438 1378 2485 praenomine
1403 2436 1465 2470 ille
1489 2447 1555 2470 vo-

159 2503 258 2532 catur
292 2510 321 2532 c.
348 2497 410 2539 26,
436 2497 491 2532 98.
531 2498 576 2532 de
601 2496 666 2532 Or.
692 2497 716 2531 1.
741 2497 802 2539 56,
827 2497 904 2532 239.
928 2515 975 2523 -—
1012 2499 1114 2532 iuris
1143 2496 1282 2543 periti]
1316 2494 1461 2529 divisim
1485 2491 1553 2538 Lg.

158 2560 307 2599 praeter
324 2554 356 2589 8.
375 2553 430 2588 20.
446 2553 502 2589 35.
521 2572 567 2581 --
593 2553 799 2599 Mamilia]
825 2555 895 2598 sic,
921 2559 959 2588 ut
979 2557 1191 2589 correxerat
1209 2551 1412 2593 Corradus,
1436 2549 1503 2595 Lg.
1520 2548 1554 2583 8.

158 2610 213 2645 39.
241 2610 295 2645 51.
322 2611 376 2646 58,
403 2610 456 2645 70.
504 2611 617 2654 Reli,
650 2618 688 2646 ut
723 2617 760 2646 et
792 2609 866 2647 Ott.
900 2610 984 2645 vat.
1015 2610 1108 2644 Ven.
1141 2608 1208 2644 Gu.
1237 2610 1266 2644 l.
1301 2606 1481 2643 munilia.
1507 2623 1555 2631 —--

160 2666 438 2713 edisceremus]
468 2668 520 2704 sic
542 2668 609 2716 Lg.
634 2680 761 2705 omnes
788 2673 824 2704 et
849 2668 906 2706 ed.
932 2679 985 2715 pr.
1033 2667 1274 2703 disceremus
1299 2664 1427 2701 Lamb.
1455 2661 1554 2698 1584.

159 2721 261 2759 Grut.

1188 2789 1244 2833 14
1255 2791 1275 2813 '¹‘
