<?xml version="1.0" encoding="UTF-8"?>
<!DOCTYPE html PUBLIC "-//W3C//DTD XHTML 1.0 Transitional//EN"
    "http://www.w3.org/TR/xhtml1/DTD/xhtml1-transitional.dtd">
<html xmlns="http://www.w3.org/1999/xhtml" xml:lang="en" lang="en">
 <head>
  <title>
</title>
<meta http-equiv="Content-Type" content="text/html;charset=utf-8" />
  <meta name='ocr-system' content='tesseract 3.04.00' />
  <meta name='ocr-capabilities' content='ocr_page ocr_carea ocr_par ocr_line ocrx_word'/>
</head>
<body>
  <div class='ocr_page' id='page_1' title='image "./brutussivedeclar00ciceuoft_0108.png"; bbox 0 0 1835 3126; ppageno 0'>
   <div class='ocr_carea' id='block_1_1' title="bbox 291 137 1460 191">
    <p class='ocr_par' dir='ltr' id='par_1_1' title="bbox 291 137 1460 191">
     <span class='ocr_line' id='line_1_1' title="bbox 291 137 1460 191; baseline -0.001 -8"><span class='ocrx_word' id='word_1_1' title='bbox 291 143 380 188; x_wconf 76' lang='lat' dir='ltr'>SS</span> <span class='ocrx_word' id='word_1_2' title='bbox 502 139 698 183; x_wconf 88' lang='lat' dir='ltr'>BREVIS</span> <span class='ocrx_word' id='word_1_3' title='bbox 729 137 1122 191; x_wconf 87' lang='lat' dir='ltr'><strong>ELOQUENTIAE</strong></span> <span class='ocrx_word' id='word_1_4' title='bbox 1152 139 1286 183; x_wconf 84' lang='lat' dir='ltr'>ROM.</span> <span class='ocrx_word' id='word_1_5' title='bbox 1317 139 1460 183; x_wconf 90' lang='lat' dir='ltr'>HIST.</span> 
     </span>
    </p>
   </div>
   <div class='ocr_carea' id='block_1_2' title="bbox 291 253 1686 2178">
    <p class='ocr_par' dir='ltr' id='par_1_2' title="bbox 291 253 1686 2178">
     <span class='ocr_line' id='line_1_2' title="bbox 291 253 1677 302; baseline -0.001 -7"><span class='ocrx_word' id='word_1_6' title='bbox 291 255 460 302; x_wconf 86' lang='lat' dir='ltr'>laribus,</span> <span class='ocrx_word' id='word_1_7' title='bbox 500 253 568 292; x_wconf 90' lang='lat' dir='ltr'>sed</span> <span class='ocrx_word' id='word_1_8' title='bbox 596 253 708 292; x_wconf 89' lang='lat' dir='ltr'>honis</span> <span class='ocrx_word' id='word_1_9' title='bbox 737 253 817 293; x_wconf 92' lang='lat' dir='ltr'>illis</span> <span class='ocrx_word' id='word_1_10' title='bbox 846 255 940 295; x_wconf 83' lang='lat' dir='ltr'>viris</span> <span class='ocrx_word' id='word_1_11' title='bbox 968 256 1186 295; x_wconf 81' lang='lat' dir='ltr'>habebitur.</span> <span class='ocrx_word' id='word_1_12' title='bbox 1245 256 1343 295; x_wconf 86' lang='lat' dir='ltr'>Huic</span> <span class='ocrx_word' id='word_1_13' title='bbox 1373 255 1466 294; x_wconf 86' lang='lat' dir='ltr'>satis</span> <span class='ocrx_word' id='word_1_14' title='bbox 1503 259 1587 294; x_wconf 89' lang='lat' dir='ltr'>erat</span> <span class='ocrx_word' id='word_1_15' title='bbox 1615 254 1677 294; x_wconf 84' lang='lat' dir='ltr'>fa-</span> 
     </span>
     <span class='ocr_line' id='line_1_3' title="bbox 294 319 1679 373; baseline 0 -13"><span class='ocrx_word' id='word_1_16' title='bbox 294 320 475 368; x_wconf 87' lang='lat' dir='ltr'>cundiae,</span> <span class='ocrx_word' id='word_1_17' title='bbox 514 319 601 359; x_wconf 88' lang='lat' dir='ltr'>dum</span> <span class='ocrx_word' id='word_1_18' title='bbox 634 320 681 358; x_wconf 89' lang='lat' dir='ltr'>de</span> <span class='ocrx_word' id='word_1_19' title='bbox 710 332 754 359; x_wconf 86' lang='lat' dir='ltr'>re</span> <span class='ocrx_word' id='word_1_20' title='bbox 782 321 940 372; x_wconf 87' lang='lat' dir='ltr'>publica</span> <span class='ocrx_word' id='word_1_21' title='bbox 970 322 1115 362; x_wconf 87' lang='lat' dir='ltr'>diceret</span> <span class='ocrx_word' id='word_1_22' title='bbox 1140 320 1230 373; x_wconf 79' lang='lat'>(⁴9):</span> <span class='ocrx_word' id='word_1_23' title='bbox 1267 323 1368 362; x_wconf 90' lang='lat' dir='ltr'>unde</span> <span class='ocrx_word' id='word_1_24' title='bbox 1398 335 1422 361; x_wconf 89' lang='lat' dir='ltr'>a</span> <span class='ocrx_word' id='word_1_25' title='bbox 1449 322 1679 361; x_wconf 87' lang='lat' dir='ltr'>turbulentis</span> 
     </span>
     <span class='ocr_line' id='line_1_4' title="bbox 292 387 1676 439; baseline 0.001 -14"><span class='ocrx_word' id='word_1_26' title='bbox 292 387 446 426; x_wconf 86' lang='lat' dir='ltr'>iudiciis</span> <span class='ocrx_word' id='word_1_27' title='bbox 496 391 532 426; x_wconf 90' lang='lat' dir='ltr'>et</span> <span class='ocrx_word' id='word_1_28' title='bbox 577 387 741 438; x_wconf 86' lang='lat' dir='ltr'>strepitu</span> <span class='ocrx_word' id='word_1_29' title='bbox 782 387 931 426; x_wconf 85' lang='lat' dir='ltr'>forensi</span> <span class='ocrx_word' id='word_1_30' title='bbox 980 399 1065 427; x_wconf 85' lang='lat' dir='ltr'>eum</span> <span class='ocrx_word' id='word_1_31' title='bbox 1113 389 1363 429; x_wconf 80' lang='lat' dir='ltr'>abhorruisse</span> <span class='ocrx_word' id='word_1_32' title='bbox 1410 390 1676 439; x_wconf 85' lang='lat' dir='ltr'>intelligimus.</span> 
     </span>
     <span class='ocr_line' id='line_1_5' title="bbox 297 453 1679 500; baseline 0.001 -8"><span class='ocrx_word' id='word_1_33' title='bbox 297 456 340 500; x_wconf 88' lang='lat' dir='ltr'>Q.</span> <span class='ocrx_word' id='word_1_34' title='bbox 370 457 508 492; x_wconf 73' lang='lat' dir='ltr'>Varius</span> <span class='ocrx_word' id='word_1_35' title='bbox 539 459 575 494; x_wconf 92' lang='lat' dir='ltr'>et</span> <span class='ocrx_word' id='word_1_36' title='bbox 602 454 718 493; x_wconf 88' lang='lat' dir='ltr'>rebus</span> <span class='ocrx_word' id='word_1_37' title='bbox 747 453 986 494; x_wconf 82' lang='lat' dir='ltr'>inveniendis</span> <span class='ocrx_word' id='word_1_38' title='bbox 1017 460 1053 494; x_wconf 88' lang='lat' dir='ltr'>et</span> <span class='ocrx_word' id='word_1_39' title='bbox 1077 456 1284 495; x_wconf 76' lang='lat' dir='ltr'>verborum</span> <span class='ocrx_word' id='word_1_40' title='bbox 1313 457 1466 496; x_wconf 90' lang='lat' dir='ltr'>flumine</span> <span class='ocrx_word' id='word_1_41' title='bbox 1495 456 1679 495; x_wconf 83' lang='lat' dir='ltr'>actionis-</span> 
     </span>
     <span class='ocr_line' id='line_1_6' title="bbox 295 521 1680 575; baseline 0.001 -16"><span class='ocrx_word' id='word_1_42' title='bbox 295 533 370 573; x_wconf 87' lang='lat' dir='ltr'>que</span> <span class='ocrx_word' id='word_1_43' title='bbox 399 521 639 561; x_wconf 77' lang='lat' dir='ltr'>vehementia</span> <span class='ocrx_word' id='word_1_44' title='bbox 669 526 803 559; x_wconf 88' lang='lat' dir='ltr'>orator</span> <span class='ocrx_word' id='word_1_45' title='bbox 831 522 937 561; x_wconf 86' lang='lat' dir='ltr'>visus</span> <span class='ocrx_word' id='word_1_46' title='bbox 969 527 1046 569; x_wconf 89' lang='lat' dir='ltr'>est;</span> <span class='ocrx_word' id='word_1_47' title='bbox 1075 523 1109 560; x_wconf 92' lang='lat' dir='ltr'>is</span> <span class='ocrx_word' id='word_1_48' title='bbox 1143 534 1226 561; x_wconf 90' lang='lat' dir='ltr'>cum</span> <span class='ocrx_word' id='word_1_49' title='bbox 1254 522 1344 573; x_wconf 89' lang='lat' dir='ltr'>lege</span> <span class='ocrx_word' id='word_1_50' title='bbox 1370 536 1441 562; x_wconf 89' lang='lat' dir='ltr'>sua</span> <span class='ocrx_word' id='word_1_51' title='bbox 1469 523 1680 575; x_wconf 83' lang='lat' dir='ltr'>plerosque</span> 
     </span>
     <span class='ocr_line' id='line_1_7' title="bbox 293 587 1682 641; baseline 0.001 -15"><span class='ocrx_word' id='word_1_52' title='bbox 293 588 507 627; x_wconf 80' lang='lat' dir='ltr'>nobilitatis</span> <span class='ocrx_word' id='word_1_53' title='bbox 543 588 738 640; x_wconf 86' lang='lat' dir='ltr'>principes</span> <span class='ocrx_word' id='word_1_54' title='bbox 775 587 816 626; x_wconf 92' lang='lat' dir='ltr'>in</span> <span class='ocrx_word' id='word_1_55' title='bbox 850 587 1054 627; x_wconf 82' lang='lat' dir='ltr'>discrimen</span> <span class='ocrx_word' id='word_1_56' title='bbox 1084 588 1325 636; x_wconf 83' lang='lat' dir='ltr'>adduxisset,</span> <span class='ocrx_word' id='word_1_57' title='bbox 1365 595 1559 641; x_wconf 87' lang='lat' dir='ltr'>postremo</span> <span class='ocrx_word' id='word_1_58' title='bbox 1596 590 1682 641; x_wconf 90' lang='lat' dir='ltr'>ipse</span> 
     </span>
     <span class='ocr_line' id='line_1_8' title="bbox 294 652 1682 706; baseline 0 -12"><span class='ocrx_word' id='word_1_59' title='bbox 294 654 428 694; x_wconf 89' lang='lat' dir='ltr'>eadem</span> <span class='ocrx_word' id='word_1_60' title='bbox 451 655 542 706; x_wconf 88' lang='lat' dir='ltr'>lege</span> <span class='ocrx_word' id='word_1_61' title='bbox 571 655 771 694; x_wconf 87' lang='lat' dir='ltr'>damnatus</span> <span class='ocrx_word' id='word_1_62' title='bbox 801 655 955 695; x_wconf 85' lang='lat' dir='ltr'>civitate</span> <span class='ocrx_word' id='word_1_63' title='bbox 986 655 1151 695; x_wconf 86' lang='lat' dir='ltr'>excessit</span> <span class='ocrx_word' id='word_1_64' title='bbox 1170 652 1253 704; x_wconf 81' lang='lat'>(⁵⁰).</span> <span class='ocrx_word' id='word_1_65' title='bbox 1295 657 1359 704; x_wconf 82' lang='lat' dir='ltr'>Sp.</span> <span class='ocrx_word' id='word_1_66' title='bbox 1392 657 1552 693; x_wconf 65' lang='lat' dir='ltr'>Thorius</span> <span class='ocrx_word' id='word_1_67' title='bbox 1575 656 1682 694; x_wconf 87' lang='lat' dir='ltr'>deni-</span> 
     </span>
     <span class='ocr_line' id='line_1_9' title="bbox 295 721 1684 775; baseline -0.001 -13"><span class='ocrx_word' id='word_1_68' title='bbox 295 734 387 775; x_wconf 84' lang='lat' dir='ltr'>que,</span> <span class='ocrx_word' id='word_1_69' title='bbox 418 724 506 760; x_wconf 74' lang='lat' dir='ltr'>Sex.</span> <span class='ocrx_word' id='word_1_70' title='bbox 539 725 680 769; x_wconf 71' lang='lat' dir='ltr'>Titius,</span> <span class='ocrx_word' id='word_1_71' title='bbox 727 723 769 768; x_wconf 87' lang='lat' dir='ltr'>Q.</span> <span class='ocrx_word' id='word_1_72' title='bbox 807 722 960 772; x_wconf 54' lang='lat' dir='ltr'>caepio,</span> <span class='ocrx_word' id='word_1_73' title='bbox 1003 734 1165 774; x_wconf 89' lang='lat' dir='ltr'>quorum</span> <span class='ocrx_word' id='word_1_74' title='bbox 1190 723 1337 774; x_wconf 90' lang='lat' dir='ltr'>primus</span> <span class='ocrx_word' id='word_1_75' title='bbox 1367 734 1404 760; x_wconf 88' lang='lat' dir='ltr'>a.</span> <span class='ocrx_word' id='word_1_76' title='bbox 1437 724 1539 770; x_wconf 79' lang='lat'><strong>647,</strong></span> <span class='ocrx_word' id='word_1_77' title='bbox 1583 721 1684 760; x_wconf 89' lang='lat' dir='ltr'>alter</span> 
     </span>
     <span class='ocr_line' id='line_1_10' title="bbox 295 788 1682 837; baseline -0.002 -8"><span class='ocrx_word' id='word_1_78' title='bbox 295 802 331 829; x_wconf 85' lang='lat' dir='ltr'>a.</span> <span class='ocrx_word' id='word_1_79' title='bbox 363 789 465 837; x_wconf 84' lang='lat'><strong>655,</strong></span> <span class='ocrx_word' id='word_1_80' title='bbox 506 790 642 828; x_wconf 89' lang='lat' dir='ltr'>tertius</span> <span class='ocrx_word' id='word_1_81' title='bbox 673 802 707 828; x_wconf 88' lang='lat' dir='ltr'>a.</span> <span class='ocrx_word' id='word_1_82' title='bbox 734 791 815 829; x_wconf 87' lang='grc'>663</span> <span class='ocrx_word' id='word_1_83' title='bbox 846 789 1021 828; x_wconf 88' lang='lat' dir='ltr'>tribunus</span> <span class='ocrx_word' id='word_1_84' title='bbox 1057 790 1150 837; x_wconf 86' lang='lat' dir='ltr'>suit,</span> <span class='ocrx_word' id='word_1_85' title='bbox 1195 790 1289 828; x_wconf 84' lang='lat' dir='ltr'>satis</span> <span class='ocrx_word' id='word_1_86' title='bbox 1323 789 1507 830; x_wconf 72' lang='lat' dir='ltr'>valebant</span> <span class='ocrx_word' id='word_1_87' title='bbox 1539 789 1579 827; x_wconf 91' lang='lat' dir='ltr'>in</span> <span class='ocrx_word' id='word_1_88' title='bbox 1611 788 1682 827; x_wconf 90' lang='lat' dir='ltr'>illo</span> 
     </span>
     <span class='ocr_line' id='line_1_11' title="bbox 293 854 1685 908; baseline 0 -14"><span class='ocrx_word' id='word_1_89' title='bbox 293 856 479 908; x_wconf 83' lang='lat' dir='ltr'>populari</span> <span class='ocrx_word' id='word_1_90' title='bbox 522 868 666 907; x_wconf 85' lang='lat' dir='ltr'>genere</span> <span class='ocrx_word' id='word_1_91' title='bbox 711 855 862 896; x_wconf 87' lang='lat' dir='ltr'>dicendi</span> <span class='ocrx_word' id='word_1_92' title='bbox 890 854 972 906; x_wconf 81' lang='lat'>(5¹).</span> <span class='ocrx_word' id='word_1_93' title='bbox 1030 856 1100 896; x_wconf 90' lang='lat' dir='ltr'>His</span> <span class='ocrx_word' id='word_1_94' title='bbox 1143 856 1262 908; x_wconf 88' lang='lat' dir='ltr'>paulo</span> <span class='ocrx_word' id='word_1_95' title='bbox 1308 857 1530 908; x_wconf 86' lang='lat' dir='ltr'>superiores</span> <span class='ocrx_word' id='word_1_96' title='bbox 1576 860 1685 894; x_wconf 88' lang='lat' dir='ltr'>erant</span> 
     </span>
     <span class='ocr_line' id='line_1_12' title="bbox 296 923 1682 976; baseline -0.001 -14"><span class='ocrx_word' id='word_1_97' title='bbox 296 924 535 975; x_wconf 86' lang='lat' dir='ltr'>optimatium</span> <span class='ocrx_word' id='word_1_98' title='bbox 565 924 732 976; x_wconf 87' lang='lat' dir='ltr'>patroni.</span> <span class='ocrx_word' id='word_1_99' title='bbox 794 923 965 972; x_wconf 85' lang='lat' dir='ltr'>Quorum</span> <span class='ocrx_word' id='word_1_100' title='bbox 1002 924 1183 975; x_wconf 88' lang='lat' dir='ltr'>princeps</span> <span class='ocrx_word' id='word_1_101' title='bbox 1213 928 1270 962; x_wconf 90' lang='lat' dir='ltr'>est</span> <span class='ocrx_word' id='word_1_102' title='bbox 1303 924 1344 968; x_wconf 93' lang='lat' dir='ltr'>Q.</span> <span class='ocrx_word' id='word_1_103' title='bbox 1375 925 1527 959; x_wconf 68' lang='lat' dir='ltr'>Mucius</span> <span class='ocrx_word' id='word_1_104' title='bbox 1565 925 1608 958; x_wconf 92' lang='lat' dir='ltr'>P.</span> <span class='ocrx_word' id='word_1_105' title='bbox 1639 925 1682 960; x_wconf 90' lang='lat' dir='ltr'>F.</span> 
     </span>
     <span class='ocr_line' id='line_1_13' title="bbox 295 988 1684 1040; baseline 0 -14"><span class='ocrx_word' id='word_1_106' title='bbox 295 991 476 1028; x_wconf 80' lang='lat' dir='ltr'>Scaevola</span> <span class='ocrx_word' id='word_1_107' title='bbox 516 991 561 1030; x_wconf 95' lang='lat' dir='ltr'>L.</span> <span class='ocrx_word' id='word_1_108' title='bbox 600 991 735 1030; x_wconf 84' lang='lat' dir='ltr'>Crassi</span> <span class='ocrx_word' id='word_1_109' title='bbox 773 990 931 1040; x_wconf 81' lang='lat' dir='ltr'>collega</span> <span class='ocrx_word' id='word_1_110' title='bbox 965 991 1004 1028; x_wconf 90' lang='lat' dir='ltr'>in</span> <span class='ocrx_word' id='word_1_111' title='bbox 1042 990 1245 1029; x_wconf 84' lang='lat' dir='ltr'>consulatu</span> <span class='ocrx_word' id='word_1_112' title='bbox 1285 1002 1320 1029; x_wconf 91' lang='lat' dir='ltr'>a.</span> <span class='ocrx_word' id='word_1_113' title='bbox 1349 990 1452 1036; x_wconf 82' lang='lat'><strong>6593</strong></span> <span class='ocrx_word' id='word_1_114' title='bbox 1492 988 1552 1027; x_wconf 62' lang='lat' dir='ltr'>vir</span> <span class='ocrx_word' id='word_1_115' title='bbox 1587 988 1684 1027; x_wconf 89' lang='lat' dir='ltr'>iuris</span> 
     </span>
     <span class='ocr_line' id='line_1_14' title="bbox 292 1054 1684 1108; baseline -0.001 -13"><span class='ocrx_word' id='word_1_116' title='bbox 292 1057 548 1108; x_wconf 82' lang='lat' dir='ltr'>peritissimus</span> <span class='ocrx_word' id='word_1_117' title='bbox 576 1058 829 1108; x_wconf 75' lang='lat' dir='ltr'>gravissimus</span> <span class='ocrx_word' id='word_1_118' title='bbox 856 1057 1206 1104; x_wconf 87' lang='lat' dir='ltr'>constantissimus,</span> <span class='ocrx_word' id='word_1_119' title='bbox 1230 1056 1326 1094; x_wconf 86' lang='lat' dir='ltr'>iuris</span> <span class='ocrx_word' id='word_1_120' title='bbox 1347 1054 1576 1107; x_wconf 85' lang='lat' dir='ltr'>prudentum</span> <span class='ocrx_word' id='word_1_121' title='bbox 1601 1054 1684 1094; x_wconf 88' lang='lat' dir='ltr'>elo—</span> 
     </span>
     <span class='ocr_line' id='line_1_15' title="bbox 295 1122 1685 1176; baseline 0 -15"><span class='ocrx_word' id='word_1_122' title='bbox 295 1123 583 1174; x_wconf 86' lang='lat' dir='ltr'>quentissimus,</span> <span class='ocrx_word' id='word_1_123' title='bbox 621 1124 802 1176; x_wconf 86' lang='lat' dir='ltr'>pontifex</span> <span class='ocrx_word' id='word_1_124' title='bbox 838 1124 1048 1170; x_wconf 83' lang='lat' dir='ltr'>maxiinus;</span> <span class='ocrx_word' id='word_1_125' title='bbox 1089 1134 1201 1174; x_wconf 90' lang='lat' dir='ltr'>quem</span> <span class='ocrx_word' id='word_1_126' title='bbox 1234 1122 1347 1162; x_wconf 88' lang='lat' dir='ltr'>Sulla</span> <span class='ocrx_word' id='word_1_127' title='bbox 1382 1123 1421 1161; x_wconf 93' lang='lat' dir='ltr'>in</span> <span class='ocrx_word' id='word_1_128' title='bbox 1455 1122 1589 1161; x_wconf 87' lang='lat' dir='ltr'>urbem</span> <span class='ocrx_word' id='word_1_129' title='bbox 1624 1122 1685 1161; x_wconf 91' lang='lat' dir='ltr'>in-</span> 
     </span>
     <span class='ocr_line' id='line_1_16' title="bbox 294 1190 1686 1243; baseline -0.001 -14"><span class='ocrx_word' id='word_1_130' title='bbox 294 1196 458 1240; x_wconf 85' lang='lat' dir='ltr'>gruente</span> <span class='ocrx_word' id='word_1_131' title='bbox 494 1192 538 1231; x_wconf 94' lang='lat' dir='ltr'>L.</span> <span class='ocrx_word' id='word_1_132' title='bbox 569 1191 700 1230; x_wconf 88' lang='lat' dir='ltr'>Iunius</span> <span class='ocrx_word' id='word_1_133' title='bbox 730 1191 991 1243; x_wconf 81' lang='lat' dir='ltr'>Damasippus</span> <span class='ocrx_word' id='word_1_134' title='bbox 1017 1190 1289 1230; x_wconf 86' lang='lat' dir='ltr'>Marianarum</span> <span class='ocrx_word' id='word_1_135' title='bbox 1327 1190 1492 1241; x_wconf 90' lang='lat' dir='ltr'>partium</span> <span class='ocrx_word' id='word_1_136' title='bbox 1525 1194 1686 1241; x_wconf 89' lang='lat' dir='ltr'>praetor</span> 
     </span>
     <span class='ocr_line' id='line_1_17' title="bbox 295 1256 1685 1305; baseline 0.001 -10"><span class='ocrx_word' id='word_1_137' title='bbox 295 1256 345 1295; x_wconf 90' lang='lat' dir='ltr'>ad</span> <span class='ocrx_word' id='word_1_138' title='bbox 375 1270 483 1296; x_wconf 85' lang='lat' dir='ltr'>aram</span> <span class='ocrx_word' id='word_1_139' title='bbox 507 1258 648 1299; x_wconf 86' lang='lat' dir='ltr'>Vestae</span> <span class='ocrx_word' id='word_1_140' title='bbox 675 1258 816 1298; x_wconf 87' lang='lat' dir='ltr'>occidit</span> <span class='ocrx_word' id='word_1_141' title='bbox 845 1270 881 1296; x_wconf 89' lang='lat' dir='ltr'>a.</span> <span class='ocrx_word' id='word_1_142' title='bbox 901 1260 1004 1305; x_wconf 82' lang='grc'>672,</span> <span class='ocrx_word' id='word_1_143' title='bbox 1036 1269 1119 1296; x_wconf 87' lang='lat' dir='ltr'>cum</span> <span class='ocrx_word' id='word_1_144' title='bbox 1142 1257 1264 1296; x_wconf 91' lang='lat' dir='ltr'>Marii</span> <span class='ocrx_word' id='word_1_145' title='bbox 1293 1257 1448 1296; x_wconf 85' lang='lat' dir='ltr'>furores</span> <span class='ocrx_word' id='word_1_146' title='bbox 1479 1262 1515 1296; x_wconf 92' lang='lat' dir='ltr'>et</span> <span class='ocrx_word' id='word_1_147' title='bbox 1539 1256 1685 1296; x_wconf 89' lang='lat' dir='ltr'>Cinnae</span> 
     </span>
     <span class='ocr_line' id='line_1_18' title="bbox 295 1321 1685 1375; baseline 0 -13"><span class='ocrx_word' id='word_1_148' title='bbox 295 1324 386 1363; x_wconf 88' lang='lat' dir='ltr'>odia</span> <span class='ocrx_word' id='word_1_149' title='bbox 415 1326 618 1365; x_wconf 87' lang='lat' dir='ltr'>sanctitate</span> <span class='ocrx_word' id='word_1_150' title='bbox 647 1327 750 1366; x_wconf 72' lang='lat' dir='ltr'>vitae</span> <span class='ocrx_word' id='word_1_151' title='bbox 780 1326 945 1364; x_wconf 89' lang='lat' dir='ltr'>intactus</span> <span class='ocrx_word' id='word_1_152' title='bbox 977 1324 1176 1375; x_wconf 86' lang='lat' dir='ltr'>effugisset</span> <span class='ocrx_word' id='word_1_153' title='bbox 1192 1321 1273 1374; x_wconf 75' lang='lat'>(5²).</span> <span class='ocrx_word' id='word_1_154' title='bbox 1330 1324 1456 1363; x_wconf 90' lang='lat' dir='ltr'>Paulo</span> <span class='ocrx_word' id='word_1_155' title='bbox 1489 1324 1685 1375; x_wconf 88' lang='lat' dir='ltr'>antiquior</span> 
     </span>
     <span class='ocr_line' id='line_1_19' title="bbox 293 1390 1682 1438; baseline 0 -10"><span class='ocrx_word' id='word_1_156' title='bbox 293 1390 367 1429; x_wconf 90' lang='lat' dir='ltr'>hoc</span> <span class='ocrx_word' id='word_1_157' title='bbox 406 1391 444 1427; x_wconf 86' lang='lat' dir='ltr'>G.</span> <span class='ocrx_word' id='word_1_158' title='bbox 478 1392 633 1429; x_wconf 72' lang='lat' dir='ltr'>Flavius</span> <span class='ocrx_word' id='word_1_159' title='bbox 671 1393 838 1429; x_wconf 71' lang='lat' dir='ltr'>Fimbria</span> <span class='ocrx_word' id='word_1_160' title='bbox 882 1391 1018 1430; x_wconf 85' lang='lat' dir='ltr'>consul</span> <span class='ocrx_word' id='word_1_161' title='bbox 1059 1403 1143 1430; x_wconf 88' lang='lat' dir='ltr'>cum</span> <span class='ocrx_word' id='word_1_162' title='bbox 1181 1391 1315 1431; x_wconf 87' lang='lat' dir='ltr'>Mario</span> <span class='ocrx_word' id='word_1_163' title='bbox 1356 1403 1392 1429; x_wconf 88' lang='lat' dir='ltr'>a.</span> <span class='ocrx_word' id='word_1_164' title='bbox 1423 1391 1524 1438; x_wconf 88' lang='grc'>650,</span> <span class='ocrx_word' id='word_1_165' title='bbox 1568 1392 1682 1429; x_wconf 89' lang='lat' dir='ltr'>homo</span> 
     </span>
     <span class='ocr_line' id='line_1_20' title="bbox 294 1457 1684 1509; baseline 0.001 -15"><span class='ocrx_word' id='word_1_166' title='bbox 294 1468 412 1508; x_wconf 86' lang='lat' dir='ltr'>asper</span> <span class='ocrx_word' id='word_1_167' title='bbox 439 1461 475 1495; x_wconf 91' lang='lat' dir='ltr'>et</span> <span class='ocrx_word' id='word_1_168' title='bbox 503 1457 623 1508; x_wconf 88' lang='lat' dir='ltr'>paulo</span> <span class='ocrx_word' id='word_1_169' title='bbox 655 1457 872 1504; x_wconf 81' lang='lat' dir='ltr'>horridior3</span> <span class='ocrx_word' id='word_1_170' title='bbox 905 1462 1032 1496; x_wconf 90' lang='lat' dir='ltr'>tamen</span> <span class='ocrx_word' id='word_1_171' title='bbox 1061 1457 1281 1496; x_wconf 86' lang='lat' dir='ltr'>tolerabilis</span> <span class='ocrx_word' id='word_1_172' title='bbox 1314 1462 1502 1509; x_wconf 86' lang='lat' dir='ltr'>patronus</span> <span class='ocrx_word' id='word_1_173' title='bbox 1530 1458 1684 1496; x_wconf 86' lang='lat' dir='ltr'>habitus</span> 
     </span>
     <span class='ocr_line' id='line_1_21' title="bbox 295 1522 1684 1577; baseline 0 -14"><span class='ocrx_word' id='word_1_174' title='bbox 295 1529 352 1563; x_wconf 89' lang='lat' dir='ltr'>est</span> <span class='ocrx_word' id='word_1_175' title='bbox 379 1529 414 1563; x_wconf 88' lang='lat' dir='ltr'>et</span> <span class='ocrx_word' id='word_1_176' title='bbox 440 1525 638 1564; x_wconf 87' lang='lat' dir='ltr'>orationes</span> <span class='ocrx_word' id='word_1_177' title='bbox 663 1524 840 1576; x_wconf 86' lang='lat' dir='ltr'>reliquit,</span> <span class='ocrx_word' id='word_1_178' title='bbox 872 1536 973 1575; x_wconf 91' lang='lat' dir='ltr'>quae</span> <span class='ocrx_word' id='word_1_179' title='bbox 995 1535 1118 1576; x_wconf 89' lang='lat' dir='ltr'>puero</span> <span class='ocrx_word' id='word_1_180' title='bbox 1137 1523 1325 1563; x_wconf 87' lang='lat' dir='ltr'>Cicerone</span> <span class='ocrx_word' id='word_1_181' title='bbox 1349 1524 1583 1574; x_wconf 87' lang='lat' dir='ltr'>legebantur</span> <span class='ocrx_word' id='word_1_182' title='bbox 1599 1522 1684 1577; x_wconf 75' lang='lat'>(53).</span> 
     </span>
     <span class='ocr_line' id='line_1_22' title="bbox 296 1590 1684 1642; baseline 0.004 -15"><span class='ocrx_word' id='word_1_183' title='bbox 296 1591 335 1627; x_wconf 80' lang='grc' dir='ltr'>Ο.</span> <span class='ocrx_word' id='word_1_184' title='bbox 366 1594 487 1628; x_wconf 67' lang='lat' dir='ltr'>Titius</span> <span class='ocrx_word' id='word_1_185' title='bbox 525 1592 638 1631; x_wconf 88' lang='lat' dir='ltr'>homo</span> <span class='ocrx_word' id='word_1_186' title='bbox 677 1592 858 1642; x_wconf 90' lang='lat' dir='ltr'>elegans,</span> <span class='ocrx_word' id='word_1_187' title='bbox 897 1590 964 1629; x_wconf 88' lang='lat' dir='ltr'>sed</span> <span class='ocrx_word' id='word_1_188' title='bbox 1002 1603 1140 1642; x_wconf 90' lang='lat' dir='ltr'>parum</span> <span class='ocrx_word' id='word_1_189' title='bbox 1175 1592 1380 1631; x_wconf 84' lang='lat' dir='ltr'>vehemens</span> <span class='ocrx_word' id='word_1_190' title='bbox 1419 1591 1598 1631; x_wconf 86' lang='lat' dir='ltr'>Ciceroni</span> <span class='ocrx_word' id='word_1_191' title='bbox 1639 1605 1684 1633; x_wconf 90' lang='lat' dir='ltr'>eo</span> 
     </span>
     <span class='ocr_line' id='line_1_23' title="bbox 294 1657 1686 1711; baseline 0.001 -13"><span class='ocrx_word' id='word_1_192' title='bbox 294 1657 446 1698; x_wconf 86' lang='lat' dir='ltr'>videtur</span> <span class='ocrx_word' id='word_1_193' title='bbox 468 1659 712 1709; x_wconf 81' lang='lat' dir='ltr'>pervenisse,</span> <span class='ocrx_word' id='word_1_194' title='bbox 745 1670 821 1711; x_wconf 89' lang='lat' dir='ltr'>quo</span> <span class='ocrx_word' id='word_1_195' title='bbox 848 1658 933 1709; x_wconf 87' lang='lat' dir='ltr'>quis</span> <span class='ocrx_word' id='word_1_196' title='bbox 956 1658 1038 1696; x_wconf 90' lang='lat' dir='ltr'>sine</span> <span class='ocrx_word' id='word_1_197' title='bbox 1064 1658 1301 1698; x_wconf 89' lang='lat' dir='ltr'>Graecarum</span> <span class='ocrx_word' id='word_1_198' title='bbox 1322 1658 1524 1698; x_wconf 89' lang='lat' dir='ltr'>literarum</span> <span class='ocrx_word' id='word_1_199' title='bbox 1548 1661 1686 1699; x_wconf 91' lang='lat' dir='ltr'>notitia</span> 
     </span>
     <span class='ocr_line' id='line_1_24' title="bbox 294 1724 1685 1777; baseline 0.003 -15"><span class='ocrx_word' id='word_1_200' title='bbox 294 1724 438 1776; x_wconf 89' lang='lat' dir='ltr'>possit;</span> <span class='ocrx_word' id='word_1_201' title='bbox 475 1724 576 1763; x_wconf 90' lang='lat' dir='ltr'>idem</span> <span class='ocrx_word' id='word_1_202' title='bbox 607 1731 723 1777; x_wconf 73' lang='lat' dir='ltr'>poeta</span> <span class='ocrx_word' id='word_1_203' title='bbox 753 1730 933 1775; x_wconf 63' lang='lat' dir='ltr'>arguam,</span> <span class='ocrx_word' id='word_1_204' title='bbox 963 1724 1030 1764; x_wconf 87' lang='lat' dir='ltr'>sed</span> <span class='ocrx_word' id='word_1_205' title='bbox 1058 1726 1210 1765; x_wconf 86' lang='lat' dir='ltr'>minime</span> <span class='ocrx_word' id='word_1_206' title='bbox 1240 1726 1373 1776; x_wconf 82' lang='lat' dir='ltr'>gravis</span> <span class='ocrx_word' id='word_1_207' title='bbox 1403 1727 1442 1765; x_wconf 90' lang='lat' dir='ltr'>in</span> <span class='ocrx_word' id='word_1_208' title='bbox 1470 1727 1685 1777; x_wconf 86' lang='lat' dir='ltr'>tragoediis</span> 
     </span>
     <span class='ocr_line' id='line_1_25' title="bbox 296 1788 1685 1845; baseline 0.003 -15"><span class='ocrx_word' id='word_1_209' title='bbox 296 1791 376 1830; x_wconf 89' lang='lat' dir='ltr'>suis</span> <span class='ocrx_word' id='word_1_210' title='bbox 401 1788 481 1841; x_wconf 57' lang='lat'>(524).</span> <span class='ocrx_word' id='word_1_211' title='bbox 541 1792 663 1831; x_wconf 91' lang='lat' dir='ltr'>Huius</span> <span class='ocrx_word' id='word_1_212' title='bbox 692 1792 844 1832; x_wconf 68' lang='lat' dir='ltr'>videtur</span> <span class='ocrx_word' id='word_1_213' title='bbox 873 1791 983 1831; x_wconf 86' lang='lat' dir='ltr'>locus</span> <span class='ocrx_word' id='word_1_214' title='bbox 1014 1793 1108 1831; x_wconf 90' lang='lat' dir='ltr'>satis</span> <span class='ocrx_word' id='word_1_215' title='bbox 1134 1793 1284 1845; x_wconf 90' lang='lat' dir='ltr'>amplus</span> <span class='ocrx_word' id='word_1_216' title='bbox 1316 1793 1419 1845; x_wconf 87' lang='lat' dir='ltr'>apud</span> <span class='ocrx_word' id='word_1_217' title='bbox 1438 1794 1685 1834; x_wconf 82' lang='lat' dir='ltr'>Macrobium</span> 
     </span>
     <span class='ocr_line' id='line_1_26' title="bbox 296 1857 1684 1911; baseline 0.003 -14"><span class='ocrx_word' id='word_1_218' title='bbox 296 1863 471 1898; x_wconf 83' lang='lat' dir='ltr'>servatus</span> <span class='ocrx_word' id='word_1_219' title='bbox 496 1857 586 1909; x_wconf 78' lang='lat'><strong>(55):</strong></span> <span class='ocrx_word' id='word_1_220' title='bbox 627 1871 848 1910; x_wconf 87' lang='lat' dir='ltr'>quanquam</span> <span class='ocrx_word' id='word_1_221' title='bbox 885 1859 918 1897; x_wconf 93' lang='lat' dir='ltr'>is</span> <span class='ocrx_word' id='word_1_222' title='bbox 951 1860 1229 1911; x_wconf 88' lang='lat' dir='ltr'>compositione</span> <span class='ocrx_word' id='word_1_223' title='bbox 1260 1860 1450 1899; x_wconf 87' lang='lat' dir='ltr'>dissoluta</span> <span class='ocrx_word' id='word_1_224' title='bbox 1488 1866 1524 1900; x_wconf 92' lang='lat' dir='ltr'>et</span> <span class='ocrx_word' id='word_1_225' title='bbox 1555 1862 1684 1901; x_wconf 74' lang='lat' dir='ltr'>verbis</span> 
     </span>
     <span class='ocr_line' id='line_1_27' title="bbox 294 1925 1686 1978; baseline 0.001 -15"><span class='ocrx_word' id='word_1_226' title='bbox 294 1926 612 1977; x_wconf 88' lang='lat' dir='ltr'>incomptioribus</span> <span class='ocrx_word' id='word_1_227' title='bbox 652 1925 883 1978; x_wconf 89' lang='lat' dir='ltr'>antiquioris</span> <span class='ocrx_word' id='word_1_228' title='bbox 921 1927 1059 1964; x_wconf 89' lang='lat' dir='ltr'>aetatis</span> <span class='ocrx_word' id='word_1_229' title='bbox 1100 1928 1309 1978; x_wconf 87' lang='lat' dir='ltr'>imaginem</span> <span class='ocrx_word' id='word_1_230' title='bbox 1343 1927 1476 1967; x_wconf 83' lang='lat' dir='ltr'>refert.</span> <span class='ocrx_word' id='word_1_231' title='bbox 1537 1929 1575 1965; x_wconf 79' lang='lat' dir='ltr'>G.</span> <span class='ocrx_word' id='word_1_232' title='bbox 1606 1931 1686 1965; x_wconf 80' lang='grc' dir='ltr'>Ρα-</span> 
     </span>
     <span class='ocr_line' id='line_1_28' title="bbox 294 1992 1686 2046; baseline 0.002 -16"><span class='ocrx_word' id='word_1_233' title='bbox 294 1995 414 2042; x_wconf 75' lang='lat' dir='ltr'>pirius</span> <span class='ocrx_word' id='word_1_234' title='bbox 452 1993 491 2031; x_wconf 89' lang='lat' dir='ltr'>C.</span> <span class='ocrx_word' id='word_1_235' title='bbox 523 1996 566 2030; x_wconf 91' lang='lat' dir='ltr'>F.</span> <span class='ocrx_word' id='word_1_236' title='bbox 600 1992 719 2030; x_wconf 78' lang='lat' dir='ltr'>Carbo</span> <span class='ocrx_word' id='word_1_237' title='bbox 751 1994 917 2038; x_wconf 74' lang='lat' dir='ltr'>Arvina,</span> <span class='ocrx_word' id='word_1_238' title='bbox 965 1992 1269 2044; x_wconf 85' lang='lat' dir='ltr'>eloquentissimi</span> <span class='ocrx_word' id='word_1_239' title='bbox 1308 1994 1415 2033; x_wconf 91' lang='lat' dir='ltr'>illius</span> <span class='ocrx_word' id='word_1_240' title='bbox 1452 1994 1574 2043; x_wconf 85' lang='lat' dir='ltr'>filius,</span> <span class='ocrx_word' id='word_1_241' title='bbox 1620 1995 1686 2046; x_wconf 90' lang='lat' dir='ltr'>qui</span> 
     </span>
     <span class='ocr_line' id='line_1_29' title="bbox 297 2059 1684 2112; baseline 0.001 -14"><span class='ocrx_word' id='word_1_242' title='bbox 297 2071 381 2098; x_wconf 87' lang='lat' dir='ltr'>cum</span> <span class='ocrx_word' id='word_1_243' title='bbox 403 2060 559 2112; x_wconf 85' lang='lat' dir='ltr'>reliqua</span> <span class='ocrx_word' id='word_1_244' title='bbox 583 2060 787 2099; x_wconf 89' lang='lat' dir='ltr'>nobilitate</span> <span class='ocrx_word' id='word_1_245' title='bbox 807 2059 1021 2098; x_wconf 87' lang='lat' dir='ltr'>trucidatus</span> <span class='ocrx_word' id='word_1_246' title='bbox 1052 2064 1108 2098; x_wconf 91' lang='lat' dir='ltr'>est</span> <span class='ocrx_word' id='word_1_247' title='bbox 1133 2060 1433 2112; x_wconf 87' lang='lat' dir='ltr'>aDamasippo‚</span> <span class='ocrx_word' id='word_1_248' title='bbox 1466 2073 1549 2100; x_wconf 90' lang='lat' dir='ltr'>cum</span> <span class='ocrx_word' id='word_1_249' title='bbox 1577 2061 1684 2101; x_wconf 90' lang='lat' dir='ltr'>solus</span> 
     </span>
     <span class='ocr_line' id='line_1_30' title="bbox 296 2125 1685 2178; baseline 0.001 -12"><span class='ocrx_word' id='word_1_250' title='bbox 296 2125 518 2166; x_wconf 84' lang='lat' dir='ltr'>Carbonum</span> <span class='ocrx_word' id='word_1_251' title='bbox 555 2138 576 2166; x_wconf 90' lang='lat' dir='ltr'>e</span> <span class='ocrx_word' id='word_1_252' title='bbox 608 2138 650 2166; x_wconf 88' lang='lat' dir='ltr'>re</span> <span class='ocrx_word' id='word_1_253' title='bbox 680 2126 838 2178; x_wconf 87' lang='lat' dir='ltr'>publica</span> <span class='ocrx_word' id='word_1_254' title='bbox 869 2126 962 2166; x_wconf 83' lang='lat' dir='ltr'>civis</span> <span class='ocrx_word' id='word_1_255' title='bbox 998 2126 1229 2175; x_wconf 83' lang='lat' dir='ltr'>haberetur,</span> <span class='ocrx_word' id='word_1_256' title='bbox 1268 2127 1456 2166; x_wconf 88' lang='lat' dir='ltr'>orationis</span> <span class='ocrx_word' id='word_1_257' title='bbox 1492 2129 1685 2178; x_wconf 66' lang='lat' dir='ltr'>gravitate</span> 
     </span>
    </p>
   </div>
   <div class='ocr_carea' id='block_1_3' title="bbox 297 2279 1685 2721">
    <p class='ocr_par' dir='ltr' id='par_1_3' title="bbox 297 2279 1685 2721">
     <span class='ocr_line' id='line_1_31' title="bbox 390 2279 1683 2324; baseline 0.002 -11"><span class='ocrx_word' id='word_1_258' title='bbox 390 2280 450 2324; x_wconf 75' lang='lat'>49)</span> <span class='ocrx_word' id='word_1_259' title='bbox 478 2280 550 2315; x_wconf 85' lang='lat' dir='ltr'>Cic.</span> <span class='ocrx_word' id='word_1_260' title='bbox 571 2279 674 2314; x_wconf 83' lang='lat' dir='ltr'>Brut.</span> <span class='ocrx_word' id='word_1_261' title='bbox 694 2280 751 2322; x_wconf 77' lang='grc'>62,</span> <span class='ocrx_word' id='word_1_262' title='bbox 769 2279 847 2314; x_wconf 88' lang='grc'>222.</span> <span class='ocrx_word' id='word_1_263' title='bbox 876 2280 972 2316; x_wconf 80' lang='lat' dir='ltr'>Vell.</span> <span class='ocrx_word' id='word_1_264' title='bbox 993 2279 1033 2316; x_wconf 86' lang='grc' dir='ltr'>ΙΙ.</span> <span class='ocrx_word' id='word_1_265' title='bbox 1057 2279 1109 2314; x_wconf 89' lang='grc'>13.</span> <span class='ocrx_word' id='word_1_266' title='bbox 1228 2279 1286 2323; x_wconf 86' lang='grc'>50)</span> <span class='ocrx_word' id='word_1_267' title='bbox 1314 2279 1387 2314; x_wconf 87' lang='lat' dir='ltr'>Cic.</span> <span class='ocrx_word' id='word_1_268' title='bbox 1407 2279 1512 2314; x_wconf 83' lang='lat' dir='ltr'>Brut.</span> <span class='ocrx_word' id='word_1_269' title='bbox 1532 2279 1589 2323; x_wconf 80' lang='grc'>62,</span> <span class='ocrx_word' id='word_1_270' title='bbox 1606 2280 1683 2316; x_wconf 87' lang='grc'>221.</span> 
     </span>
     <span class='ocr_line' id='line_1_32' title="bbox 297 2335 1683 2380; baseline 0 -9"><span class='ocrx_word' id='word_1_271' title='bbox 297 2335 362 2378; x_wconf 83' lang='grc'>89,</span> <span class='ocrx_word' id='word_1_272' title='bbox 386 2335 464 2371; x_wconf 88' lang='grc'>306.</span> <span class='ocrx_word' id='word_1_273' title='bbox 500 2336 581 2371; x_wconf 80' lang='lat' dir='ltr'>val.</span> <span class='ocrx_word' id='word_1_274' title='bbox 600 2336 703 2371; x_wconf 79' lang='lat' dir='ltr'>Max.</span> <span class='ocrx_word' id='word_1_275' title='bbox 724 2336 819 2371; x_wconf 83' lang='lat' dir='ltr'>Vlll.</span> <span class='ocrx_word' id='word_1_276' title='bbox 841 2336 881 2378; x_wconf 80' lang='grc'>6,</span> <span class='ocrx_word' id='word_1_277' title='bbox 900 2338 930 2370; x_wconf 87' lang='grc'>4.</span> <span class='ocrx_word' id='word_1_278' title='bbox 1050 2336 1109 2380; x_wconf 88' lang='grc'>51)</span> <span class='ocrx_word' id='word_1_279' title='bbox 1136 2336 1206 2371; x_wconf 85' lang='lat' dir='ltr'>Cic.</span> <span class='ocrx_word' id='word_1_280' title='bbox 1228 2336 1329 2370; x_wconf 84' lang='lat' dir='ltr'>Brut.</span> <span class='ocrx_word' id='word_1_281' title='bbox 1349 2336 1405 2378; x_wconf 85' lang='grc'>36,</span> <span class='ocrx_word' id='word_1_282' title='bbox 1424 2336 1497 2371; x_wconf 88' lang='grc'>136.</span> <span class='ocrx_word' id='word_1_283' title='bbox 1523 2337 1586 2379; x_wconf 85' lang='grc'>62,</span> <span class='ocrx_word' id='word_1_284' title='bbox 1604 2337 1683 2372; x_wconf 76' lang='grc'>225.</span> 
     </span>
     <span class='ocr_line' id='line_1_33' title="bbox 298 2391 1685 2440; baseline 0.001 -14"><span class='ocrx_word' id='word_1_285' title='bbox 298 2392 402 2426; x_wconf 88' lang='lat' dir='ltr'>Hunc</span> <span class='ocrx_word' id='word_1_286' title='bbox 427 2392 557 2426; x_wconf 86' lang='lat' dir='ltr'>Titium</span> <span class='ocrx_word' id='word_1_287' title='bbox 578 2391 757 2439; x_wconf 82' lang='lat' dir='ltr'>significat</span> <span class='ocrx_word' id='word_1_288' title='bbox 777 2393 849 2427; x_wconf 79' lang='lat' dir='ltr'>Dio</span> <span class='ocrx_word' id='word_1_289' title='bbox 876 2393 999 2439; x_wconf 79' lang='lat' dir='ltr'>fragm.</span> <span class='ocrx_word' id='word_1_290' title='bbox 1022 2393 1096 2426; x_wconf 80' lang='grc'>114.</span> <span class='ocrx_word' id='word_1_291' title='bbox 1121 2405 1154 2437; x_wconf 90' lang='lat' dir='ltr'>p.</span> <span class='ocrx_word' id='word_1_292' title='bbox 1177 2393 1252 2428; x_wconf 81' lang='lat'>106.</span> <span class='ocrx_word' id='word_1_293' title='bbox 1276 2394 1393 2427; x_wconf 84' lang='lat' dir='ltr'>Sturz.</span> <span class='ocrx_word' id='word_1_294' title='bbox 1421 2392 1600 2440; x_wconf 76' lang='grc' dir='ltr'>ἀγοραῖον</span> <span class='ocrx_word' id='word_1_295' title='bbox 1623 2396 1685 2427; x_wconf 73' lang='grc' dir='ltr'>καὶ</span> 
     </span>
     <span class='ocr_line' id='line_1_34' title="bbox 299 2448 1683 2495; baseline 0 -12"><span class='ocrx_word' id='word_1_296' title='bbox 299 2449 340 2483; x_wconf 69' lang='grc' dir='ltr'>ἐκ</span> <span class='ocrx_word' id='word_1_297' title='bbox 360 2450 603 2493; x_wconf 71' lang='grc' dir='ltr'>δικαστηρίων</span> <span class='ocrx_word' id='word_1_298' title='bbox 627 2449 690 2485; x_wconf 72' lang='grc' dir='ltr'>τὸν</span> <span class='ocrx_word' id='word_1_299' title='bbox 705 2448 785 2494; x_wconf 85' lang='grc' dir='ltr'><em>βιόν</em></span> <span class='ocrx_word' id='word_1_300' title='bbox 803 2448 1029 2494; x_wconf 77' lang='grc' dir='ltr'>ποιούμενον</span> <span class='ocrx_word' id='word_1_301' title='bbox 1056 2461 1209 2491; x_wconf 81' lang='lat' dir='ltr'>vocans,</span> <span class='ocrx_word' id='word_1_302' title='bbox 1233 2450 1297 2484; x_wconf 84' lang='lat' dir='ltr'>sed</span> <span class='ocrx_word' id='word_1_303' title='bbox 1321 2449 1451 2482; x_wconf 81' lang='lat' dir='ltr'>iniuria</span> <span class='ocrx_word' id='word_1_304' title='bbox 1470 2451 1683 2495; x_wconf 80' lang='lat' dir='ltr'>cognomine</span> 
     </span>
     <span class='ocr_line' id='line_1_35' title="bbox 304 2504 1684 2552; baseline 0 -13"><span class='ocrx_word' id='word_1_305' title='bbox 304 2504 448 2540; x_wconf 80' lang='lat' dir='ltr'>Gaium</span> <span class='ocrx_word' id='word_1_306' title='bbox 473 2506 568 2541; x_wconf 84' lang='lat' dir='ltr'>dicit.</span> <span class='ocrx_word' id='word_1_307' title='bbox 619 2507 813 2552; x_wconf 80' lang='lat' dir='ltr'>Caepionis</span> <span class='ocrx_word' id='word_1_308' title='bbox 838 2507 872 2540; x_wconf 89' lang='lat' dir='ltr'>in</span> <span class='ocrx_word' id='word_1_309' title='bbox 891 2507 1062 2541; x_wconf 80' lang='lat' dir='ltr'>Scaurum</span> <span class='ocrx_word' id='word_1_310' title='bbox 1088 2507 1169 2552; x_wconf 70' lang='lat' dir='ltr'>lege</span> <span class='ocrx_word' id='word_1_311' title='bbox 1187 2506 1302 2540; x_wconf 78' lang='lat' dir='ltr'>Varia</span> <span class='ocrx_word' id='word_1_312' title='bbox 1327 2506 1442 2540; x_wconf 82' lang='lat' dir='ltr'>oratio</span> <span class='ocrx_word' id='word_1_313' title='bbox 1469 2507 1573 2539; x_wconf 83' lang='lat' dir='ltr'>etiam</span> <span class='ocrx_word' id='word_1_314' title='bbox 1593 2506 1684 2541; x_wconf 79' lang='lat' dir='ltr'>Cha-</span> 
     </span>
     <span class='ocr_line' id='line_1_36' title="bbox 299 2561 1682 2609; baseline -0.001 -13"><span class='ocrx_word' id='word_1_315' title='bbox 299 2562 371 2596; x_wconf 83' lang='lat' dir='ltr'>risii</span> <span class='ocrx_word' id='word_1_316' title='bbox 394 2567 514 2597; x_wconf 80' lang='lat' dir='ltr'>aetate</span> <span class='ocrx_word' id='word_1_317' title='bbox 537 2570 746 2609; x_wconf 78' lang='lat' dir='ltr'>supererat3</span> <span class='ocrx_word' id='word_1_318' title='bbox 767 2576 807 2606; x_wconf 64' lang='lat' dir='ltr'>y.</span> <span class='ocrx_word' id='word_1_319' title='bbox 836 2576 872 2609; x_wconf 89' lang='lat' dir='ltr'>p.</span> <span class='ocrx_word' id='word_1_320' title='bbox 891 2563 966 2598; x_wconf 72' lang='lat'>174.</span> <span class='ocrx_word' id='word_1_321' title='bbox 991 2568 1026 2597; x_wconf 84' lang='lat' dir='ltr'>et</span> <span class='ocrx_word' id='word_1_322' title='bbox 1047 2562 1121 2599; x_wconf 77' lang='lat'>198..</span> <span class='ocrx_word' id='word_1_323' title='bbox 1236 2563 1293 2605; x_wconf 83' lang='grc'>52)</span> <span class='ocrx_word' id='word_1_324' title='bbox 1320 2563 1391 2598; x_wconf 83' lang='lat' dir='ltr'>Cic.</span> <span class='ocrx_word' id='word_1_325' title='bbox 1407 2561 1510 2596; x_wconf 91' lang='lat' dir='ltr'>Brut.</span> <span class='ocrx_word' id='word_1_326' title='bbox 1527 2562 1588 2603; x_wconf 67' lang='lat'>39.</span> <span class='ocrx_word' id='word_1_327' title='bbox 1610 2562 1682 2595; x_wconf 82' lang='grc'>145.</span> 
     </span>
     <span class='ocr_line' id='line_1_37' title="bbox 299 2617 1680 2664; baseline 0.001 -12"><span class='ocrx_word' id='word_1_328' title='bbox 299 2619 361 2661; x_wconf 81' lang='grc'>40,</span> <span class='ocrx_word' id='word_1_329' title='bbox 388 2618 462 2653; x_wconf 83' lang='grc'>148.</span> <span class='ocrx_word' id='word_1_330' title='bbox 579 2621 638 2664; x_wconf 83' lang='grc'>53)</span> <span class='ocrx_word' id='word_1_331' title='bbox 673 2622 746 2657; x_wconf 78' lang='lat' dir='ltr'>Cic.</span> <span class='ocrx_word' id='word_1_332' title='bbox 773 2620 876 2655; x_wconf 82' lang='lat' dir='ltr'>Brut.</span> <span class='ocrx_word' id='word_1_333' title='bbox 905 2620 968 2662; x_wconf 74' lang='lat'>34,</span> <span class='ocrx_word' id='word_1_334' title='bbox 996 2620 1069 2655; x_wconf 87' lang='grc'>129.</span> <span class='ocrx_word' id='word_1_335' title='bbox 1187 2621 1246 2663; x_wconf 75' lang='grc'>54)</span> <span class='ocrx_word' id='word_1_336' title='bbox 1281 2619 1353 2656; x_wconf 88' lang='lat' dir='ltr'>Cic.</span> <span class='ocrx_word' id='word_1_337' title='bbox 1387 2618 1488 2654; x_wconf 84' lang='lat' dir='ltr'>Brut.</span> <span class='ocrx_word' id='word_1_338' title='bbox 1513 2618 1577 2660; x_wconf 76' lang='lat'>45,</span> <span class='ocrx_word' id='word_1_339' title='bbox 1606 2617 1680 2654; x_wconf 73' lang='lat'>167.</span> 
     </span>
     <span class='ocr_line' id='line_1_38' title="bbox 302 2674 1046 2721; baseline 0.003 -12"><span class='ocrx_word' id='word_1_340' title='bbox 302 2687 335 2710; x_wconf 84' lang='lat' dir='ltr'>v.</span> <span class='ocrx_word' id='word_1_341' title='bbox 362 2674 552 2721; x_wconf 77' lang='lat' dir='ltr'>Explicatt.</span> <span class='ocrx_word' id='word_1_342' title='bbox 671 2678 730 2720; x_wconf 76' lang='lat'>55)</span> <span class='ocrx_word' id='word_1_343' title='bbox 757 2677 900 2712; x_wconf 75' lang='lat' dir='ltr'>saturn.</span> <span class='ocrx_word' id='word_1_344' title='bbox 927 2675 966 2711; x_wconf 88' lang='lat' dir='ltr'>ll.</span> <span class='ocrx_word' id='word_1_345' title='bbox 996 2675 1046 2711; x_wconf 85' lang='grc'>12.</span> 
     </span>
    </p>
   </div>
   <div class='ocr_carea' id='block_1_4' title="bbox 1783 284 1835 3126">
    <p class='ocr_par' dir='ltr' id='par_1_4' title="bbox 1783 284 1835 3126">
     <span class='ocr_line' id='line_1_39' title="bbox 1783 284 1835 3126; baseline 0 0"><span class='ocrx_word' id='word_1_346' title='bbox 1783 284 1835 3126; x_wconf 95' lang='lat' dir='ltr'> </span> 
     </span>
    </p>
   </div>
  </div>
 </body>
</html>
