1835 3126
318 230 451 286 404
745 231 1277 276 EXPLICATIONES

322 353 361 392 in
388 350 484 390 urhe
514 351 731 394 manserat,
773 345 977 384 nobilitate
1007 343 1219 384 trucidatus
1251 350 1307 384 est
1338 358 1362 385 a
1389 346 1434 385 L.
1468 342 1709 394 Damasippo

322 422 527 469 praetore:
556 427 591 454 v.
621 414 833 452 Drumann.
859 411 958 451 Hist.
987 411 1034 451 R.
1065 415 1091 449 t.
1122 410 1152 449 Ι.
1181 422 1220 462 p.
1242 412 1329 459 54„
1361 412 1468 450 cuius
1490 409 1710 450 testimonio

323 484 508 534 Meyerus
537 482 668 520 utitur.

435 561 562 586 veram
604 545 769 594 causam]
815 543 918 583 male
961 542 1132 594 explicat
1167 541 1396 593 Bernhardy
1440 553 1595 581 causam
1637 553 1714 580 non

325 616 451 655 fictam
480 614 541 655 vel
572 613 811 659 simulatam,
845 610 956 662 quasi
979 610 1167 649 Antistius
1198 614 1285 648 ante
1315 608 1354 647 id
1383 613 1531 659 tempus
1560 609 1599 646 in
1629 608 1716 647 sola

327 681 610 721 declamatione
639 679 818 718 ludorum
839 682 1016 717 versatus
1043 682 1162 723 esset,
1194 675 1298 727 quod
1323 687 1396 714 uno
1420 675 1539 715 verbo
1563 674 1716 711 rabulae

328 749 422 788 satis
447 747 654 787 refellitur.
699 746 818 786 Recte
839 745 1024 795 Meyerus
1047 757 1174 781 veram
1194 742 1385 782 intellexit
1409 753 1579 792 gravem,
1606 740 1717 792 quasi

328 816 481 855 nomine
510 814 581 853 illo
613 812 737 853 solam
767 811 936 862 dignam.
982 810 1189 862 Copiosius
1214 809 1260 849 de
1285 821 1330 848 eo
1351 809 1545 850 vocabulo
1569 808 1717 858 egimus

329 884 367 922 in
395 881 511 934 Expl.
546 881 586 920 in
618 880 698 920 Cic.
730 878 777 918 de
808 879 874 919 Or.
905 878 953 918 ΙΙ.
986 879 1061 925 23,
1091 878 1158 917 94.

440 961 534 998 227.
591 961 690 995 inter
726 955 1006 1007 prosectionem]
1050 954 1164 995 Sulla
1202 955 1241 993 in
1281 953 1485 994 Graeciam
1521 952 1719 1005 profectus

330 1026 515 1067 adversus
537 1024 804 1065 Mithridatem
828 1035 862 1061 a.
890 1024 971 1062 667
994 1022 1111 1061 rediit
1135 1034 1169 1060 a.
1197 1023 1291 1061 672.
1338 1020 1505 1060 Corradi
1528 1030 1722 1058 morosum

329 1093 513 1132 iudicium
545 1091 593 1130 de
622 1092 695 1130 hoc
724 1090 813 1129 loco
845 1095 901 1128 est
936 1089 1191 1141 improbantis
1221 1088 1470 1134 Ciceronem,
1510 1086 1613 1138 quod
1644 1086 1722 1124 iam

331 1170 432 1198 anno
475 1163 564 1196 ante
594 1161 729 1195 contra
758 1156 942 1196 Caesaris
972 1156 1198 1207 petitionem
1230 1154 1360 1193 dicens
1387 1155 1575 1206 probatus
1604 1152 1723 1191 fuerit

330 1224 530 1266 Antistius,
589 1222 677 1261 Non
715 1220 811 1261 vidit
841 1222 940 1259 enim
972 1221 1113 1259 dictum
1149 1220 1189 1258 id
1220 1232 1305 1259 esse
1336 1234 1360 1259 a
1388 1221 1554 1272 potiori,
1591 1225 1633 1259 ut
1661 1220 1722 1259 lo-

332 1296 518 1344 quuntur,
557 1289 650 1341 quia
679 1288 848 1339 quinque
888 1288 998 1326 annis
1038 1286 1126 1338 plus
1162 1286 1289 1325 laudis
1321 1299 1436 1338 quam
1464 1299 1542 1325 una
1572 1287 1724 1326 actione

332 1358 523 1409 colligere
551 1355 735 1408 potuerit.

446 1433 644 1482 occiderat]
688 1445 712 1471 a
742 1431 857 1472 Sulla
894 1431 1017 1470 hostis
1056 1442 1140 1469 cum
1169 1430 1302 1470 Mario
1336 1429 1527 1469 iudicatus
1560 1441 1597 1469 a.
1628 1430 1724 1479 666,

335 1504 445 1541 Cotta
470 1502 509 1540 in
533 1500 711 1540 exsilium
737 1499 872 1552 pulsus
896 1498 987 1549 lege
1010 1498 1154 1547 Varia,
1187 1497 1306 1539 Curio
1328 1509 1412 1537 cum
1435 1497 1549 1538 Sulla
1569 1496 1725 1548 legatus

332 1570 484 1609 aberat.

445 1645 584 1687 LXIV.
643 1647 691 1684 L.
723 1643 897 1692 Sisenna]
929 1655 965 1683 v.
995 1641 1178 1694 prolegg.
1211 1640 1244 1694 §.
1271 1642 1337 1682 44.

445 1726 563 1763 yenus
602 1712 670 1750 hoc
705 1710 932 1760 scriptionis]
968 1709 1070 1748 idem
1109 1709 1255 1748 iudicat
1292 1710 1339 1749 de
1372 1710 1501 1760 Legg.
1530 1705 1559 1747 I.
1597 1710 1643 1757 2,
1674 1710 1728 1757 6.,

336 1780 405 1820 sed
426 1778 461 1831 ᾧ.
478 1782 518 1819 7.
543 1779 664 1829 longe
688 1777 955 1817 inclementius
979 1776 1026 1816 de
1043 1776 1210 1816 Sisenna
1233 1781 1269 1816 et
1294 1783 1452 1816 oratore
1478 1780 1514 1815 et
1535 1776 1727 1828 scriptore

336 1847 551 1893 existimat,
583 1846 727 1896 quippe
753 1844 953 1884 veritatem
977 1849 1149 1891 secutus,
1173 1855 1257 1882 cum
1279 1844 1317 1883 in
1341 1844 1462 1883 Bruto
1488 1842 1528 1882 id
1553 1848 1664 1894 agat,
1686 1846 1727 1881 nt

334 1914 508 1954 homines
539 1912 653 1951 etiam
680 1910 797 1963 plane
833 1909 1000 1949 infantes
1035 1909 1200 1954 studium
1229 1910 1476 1962 eloquentiae
1504 1909 1728 1949 attribuisse

336 1979 527 2020 ostendat.

451 2058 494 2102 Q.
526 2053 716 2102 Hortensi]
748 2066 783 2093 v.
810 2052 993 2104 prolegg.
1025 2054 1060 2107 ς.
1090 2054 1159 2092 42.

449 2124 545 2162 229,
604 2122 650 2157 L.
684 2120 820 2157 Crasso
853 2120 898 2164 Q.
929 2118 1125 2168 Scaevola]
1165 2130 1201 2158 a.
1232 2117 1330 2168 659,
1369 2130 1453 2158 cnm
1489 2119 1574 2171 ipse
1608 2120 1728 2161 unde-

338 2190 476 2243 viginti
505 2199 627 2228 annos
665 2176 788 2225 natus
809 2190 931 2233 esset;
968 2185 1175 2236 ignoratur
1204 2191 1331 2225 autem
1361 2197 1463 2238 quae
1490 2186 1563 2225 illa
1590 2188 1728 2239 prima,

340 2271 453 2311 quam
478 2257 518 2296 in
541 2255 629 2294 foro
655 2253 769 2301 dixit,
798 2264 918 2292 causa
940 2251 1077 2301 fuerit3
1108 2252 1243 2292 eodem
1268 2253 1383 2292 etiam
1406 2265 1506 2293 anno
1530 2254 1569 2292 in
1593 2260 1729 2294 senatu

341 2337 498 2366 cansam
525 2322 686 2363 Africae
713 2321 834 2360 nihilo
865 2320 1055 2359 notiorem
1085 2321 1185 2371 egit:
1214 2333 1249 2361 v.
1281 2320 1328 2360 de
1352 2321 1417 2360 Or.
1442 2320 1508 2360 III.
1537 2321 1611 2369 61,
1635 2323 1728 2362 229.

454 2415 501 2440 eac
530 2414 601 2451 quo
629 2399 809 2448 videmus]
849 2398 964 2437 etiam
1002 2397 1049 2437 de
1077 2399 1150 2437 hac
1180 2398 1369 2448 formula,
1408 2403 1448 2437 ut
1478 2398 1524 2437 de
1552 2398 1729 2450 plurimis

342 2470 453 2517 aliis,
476 2466 743 2508 inutilissimas
765 2465 1024 2505 dubitationes
1048 2466 1166 2506 movit
1183 2465 1371 2505 Krebsius
1393 2466 1432 2504 in
1446 2465 1731 2514 Antibarhar03

342 2536 410 2576 sed
438 2533 662 2588 plenissime
692 2532 863 2572 defendit
890 2533 952 2573 vir
981 2531 1114 2572 doctus
1140 2533 1330 2572 Antonius
1360 2533 1399 2571 in
1429 2539 1730 2585 programmate,

343 2602 448 2656 quod
475 2605 634 2648 vocant,
662 2600 821 2639 scholae
850 2599 1117 2640 Roslebiensis
1146 2612 1181 2639 a.
1214 2601 1319 2640 1831
1352 2599 1454 2639 edito
1484 2612 1521 2652 p.
1551 2602 1616 2640 27.

454 2678 605 2728 Accius]
636 2677 776 2718 Laelio
805 2682 842 2717 et
866 2677 1064 2729 Caepione
1094 2677 1316 2717 consulibus
1347 2690 1382 2717 a.
1406 2679 1509 2726 6143
1538 2678 1729 2718 Pacuvius

343 2752 455 2787 natus
486 2759 522 2786 a.
545 2745 647 2795 534,
676 2744 818 2788 Accius
849 2757 885 2785 a.
909 2743 1004 2785 585.
1060 2744 1106 2787 V.
1129 2744 1347 2785 Glintonum
1377 2745 1417 2784 in
1437 2745 1565 2786 Fascis
1594 2744 1729 2784 Helle-
