1835 3126
365 129 562 173 BREVIS
593 128 988 182 ELOQUENTIAE
1019 130 1154 175 ROM.
1185 131 1328 174 HIST.
1468 134 1538 178 25

152 246 242 293 fuit,
280 245 480 285 ornatiore
521 249 558 285 et
595 245 820 284 literatiore
855 244 1007 285 dicendi
1044 257 1188 296 genere
1225 250 1430 298 superatus
1460 251 1540 294 est;

152 312 290 364 quibus
320 312 437 352 rebus
468 323 553 351 cum
582 323 629 351 ne
653 311 931 352 Demosthenes
961 313 1113 364 quidem
1133 314 1359 354 Ciceronem
1388 319 1540 365 aequet,

149 383 277 418 tamen
300 380 495 430 gravitate
514 379 714 418 fulminum
743 379 783 418 in
806 380 936 419 hostes
966 381 1131 420 civitatis
1158 381 1397 421 vibratorum
1422 381 1540 431 longe

150 446 276 486 maior
308 451 444 486 orator
474 447 775 494 existimabitur,
815 446 938 487 donec
968 448 1142 487 veritatis
1172 460 1306 487 sensus
1337 447 1440 500 apud
1468 449 1540 488 110-

152 514 271 553 mines
301 513 460 554 valebit.
519 514 699 554 Iocorum
731 514 883 565 quidem
911 514 1058 566 leporis
1088 515 1341 563 urbanitatis,
1374 526 1474 567 quae
1502 516 1540 553 in

151 580 299 621 Crasso
330 581 403 620 fuit
422 578 491 632 (⁶2)
519 582 586 622 vix
614 581 738 620 tenuis
772 581 962 632 quaedam
991 582 1128 620 umbra
1157 582 1206 621 ad
1236 593 1306 621 nos
1336 583 1540 634 pervenire

149 648 295 699 potuit3
337 649 502 688 actionis
537 649 596 688 vis
633 653 670 688 et
707 647 909 686 artificium
934 645 1007 698 (⁰3)
1048 649 1087 686 in
1127 648 1362 688 audientium
1403 649 1540 688 animis

150 715 347 755 movendis
396 716 703 767 potentissimum
755 714 930 764 legentes
974 715 1100 764 fugit:
1155 715 1222 753 sed
1274 727 1322 753 ex
1363 716 1540 766 pauculis

149 781 357 821 dictionum
393 781 570 832 reliquiis
601 793 649 820 ea
685 781 810 831 spirat
847 781 996 829 ingenii
1035 781 1236 819 maturitas
1267 782 1541 820 sententiarum

149 847 320 897 dignitas
360 848 568 887 verborum
606 846 805 896 elegantia
849 845 1054 885 affectuum
1097 858 1174 885 non
1219 847 1460 886 miserationi
1506 852 1542 887 et

147 914 298 954 fletibus
329 912 526 954 movendis
558 912 955 961 accommodatorum,
992 912 1060 952 sed
1090 913 1296 963 grandium
1333 918 1369 952 et
1398 914 1541 953 nobilis

148 980 347 1021 cuiusdam
367 980 646 1031 indignationis
663 980 976 1032 plenissimorum
998 981 1258 1028 vehementia,
1281 985 1333 1028 ut,
1359 981 1389 1019 si
1413 982 1542 1020 onmia

148 1047 285 1089 Crassi
320 1052 479 1101 praeter
508 1047 640 1088 divina
667 1047 740 1086 illa
767 1048 889 1088 verba
926 1048 965 1086 in
994 1047 1214 1100 Philippum
1246 1047 1349 1087 dicta
1378 1049 1541 1099 ignora-

146 1126 301 1162 remus,
355 1119 483 1154 tamen
527 1114 774 1166 eloquentiae
817 1115 1018 1155 Romanae
1061 1114 1270 1154 secundum
1314 1114 1541 1155 Ciceronem

145 1182 326 1234 princeps
356 1181 565 1223 videretur.

259 1248 403 1288 Seculo
444 1255 533 1301 post
571 1249 765 1290 Christum
803 1249 929 1289 altero
969 1247 1104 1289 Crassi
1142 1249 1330 1288 memoria
1368 1251 1541 1298 exaruit;

147 1326 218 1354 nec
248 1316 347 1354 enim
378 1316 481 1368 apud
508 1317 743 1357 Frontonem
772 1328 843 1356 nec
871 1316 975 1368 apud
1002 1316 1168 1356 Gellium
1198 1317 1280 1356 eius
1312 1318 1541 1356 mentionem

147 1382 233 1421 fieri
267 1383 453 1422 videmus.
512 1384 562 1423 Hi
604 1385 703 1423 enim
747 1385 858 1423 nimis
904 1383 1067 1423 studiosi
1112 1384 1357 1434 antiquorum
1402 1385 1541 1423 cultius

150 1449 284 1489 Crassi
314 1450 532 1500 ingenium,
563 1451 631 1490 sed
660 1462 730 1490 nec
760 1451 888 1489 multis
920 1462 991 1489 nec
1014 1450 1146 1501 politis
1175 1450 1377 1489 literarum
1407 1464 1541 1491 monu-

148 1517 284 1556 mentis
323 1518 592 1567 consignatum
629 1517 903 1568 negligebant,
943 1516 1132 1558 Catonum
1161 1518 1387 1570 Scipionum
1419 1518 1541 1559 Grac-

146 1584 306 1623 chorum
338 1584 607 1624 admiratores,

777 1691 811 1745 §.
844 1693 910 1732 28.

706 1767 748 1802 L.
772 1767 975 1813 Philippus.

256 1850 423 1891 Summis
470 1848 680 1890 duumviris
724 1850 782 1890 M.
826 1850 994 1890 Antonio
1045 1855 1082 1890 et
1124 1850 1171 1890 L.
1219 1848 1364 1891 Crasso
1412 1857 1541 1893 aetate

144 1918 320 1970 proxime
351 1917 581 1966 accedebat,
622 1918 796 1957 instituto
826 1918 931 1958 vitae
969 1922 1005 1956 et
1037 1918 1095 1956 rei
1124 1917 1306 1970 publicae
1337 1920 1536 1969 gerendae

145 1984 422 2024 dissimillimus
463 1990 547 2024 erat
585 1985 631 2024 L.
658 1985 836 2026 Marcius
875 1985 922 2035 Q.
952 1985 996 2025 F.
1026 1985 1230 2038 Philippus
1257 1983 1339 2038 (⁰⁴).
1398 1987 1540 2026 Paucis

143 2052 244 2091 hunc
287 2053 398 2091 annis
437 2052 482 2091 L.
522 2051 668 2093 Crasso
708 2052 895 2092 minorem
932 2052 1054 2091 fuisse
1092 2058 1265 2105 oportet,
1313 2054 1346 2092 si
1386 2054 1540 2104 quidem

143 2124 369 2171 praeturam
393 2119 516 2170 gessit
545 2131 580 2158 a.
606 2119 689 2159 656
720 2124 776 2167 et,
808 2130 892 2157 cum
915 2131 963 2157 ne
985 2130 1055 2158 suo
1081 2119 1236 2170 quidem
1266 2132 1367 2159 anno
1399 2132 1540 2159 consu-

235 2270 296 2313 62)
334 2270 407 2305 Cic.
434 2269 479 2303 de
508 2267 572 2304 Or.
603 2269 648 2304 11.
674 2270 735 2311 54,
760 2269 838 2305 220.
957 2269 1017 2312 63)
1052 2270 1125 2304 Cic.
1152 2269 1259 2306 Brut.
1286 2270 1347 2313 43,
1375 2271 1448 2305 158.
1491 2272 1538 2306 (le

147 2326 211 2363 Or.
239 2326 282 2360 11.
307 2327 368 2367 45,
399 2326 475 2361 188.
590 2326 650 2369 64)
682 2327 742 2360 De
775 2326 845 2360 hoc
880 2327 1023 2371 scripsit
1051 2326 1222 2361 Brossius
1256 2327 1336 2370 (des
1362 2326 1537 2371 Brosses)

144 2384 179 2418 in
205 2384 331 2418 histor.
358 2383 466 2417 Acad.
489 2382 604 2416 Paris.
630 2383 695 2417 litt.
722 2383 834 2429 elegg.
858 2384 931 2418 vol.
955 2383 1107 2419 xxvii.
1135 2395 1170 2428 p.
1189 2383 1257 2417 406
1272 2393 1347 2428 sqq.
1398 2384 1455 2419 De
1480 2397 1538 2420 ae-

145 2446 219 2475 tate
252 2440 327 2474 eius
353 2438 562 2473 manifestus
593 2444 647 2473 est
670 2439 942 2473 Westermanni
970 2451 1071 2474 error
1094 2451 1127 2484 p.
1158 2439 1232 2474 loo.
1258 2451 1290 2474 a.
1316 2440 1384 2474 629
1417 2447 1537 2476 natum

145 2496 394 2530 existimantis.
442 2495 525 2532 Quo
550 2495 657 2529 niodo
684 2497 777 2529 enini
806 2508 924 2530 senem
953 2496 1023 2530 dici
1050 2497 1246 2541 potuisset,
1272 2508 1349 2530 011111
1380 2509 1446 2542 pro
1470 2498 1536 2533 Cn.

143 2552 311 2596 Pompeii
335 2550 437 2586 bonis
463 2551 599 2586 diceret
624 2564 655 2587 a.
676 2552 768 2587 6682
797 2553 893 2598 quod
920 2558 1036 2587 tamen
1059 2552 1140 2587 fieri
1158 2552 1320 2588 videmus
1342 2553 1415 2589 Cie.
1432 2553 1536 2588 Brut.

143 2609 210 2651 64,
229 2608 326 2649 230.;
352 2607 532 2652 quomodo
556 2613 639 2653 post
663 2609 843 2654 repulsam
869 2610 994 2644 consul
1019 2608 1101 2645 fieri
1128 2622 1160 2645 a.
1179 2609 1270 2653 663,
1294 2610 1430 2646 scilieet
1451 2621 1536 2655 qua-

147 2669 227 2699 tuor
250 2667 283 2701 &
308 2665 453 2710 triginta
478 2676 593 2700 annos
618 2666 748 2701 natus?
