1835 3126
487 252 709 296 RERUM
738 253 801 296 IN
832 253 1057 297 EXPLL.
1088 255 1372 298 TRAGTT.
1499 255 1624 300 453

230 362 406 398 Multum
432 364 453 397 i.
479 374 511 408 q.
537 375 650 410 saepe
675 365 754 400 310.

231 417 276 453 L.
303 424 339 454 et
364 417 433 466 Sp.
462 418 652 455 Mummii
677 421 808 456 fratres
832 421 888 456 94.

231 474 396 510 Munere
424 476 533 511 civili
555 475 720 521 functus
743 475 905 519 ἰσοτελής
927 476 983 513 63.

230 529 499 578 Municipales
527 537 652 577 gentes
676 532 863 567 Romanae
889 532 968 568 294.

232 585 352 632 Myro
377 588 572 622 statuarius
597 587 652 623 70.

235 753 298 788 Cn.
327 752 472 788 Naevii
494 755 604 799 poeta
629 760 729 790 aetas
755 760 790 789 et
814 767 910 790 mors
935 755 991 791 60.

230 808 365 844 Naevo
391 813 428 843 et
456 809 680 856 crepundiis
704 811 822 847 factae
849 813 1050 858 agnitiones
1075 815 1171 860 apud
1197 816 1353 852 comicos
1378 817 1456 853 313,

226 870 320 912 post
348 865 477 900 Natos
500 865 676 901 homines
703 868 834 903 dictum
856 868 1080 905 Lucilianum
1103 871 1180 906 224.

229 922 377 957 Nestor
401 928 436 957 et
460 923 591 957 Ulixes
617 925 786 970 exempla
811 925 1005 970 eloquendi
1028 927 1223 963 Homerica
1246 930 1300 965 40.

233 977 280 1019 Q.
307 978 488 1013 Nobilior
511 979 619 1013 Ennii
646 980 833 1015 familiaris
862 981 916 1016 79.

229 1034 320 1069 Non
347 1039 432 1069 tam
459 1035 591 1070 dictum
617 1036 776 1081 elliptice
801 1036 856 1071 58.

227 1090 338 1125 Nota
361 1092 536 1126 memoria
558 1092 580 1126 i.
607 1103 641 1136 q.
667 1099 833 1126 notorum
857 1091 936 1127 244.

227 1145 364 1181 Novae
388 1147 510 1192 fruges
538 1146 590 1181 16.

229 1201 458 1239 Numerosa
484 1203 600 1237 oratio
627 1209 663 1237 et
688 1207 785 1250 apta
808 1203 1072 1249 distinguuntur
1096 1206 1152 1242 68.

227 1368 284 1410 M.
316 1367 505 1404 Octavius
531 1370 585 1405 Ti.
611 1369 764 1405 Gracchi
791 1370 934 1416 collega
957 1370 1013 1406 95.
1037 1390 1084 1398 —
1120 1374 1211 1410 alius
1234 1375 1313 1411 222.

231 1425 298 1460 Cn.
325 1423 511 1460 Octavius
539 1426 614 1461 176.
637 1445 684 1452 —
716 1427 805 1461 alius
829 1426 908 1462 222.
933 1447 978 1453 -
1013 1440 1137 1466 eorum
1162 1443 1249 1477 gens
1274 1432 1463 1469 Veliterna
1485 1437 1565 1473 294.

229 1480 273 1523 Q.
305 1480 439 1525 Ofella
467 1481 540 1516 178.

230 1536 407 1582 Ossia-ina
432 1537 592 1573 dicendi
617 1538 720 1572 ludus
744 1537 913 1574 Isocratis
937 1540 992 1576 32.

230 1593 421 1638 Officium
446 1594 627 1628 clientium
656 1594 735 1629 220.

232 1649 450 1697 Opimiana
475 1656 563 1684 nota
585 1651 663 1686 vini
687 1650 766 1686 287.

230 1705 339 1753 Opus
368 1707 567 1740 oratorium
590 1706 669 1743 200.

231 1761 371 1797 Oratio
399 1775 444 1797 ex
470 1764 589 1797 activo
618 1764 654 1796 in
678 1763 861 1808 passivum
886 1765 1066 1800 transiens
1093 1766 1168 1804 196.

232 1818 424 1854 Oratoria
451 1821 695 1853 enumeratio
720 1820 743 1854 i.
768 1831 802 1864 q.
830 1826 1013 1855 oratorum
1036 1820 1116 1857 319.

230 1873 405 1911 Ornatus
428 1886 567 1910 scenae
591 1881 626 1910 et
648 1874 734 1920 fori
757 1875 836 1911 274.

226 2040 440 2077 Palaestra
466 2046 501 2076 et
522 2042 760 2089 palaestrae
788 2043 924 2076 institui
948 2042 1003 2076 37.

224 2098 449 2133 Palicanus
475 2098 633 2132 tribunus
658 2098 775 2142 plebis
799 2098 877 2133 223.

225 2153 463 2188 Pammenes
492 2153 617 2187 rhetor
641 2153 749 2188 Bruti
771 2154 943 2198 magister
971 2153 1051 2188 332.

225 2207 270 2244 L.
293 2208 490 2256 Papirius
516 2209 754 2254 Fregellanus
781 2215 906 2244 orator
933 2210 1009 2246 170.

224 2265 476 2301 Partitiones
502 2265 688 2300 Hortensii
710 2267 894 2301 inventum
919 2265 997 2301 302.

224 2333 272 2356 ex
296 2320 467 2356 Passivo
493 2322 529 2356 in
554 2322 711 2356 activum
737 2323 917 2357 transiens
942 2323 1060 2358 oratio
1089 2323 1165 2359 196.

224 2377 379 2411 Pellere
403 2378 540 2412 initium
568 2378 646 2413 297.

223 2432 436 2468 Pellucens
462 2435 579 2468 oratio
604 2434 682 2468 274.

224 2488 283 2523 M.
309 2488 470 2524 Pennus
497 2489 652 2524 Gracchi
681 2490 913 2525 adversarius
940 2490 1016 2525 109.

224 2543 482 2590 Perfrinqere
508 2545 645 2580 animos
671 2547 716 2580 de
742 2547 946 2581 delectante
971 2546 1028 2581 38.

225 2599 397 2635 Periclis
422 2602 560 2647 scripta
583 2601 638 2636 27.
662 2621 709 2627 -
745 2603 820 2637 eius
853 2603 1063 2648 eloquentia
1094 2608 1131 2638 et
1162 2603 1322 2640 sublimis
1351 2609 1384 2641 ὃς
1419 2607 1532 2643 dulcis
1564 2609 1619 2643 38.

270 2657 327 2691 44.
354 2656 410 2691 59.

226 2711 510 2747 Perorationes
535 2712 700 2748 Ciceroni
723 2714 877 2760 relinqui
900 2715 1030 2751 solitae
1056 2715 1132 2752 190.

236 2768 276 2803 G.
302 2767 469 2806 Persius
492 2769 600 2806 homo
625 2770 752 2807 doctus
775 2771 831 2808 99.
