1835 3126
378 160 575 206 BREVIS
606 159 1002 214 ELOQUENTIAE
1032 160 1168 207 ROM.
1198 162 1343 208 HIST.
1437 164 1556 210 139

169 275 372 319 Veteribus
403 275 494 316 dicti
523 280 629 326 sunt;
659 276 794 316 abiicit
819 276 975 317 eosdem
996 278 1103 329 Aper
1132 278 1172 317 in
1195 277 1357 330 dialogo
1387 277 1436 318 de
1465 290 1557 318 ora-

169 344 318 384 toribus
341 340 428 394 (3),
467 344 616 384 Statius
655 350 784 384 autem
820 346 1070 386 oscitationes
1104 346 1216 387 Bruti
1253 347 1340 399 ipsc
1378 346 1559 387 oscitanti

169 410 289 463 longe
317 411 483 452 similior
509 423 655 454 vocare
684 425 801 452 ausus
833 418 890 453 est
915 410 993 464 (⁴).

827 556 836 565 .
867 523 934 566 53.

681 600 721 635 C.
746 523 891 636 Asi§nius
916 600 1048 635 Pollio.

286 680 325 720 G.
356 681 514 719 Asinius
541 682 663 720 Pollio
694 687 809 733 gente
838 687 927 722 ante
955 683 1081 735 ipsum
1111 682 1279 722 obscura
1308 686 1416 722 ortus
1447 681 1560 734 quasi

170 747 316 788 medius
347 750 573 788 constitutus
603 754 661 789 est
689 750 790 788 inter
818 750 982 788 liberam
1008 761 1090 788 rem
1113 749 1308 800 publicam
1334 754 1371 788 et
1393 748 1561 799 Augusti

169 816 441 868 principatum.
485 814 608 853 Natus
633 815 733 853 enim
759 828 794 854 a.
823 817 906 855 678
922 813 984 865 (5)
1008 816 1176 853 honores
1203 816 1280 853 iam
1304 820 1393 853 ante
1414 815 1560 853 bellum

168 882 283 921 civile
326 886 450 920 ortum
494 881 617 930 gessit
652 885 689 920 et
726 881 853 920 causis
890 880 1062 920 dicendis
1098 893 1176 920 non
1212 881 1388 931 ignobile
1422 892 1561 919 nomen

166 948 323 997 habuit3
364 948 513 988 Caesar
543 947 710 987 dictator
740 948 911 987 amicitia
938 953 975 987 et
1003 948 1273 987 familiaritate
1301 947 1458 999 dignum
1487 960 1561 999 pu-

167 1016 265 1055 tavit
308 1020 345 1054 et
384 1014 435 1054 ad
470 1020 694 1067 praeturam
733 1015 899 1055 sustulit.
955 1017 1067 1055 Anno
1099 1015 1223 1055 altero
1253 1020 1342 1068 post
1368 1014 1562 1067 praelium

166 1079 420 1134 Philippense
460 1082 578 1134 (713)
610 1082 852 1122 consulatum
889 1084 1040 1135 accepit
1069 1082 1303 1122 concedente
1333 1083 1562 1130 Octaviano,

168 1151 283 1202 quasi
310 1151 350 1189 in
373 1150 586 1202 praemium
612 1150 834 1202 prudentis,
865 1150 932 1189 sed
956 1151 1112 1203 publice
1134 1150 1380 1202 perniciosae
1405 1155 1562 1189 cuncta-

165 1217 283 1256 tionis
305 1218 406 1257 inter
423 1217 702 1257 Caesarianam
723 1218 932 1257 factionem
957 1223 994 1257 et
1016 1218 1210 1257 libertatis
1235 1218 1460 1257 defensores
1479 1216 1494 1263 (
1504 1215 1559 1270 6).

168 1284 248 1325 Gur
286 1284 468 1325 Caesaris
511 1290 644 1337 partes
686 1291 839 1325 secutus
877 1286 927 1325 sit
956 1286 1041 1338 ipse
1081 1285 1341 1338 probabiliter
1382 1286 1563 1338 exposuit

167 1353 342 1392 scribens
373 1353 423 1392 ad
447 1353 674 1392 Ciceronem
694 1353 849 1394 DiverS.
871 1353 922 1393 X.
948 1355 1014 1393 30.
1063 1353 1163 1394 Nam
1191 1354 1286 1392 satis
1317 1354 1399 1392 eius
1423 1365 1562 1392 nomen

167 1419 283 1459 bellis
310 1419 493 1460 Caesaris
524 1420 760 1459 illustratum
791 1425 896 1468 erat,
926 1421 968 1459 in
997 1420 1135 1472 quibus
1160 1425 1295 1472 partes
1324 1420 1428 1459 haud
1451 1432 1563 1472 sper—-

169 1487 315 1527 nendas
358 1487 492 1538 gessit.
556 1486 791 1526 Interfuerat
829 1488 929 1526 enim
968 1487 1121 1540 praelio
1159 1487 1409 1535 Pharsalico,
1454 1487 1561 1527 bello

169 1559 396 1607 persecutus
427 1558 484 1593 est
512 1553 550 1592 in
574 1554 711 1594 Africa
739 1555 1019 1607 Pompeianos,
1049 1555 1240 1605 insignem
1270 1566 1431 1606 operam
1461 1553 1563 1594 Cae-

170 1622 252 1662 sari
288 1622 445 1662 navavit
479 1633 613 1674 pugna
651 1621 755 1673 apud
783 1621 971 1662 Mundam
1000 1622 1214 1673 Hispaniae
1249 1622 1455 1660 commissa
1482 1620 1562 1672 (⁷).

170 1688 266 1730 Cum
286 1690 454 1730 Antonio
484 1689 558 1728 tuit
587 1688 636 1728 ad
664 1701 800 1741 pacem
829 1700 952 1740 usque
975 1687 1250 1727 Brundisinam
1273 1685 1362 1738 (S);
1395 1687 1482 1726 dein
1513 1687 1564 1727 ad

169 1757 381 1798 Caesarem
411 1756 665 1798 Octavianum
700 1755 873 1803 transiit,
911 1755 993 1795 sive
1022 1754 1216 1794 luxuriem
1241 1755 1349 1794 illius
1381 1759 1418 1794 et
1447 1754 1565 1795 Cleo-

168 1830 308 1878 patrae
351 1823 615 1876 impotentiam
660 1834 824 1875 perosus
869 1823 951 1862 sive
995 1822 1099 1874 quod
1145 1822 1236 1861 talis
1275 1833 1404 1861 rerum
1442 1827 1564 1861 status

169 1892 418 1931 mutationem
443 1891 654 1944 properari
679 1889 946 1945 praevidebat.
990 1890 1202 1942 Postquam
1227 1901 1300 1942 pro
1332 1890 1491 1928 consule
1518 1889 1566 1929 de

166 1959 361 2000 Dalmatis
390 1958 714 2011 triumphaverat,
754 1959 802 1997 ab
831 1957 1045 1997 honoribus
1077 1963 1113 1997 et
1147 1957 1368 1996 muneribus
1397 1957 1565 2009 publicis

168 2027 351 2079 gerendis
376 2038 462 2066 sese
483 2027 646 2067 removit
669 2030 723 2075 et,
750 2038 833 2066 cum
858 2025 1066 2065 ditissimus
1092 2030 1214 2073 esset,
1245 2025 1286 2064 in
1312 2026 1391 2065 otio
1407 2025 1565 2065 literato

169 2095 382 2135 consenuit.
440 2093 521 2134 Nec
558 2099 667 2133 tanta
705 2094 787 2133 eius
824 2093 912 2132 laus
953 2093 1129 2132 oratoria
1157 2093 1248 2140 fuit,
1291 2105 1375 2132 cum
1402 2094 1565 2133 virtutes

170 2163 359 2214 quasdam
394 2163 435 2201 in
472 2161 543 2200 illo
581 2172 727 2210 genere
756 2160 969 2198 maioribus
999 2160 1100 2198 vitiis
1132 2159 1382 2207 exstinguere
1410 2159 1566 2198 videre-

168 2235 249 2276 tur,
282 2240 396 2280 quam
426 2227 628 2278 scriptoris
658 2227 931 2272 historiarum3
962 2236 1032 2263 nec
1061 2225 1263 2276 scriptoris
1286 2230 1392 2264 tanta
1416 2238 1565 2274 rursus,

169 2301 318 2349 quanta
360 2295 603 2334 literatorum
645 2293 839 2331 hominum
880 2292 1047 2331 fautoris
1095 2296 1131 2330 et
1170 2292 1295 2331 amici.
1362 2292 1485 2331 Huius
1524 2293 1565 2331 in

170 2362 412 2404 orationibus
450 2372 595 2411 magna
634 2365 719 2399 erat
756 2360 1000 2399 tractationis
1029 2358 1254 2410 diligentia,
1294 2360 1420 2399 maior
1449 2360 1565 2399 etiam

262 2538 299 2581 3)
334 2549 362 2572 c.
385 2537 442 2572 21.
556 2537 593 2577 4)
627 2536 716 2571 silv.
749 2534 811 2569 IX.
843 2535 899 2570 20.
1017 2535 1053 2578 5)
1086 2535 1146 2570 De
1177 2536 1248 2570 hoc
1281 2546 1316 2570 v.
1342 2535 1562 2570 Thorbeckii

171 2595 297 2629 librum
326 2593 440 2639 Lugd.
467 2605 497 2627 a.
519 2593 607 2628 1820
632 2593 785 2634 editun13
821 2603 1019 2638 quanquam
1053 2593 1083 2627 is
1116 2593 1161 2627 de
1186 2604 1281 2627 anno
1307 2594 1418 2626 natali
1443 2600 1561 2634 errat;

172 2650 357 2696 expedivit
389 2650 575 2685 Clintonus
606 2650 799 2684 secundum
830 2650 1035 2685 Eusebium.
1151 2651 1188 2693 6)
1222 2650 1380 2695 Appian.
1414 2649 1475 2683 111.
1504 2649 1561 2683 97.

171 2707 208 2751 7)
235 2708 328 2753 App.
356 2706 398 2744 11.
420 2706 474 2743 82.
510 2707 604 2742 Plut.
631 2707 736 2762 Caes.
762 2707 817 2744 52.
851 2707 945 2742 ven.
971 2706 1013 2743 11.
1033 2705 1087 2741 73.
1205 2707 1244 2752 s>
1267 2707 1422 2753 Appian.
1442 2705 1560 2742 V.64.
