1835 3126
525 167 783 211 BRUTUS
825 167 944 212 CAP.
974 172 1041 212 25.
1072 172 1140 213 26.
1417 175 1527 218 197

137 278 254 321 Hunc
290 279 474 321 studiose
512 280 591 321 duo
630 280 920 322 adolescentes
958 283 1284 336 ingeniosissimi
1321 290 1361 325 et
1398 297 1523 340 prope

137 356 337 412 aequales
375 354 420 397 C.
459 355 596 400 Carbo
642 365 682 400 et
718 357 784 400 Ti.
824 358 1037 402 Gracchus
1076 361 1218 402 audire
1258 361 1369 403 soliti
1408 368 1522 403 sunt:

137 434 186 476 de
232 434 379 489 quibus
423 436 507 477 iam
552 435 717 478 dicendi
760 437 878 479 locus
910 440 1011 487 erit,
1058 452 1148 480 cum
1193 438 1242 480 de
1288 439 1524 482 senioribus

134 524 269 568 pauca
306 512 461 556 dixero.
523 512 571 564 Q.
604 516 711 556 enim
742 514 960 571 Pompeius
990 530 1074 558 non
1102 522 1353 572 contemptus
1384 522 1525 559 orator

131 590 383 646 temporibus
423 592 507 634 illis
542 592 632 642 suit,
675 595 743 649 qui
781 607 961 636 summos
1001 593 1181 636 honores
1215 594 1337 637 homo
1371 608 1445 650 per
1475 608 1522 636 se

133 670 322 723 cognitus
364 670 453 711 sine
495 670 582 711 ulla
619 672 973 714 commendatione
1011 673 1211 714 maiorum
1244 679 1306 714 est
1337 672 1521 728 adeptus.

129 747 197 789 97.
231 746 336 789 Tum
367 746 415 789 L.
449 746 622 790 Cassius
653 750 819 791 multum
850 752 997 806 potuit,
1037 763 1120 791 non
1150 750 1405 805 eloquentia,
1446 751 1522 793 sed

128 825 304 869 dicendo
346 833 502 877 tamen3
538 826 659 869 homo
696 841 780 870 non
808 827 1081 876 liberalitate,
1118 833 1158 868 ut
1190 827 1283 876 alii,
1322 827 1397 868 sed
1427 829 1522 883 ipsa

125 905 294 947 tristitia
329 910 367 946 et
407 905 626 946 severitate
656 903 887 959 popularis:
929 904 1045 945 cuius
1077 903 1241 959 quidem
1269 903 1355 958 legi
1386 904 1521 946 tabel-

126 982 260 1024 lariae
302 980 359 1022 M.
398 981 546 1023 Antius
584 979 708 1023 Briso
752 980 939 1023 tribunus
983 980 1119 1037 plebis
1164 982 1234 1023 diu
1274 983 1422 1024 restitit
1457 981 1517 1023 M.

124 1058 283 1114 Lepido
314 1058 484 1101 consule
517 1058 757 1110 adiuvante3
789 1072 921 1115 eaque
954 1072 1023 1101 res
1054 1058 1098 1100 P.
1127 1059 1330 1102 Africano
1360 1061 1518 1116 vitupe-

123 1138 276 1180 rationi
317 1137 410 1187 fuit‚
448 1136 557 1192 quod
596 1138 686 1179 eius
728 1140 970 1180 auctoritate
1002 1138 1052 1179 de
1084 1139 1289 1180 sententia
1320 1138 1517 1180 deductus

122 1214 245 1258 Briso
290 1215 518 1272 putabatur.
587 1214 694 1258 Tum
738 1216 817 1259 duo
857 1214 1091 1272 Caepiones
1136 1217 1304 1259 multum
1343 1216 1516 1258 clientes

121 1294 299 1337 consilio
327 1300 366 1336 et
392 1294 556 1349 lingua,
586 1294 678 1350 plus
713 1296 956 1337 auctoritate
986 1301 1125 1337 tamen
1155 1301 1193 1337 et
1216 1296 1355 1350 gratia
1376 1294 1516 1337 suble-

122 1373 288 1421 vabant,
346 1377 373 1426 †
399 1371 495 1414 Sex.
518 1371 687 1429 Pompei
715 1380 807 1416 sunt
837 1375 991 1430 scripta
1020 1387 1098 1416 nec
1127 1374 1250 1415 nimis
1281 1379 1513 1422 extenuata,

123 1464 357 1507 quanquam
384 1457 569 1492 veterum
599 1457 662 1493 est
692 1451 863 1503 similis,
896 1458 935 1493 et
963 1452 1088 1508 plena
1116 1452 1371 1507 prudentiae.

234 1527 388 1570 XXVI.
432 1528 499 1570 98.
547 1527 591 1570 P.
639 1527 837 1571 Crassum
880 1529 1003 1572 valde
1048 1529 1265 1586 probatum
1307 1534 1513 1572 oratorem

120 1607 251 1650 isdem
289 1607 377 1649 sere
414 1606 666 1663 temporibus
703 1610 958 1664 accepimus,
996 1609 1066 1664 qui
1103 1614 1142 1650 et
1179 1609 1348 1662 ingenio
1384 1606 1514 1650 valuit

205 1742 249 1768 97.
289 1739 357 1767 Sex.
375 1740 516 1775 Pompei]
537 1740 598 1767 Sed
617 1740 760 1776 Pompeii.

210 1854 265 1889 97.
315 1853 570 1897 liberalitate]
598 1852 805 1887 hilaritate
821 1852 929 1893 Ern.;
948 1853 983 1887 id
1002 1859 1056 1887 est
1071 1854 1106 1887 in
1120 1852 1184 1900 Lg.
1198 1853 1310 1888 35.—
1335 1853 1510 1896 clientes]

118 1911 290 1947 dicentes
317 1909 405 1944 Par.
425 1909 472 1945 D.
518 1910 693 1944 dicentes
718 1910 766 1944 cle
791 1909 954 1944 consilio
979 1910 1045 1944 Gu.
1074 1911 1101 1945 l.
1126 1928 1172 1937 »-
1206 1908 1299 1945 Sex.
1328 1908 1511 1956 Pompei]

116 1966 302 2001 Posterius
328 1965 393 2012 Lg.
421 1978 546 2001 omnes
573 1972 718 2011 praeter
734 1966 812 2009 35.‚
838 1967 922 2000 item
947 1965 1038 2000 Ven.
1059 1966 1086 2000 1.
1103 1966 1135 2002 2.
1173 1964 1248 2001 Ott.
1274 1966 1356 2001 Vat.
1383 1965 1449 1999 Gu.
1468 1964 1511 2008 1.‚

115 2023 172 2057 cui
199 2023 236 2057 id
262 2034 383 2057 rarum
411 2029 477 2058 est.
527 2021 647 2064 Sex„
678 2022 860 2069 Madvigii
885 2023 1173 2058 emendationem
1203 2021 1339 2069 Opusc.
1369 2034 1404 2067 p.
1433 2021 1510 2056 138.

113 2080 336 2124 recepimus‚
369 2091 446 2113 cum
472 2079 507 2113 in
535 2079 633 2113 libris
660 2084 696 2113 et
720 2079 800 2113 edd.
826 2080 871 2113 sit
897 2079 977 2113 sed.
1028 2080 1210 2114 Corradus
1236 2082 1267 2113 δι
1294 2079 1510 2113 Schuetzius

114 2136 315 2170 suadebant
344 2134 424 2170 Sed
452 2135 586 2177 Quinti
612 2135 686 2169 scil.
737 2135 955 2179 Caepionis,
978 2135 1075 2168 haud
1101 2135 1265 2179 profecto
1288 2134 1400 2176 male,
1426 2133 1510 2167 dum

116 2198 300 2226 constaret
324 2192 460 2237 aliquid
485 2192 530 2225 de
556 2191 710 2224 bominis
734 2190 857 2224 literis.
907 2189 1087 2236 Madvigii
1111 2190 1203 2224 haec
1220 2190 1335 2223 verba
1358 2189 1510 2234 apponi-

114 2261 211 2283 mus:
238 2248 406 2291 „reditus
422 2248 482 2281 ille
502 2246 676 2280 orationis
692 2246 736 2279 ad
755 2245 801 2282 Q.
821 2245 1055 2291 Pompeium,
1075 2258 1179 2292 quem
1196 2245 1354 2293 fingunt,
1374 2246 1508 2280 nullam

114 2305 225 2340 habet
240 2305 415 2338 rationem
429 2303 464 2337 in
478 2303 596 2336 media
611 2302 901 2343 enumeratione3
916 2313 983 2337 nec
997 2304 1075 2337 illa:
1096 2303 1192 2337 Tam
1206 2302 1249 2337 L.
1270 2301 1428 2337 Cassius
1441 2305 1506 2336 sce.

114 2363 166 2397 sic
192 2361 425 2405 interposuit,
451 2365 619 2403 tanquam
644 2361 756 2394 minus
781 2361 887 2394 claris
905 2360 1193 2395 commemoratis
1215 2359 1262 2393 ad
1287 2358 1386 2392 illum
1414 2358 1508 2393 redi-

115 2423 213 2452 turus
252 2422 356 2451 esset.
406 2415 499 2450 Tota
534 2415 650 2449 forma
687 2416 789 2451 huius
814 2416 1058 2462 pei-cursionis
1087 2422 1269 2450 oratorum
1293 2426 1418 2460 parum
1443 2426 1507 2450 no-

112 2474 235 2508 bilium
261 2472 438 2518 postulat,
475 2477 512 2506 ut
536 2471 594 2505 hic
619 2483 736 2507 novus
762 2479 887 2508 orator
915 2473 1133 2507 nominetur:
1170 2474 1291 2517 itaque
1316 2471 1506 2518 legendum

115 2534 170 2564 est
206 2527 298 2565 Sex.
324 2527 517 2574 Pompeii.
566 2526 822 2575 Intelligendus
854 2530 997 2565 videtur
1028 2530 1091 2565 Cn.
1120 2528 1312 2564 Strabonis
1345 2533 1382 2562 et
1416 2528 1503 2562 Sex.

113 2585 282 2631 Pompeii
304 2585 388 2619 iuris
413 2584 564 2618 consulti
589 2589 625 2618 et
652 2585 765 2621 Stoici
793 2593 897 2633 pater
924 2588 973 2631 (v.
991 2585 1093 2620 Brut.
1114 2585 1180 2628 47,
1207 2585 1296 2627 175).
1310 2586 1332 2603 “
1358 2604 1403 2610 -
1436 2595 1505 2617 eat-

114 2642 292 2686 tenuata]
320 2644 449 2677 oratio
475 2640 556 2675 add.
582 2641 637 2676 ed.
664 2654 717 2688 pr.

205 2697 339 2736 XXVI.
361 2753 365 2759 .
387 2698 444 2735 98.
493 2698 634 2744 isdem]
657 2700 709 2736 sic
726 2699 793 2746 Lg.
806 2699 838 2734 8.
851 2699 905 2737 51.
921 2698 974 2734 53.
987 2698 1042 2735 58.
1058 2697 1111 2734 70.
1124 2716 1169 2724 —-·
1197 2695 1316 2742 Gaio]
1337 2696 1388 2732 sic
1405 2698 1505 2732 recte
