1835 3126
607 157 860 203 BRUTUS
892 158 1011 202 CAP.
1042 160 1082 203 3.
1430 157 1540 203 152

150 282 231 318 tum
260 271 358 315 mihi
387 272 446 314 ita
476 271 564 315 cari
594 272 732 328 itaque
754 271 939 322 iucundi,
970 278 1011 314 ut
1034 285 1176 315 eorum
1200 268 1538 328 aspectu'omnis‚

150 365 255 408 quae
294 365 358 394 me
390 350 571 406 angebat
607 351 657 393 de
688 364 733 393 re
764 350 950 407 publica,
987 364 1087 393 cura
1117 350 1364 393 consederit.
1424 348 1539 399 Quos

148 437 366 487 postquam
403 429 602 480 salutavi,
648 428 757 481 Quid
792 443 887 481 vos,
924 430 1110 486 inquam,
1146 427 1272 470 Brute
1302 429 1350 468 'et
1388 426 1547 488 Attice,

147 512 290 573 319ch
336 508 434 564 quid
478 508 644 551 tandem
686 510 784 551 novi
800 511 817 550 Ξ
885 506 998 549 Nihil
1043 521 1165 557 sane,
1209 507 1339 562 inquit
1375 503 1539 552 Brutus,

148 586 258 642 quod
289 586 452 642 quidem
480 593 548 628 aut
578 593 620 629 tu
650 587 793 629 audire
824 586 930 629 velis
963 593 1030 628 aut
1062 599 1140 641 ego
1161 598 1234 641 pro
1258 591 1371 626 certo
1399 582 1538 625 dicere

149 665 337 707 audeam.
397 665 464 706 ll.
505 664 610 707 Tum
640 665 821 715 Atticus,
851 664 931 716 Eo,
962 665 1110 720 inquit,
1149 663 1203 705 ad
1232 670 1270 704 te
1303 664 1439 704 animo
1468 674 1540 703 ve-

147 745 300 793 nimus,
337 749 380 784 ut
419 743 468 785 de
511 757 557 786 re
598 743 765 799 publica
791 749 904 785 esset
927 743 1135 784 silentium
1165 748 1205 782 et
1234 740 1392 795 aliquid
1423 739 1540 782 audi-

148 834 285 863 remus
314 822 449 876 potius
488 834 540 862 ex
577 827 637 870 te,
676 833 798 875 quam
833 827 872 861 te
910 819 1169 861 afficeremus
1209 817 1296 858 ulla
1333 816 1537 858 molestia.

148 897 234 942 Vos
265 911 384 948 vero,
415 898 602 952 inquam,
633 897 791 947 Attice,
822 902 862 938 et
889 901 1151 952 praesentem
1181 908 1245 936 me
1269 907 1369 935 cura
1388 893 1540 935 levatis

149 983 188 1018 et
225 975 387 1018 absenti
424 987 579 1028 magna
618 974 772 1017 solatia
812 973 998 1016 dedistis.
1057 986 1154 1015 nam
1188 972 1340 1015 vestris
1366 972 1540 1028 primum

145 1053 279 1095 literis
320 1059 534 1094 recreatus
572 1066 637 1095 me
675 1052 729 1094 ad
772 1054 949 1109 pristina
987 1051 1125 1094 studia
1163 1051 1373 1094 revocavi.
1433 1049 1540 1092 Tum

144 1131 237 1181 ille,
281 1128 408 1185 Legi,
454 1131 603 1186 inquit,
646 1130 912 1188 perlubenter
955 1129 1193 1186 epistolam,
1240 1142 1361 1184 quam
1403 1128 1457 1170 ad
1499 1135 1539 1170 te

144 1208 294 1251 Brutus
330 1210 442 1252 misit
473 1222 525 1251 ex
552 1209 680 1260 Asia,
716 1221 799 1265 qua
836 1208 936 1250 mihi
974 1209 1090 1250 visus
1128 1213 1191 1249 est
1225 1213 1265 1249 et
1302 1220 1470 1249 monere
1499 1212 1540 1249 te

145 1270 440 1343 prudenter'et
479 1286 691 1330 consolari
732 1288 1009 1329 amicissume.
1070 1286 1136 1327 12.
1174 1284 1322 1335 Recte,
1359 1286 1540 1340 inquam,

147 1372 210 1408 est
237 1367 368 1408 visus.
426 1364 530 1408 Nam
561 1379 626 1408 me
656 1367 748 1408 istis
780 1367 884 1409 seito
915 1365 1048 1407 literis
1077 1378 1129 1407 ex
1159 1364 1350 1406 diuturna
1382 1370 1541 1419 pertur-

146 1443 314 1486 batione
343 1444 468 1486 totius
496 1444 746 1486 valetudinis
776 1450 973 1499 tanquam
1004 1443 1059 1484 ad
1090 1442 1375 1498 aspiciendam
1404 1441 1540 1483 lucem

147 1535 243 1564 esse
273 1528 523 1564 revocatum.
568 1521 705 1577 Atque
733 1527 776 1563 ut
804 1528 897 1578 post
927 1520 1188 1562 Cannensem
1218 1519 1337 1561 illam
1367 1519 1540 1562 calami-

145 1606 271 1642 tatem
296 1601 469 1656 primum
499 1598 697 1642 Marcelli
725 1600 780 1643 ad
808 1598 958 1642 Nolam
990 1598 1152 1655 proelio
1178 1597 1353 1654 populus
1386 1611 1431 1639 se
1455 1596 1542 1639 Ro-

146 1691 293 1722 manus
337 1679 468 1722 erexit
507 1685 734 1735 posteaque
778 1689 1004 1734 prosperae
1042 1689 1111 1718 res
1157 1675 1353 1731 deinceps
1386 1674 1540 1718 multae

148 1845 317 1880 omittam.
343 1863 388 1870 —
420 1844 623 1888 maxume]
655 1845 729 1889 sic,
762 1850 798 1880 et
821 1850 906 1891 post
929 1845 1131 1880 maxumis
1154 1842 1221 1889 Lg.
1245 1841 1277 1877 8.
1303 1841 1379 1885 51.,
1410 1841 1480 1876 hoc
1506 1846 1542 1876 et

148 1901 182 1935 V
232 1929 240 1937 .
285 1927 294 1936 .
366 1905 402 1935 tt.

185 1901 298 1993 enllll.
328 1898 402 1991 (10.
451 1956 752 2003 inambularem]
794 1957 1037 1993 ambularem
1075 1955 1143 1991 Gu.
1171 1955 1202 1990 l.
1229 1975 1274 1980 —
1310 1956 1446 2000 itaque
1481 1956 1541 1988 iu-

146 2013 280 2058 cundi]
305 2018 424 2059 atque
448 2016 525 2049 iuc.
551 2014 618 2061 Lg.
644 2014 698 2049 35.
724 2015 780 2051 53.
807 2015 863 2050 68.
892 2015 947 2049 ed.
972 2025 1024 2059 pr.
1043 2032 1088 2039 --
1124 2012 1303 2059 aspectu]
1333 2012 1386 2045 sic
1410 2012 1490 2045 sine
1514 2010 1542 2044 d

146 2071 270 2105 collati
294 2070 375 2105 libri
401 2081 545 2112 omnes;
579 2072 758 2116 sequendi
790 2078 908 2106 autem
936 2076 1035 2111 sunt,
1070 2070 1153 2114 quia
1178 2068 1343 2113 congruit
1375 2067 1542 2101 doctrina

146 2127 479 2173 grammaticorum:
512 2139 548 2162 v.
576 2128 788 2162 Schneider.
814 2128 877 2162 Gr.
903 2127 985 2161 Lat.
1010 2126 1083 2159 vot.
1108 2125 1150 2159 11.
1177 2137 1212 2169 p.
1238 2123 1315 2157 529.
1336 2142 1383 2147 ——
1411 2122 1542 2156 nunc?

147 2183 257 2228 quid]
286 2183 475 2228 numquid
500 2188 561 2216 aut
587 2184 727 2217 divisim
751 2183 817 2228 Lg.
845 2182 899 2216 53.
925 2181 981 2216 56.
1008 2181 1080 2221 7Ο.;
1114 2180 1244 2214 eodem
1268 2178 1447 2223 nunquid
1471 2177 1543 2212 fert

147 2240 183 2273 in
208 2238 262 2273 35.
288 2239 362 2279 58.;
387 2239 567 2283 scriptura
591 2237 689 2272 haud
718 2249 895 2282 quaquam
923 2235 1142 2281 spernenda.

241 2294 292 2329 ll.
343 2293 484 2337 literis]
510 2304 635 2328 veram
662 2295 874 2339 scripturam
898 2294 968 2329 soli
996 2292 1160 2326 codicum
1182 2289 1248 2336 Lg.
1265 2288 1319 2323 39.
1346 2294 1382 2323 et
1405 2286 1542 2330 ottob„

146 2351 205 2386 hic
229 2355 412 2385 correctus
435 2351 471 2384 in
498 2351 736 2394 contrarium,
768 2350 903 2385 habent
933 2361 1002 2383 nec
1025 2347 1160 2382 notabo
1186 2345 1350 2391 posthac.
1374 2365 1421 2372 —
1443 2357 1540 2392 per-

148 2406 338 2451 lubenter]
365 2418 431 2452 per
449 2409 465 2441 i
485 2405 551 2452 Lg.
570 2406 625 2443 20.
642 2408 698 2443 35.
719 2408 774 2442 ed.
793 2419 869 2453 p1·.,
893 2407 983 2441 haec
1004 2405 1146 2451 quidem
1167 2403 1309 2448 ubique.
1322 2421 1369 2428 -—
1393 2404 1541 2448 episto-

148 2464 245 2508 lam]
280 2463 492 2511 epistulam
515 2462 581 2509 Lg.
608 2464 640 2499 8.
667 2463 744 2507 51.,
779 2464 904 2509 quibus
930 2463 1092 2508 quamvis
1117 2460 1261 2505 optimis
1296 2464 1422 2492 contra
1446 2458 1544 2492 veri·

148 2525 258 2554 tatem
282 2531 412 2566 parere
437 2520 530 2555 ratio
555 2532 628 2555 non
654 2527 726 2563 est3
755 2533 824 2556 nec
850 2520 985 2555 notabo
1011 2517 1175 2566 posthac.
1193 2536 1239 2542 —
1264 2516 1539 2559 amicissume]

146 2577 198 2611 sic
221 2576 290 2622 Lg.
315 2577 348 2611 8.
373 2577 428 2612 51.
458 2574 532 2612 Ott.

241 2632 294 2667 12.
342 2632 598 2677 valetudinis]
626 2634 678 2668 sic
701 2645 770 2679 per
795 2645 815 2668 e
838 2633 943 2669 codd.
971 2632 1096 2678 optimi
1120 2629 1184 2675 Lg.
1202 2628 1233 2663 8.
1252 2626 1308 2662 39.
1331 2627 1386 2661 51.
1406 2626 1460 2660 53.
1482 2626 1538 2661 70.

146 2688 236 2724 Ven.
262 2689 292 2724 1.
317 2687 410 2734 Ott.‚
444 2690 502 2736 qui
528 2701 606 2727 cum
633 2701 759 2728 omnes
784 2695 846 2727 aut
869 2690 1034 2737 plerique
1060 2687 1097 2723 in
1124 2691 1224 2722 recta
1248 2686 1428 2732 scriptura
1454 2695 1538 2720 con-
