1835 3126
390 234 473 277 AD
506 232 618 276 (110.
650 233 910 277 BRUTUM
944 235 1062 278 (zAP.
1095 235 1161 280 74.
1192 237 1259 280 75.
1405 238 1520 283 415

131 347 257 398 tetigit
290 345 551 399 Wopkensius
584 348 707 387 Lectt.
739 348 844 388 Tull.
872 349 901 388 Ι.
944 361 976 389 c.
1009 352 1095 397 19.;
1135 351 1207 390 etsi
1245 350 1521 404 exemplorum,

130 413 269 465 quibus
305 414 446 463 utitur,
487 427 600 454 unum
638 415 764 455 simile
802 420 859 454 est
889 416 1030 457 Velleii
1058 417 1105 457 11.
1136 419 1182 466 6,
1210 419 1250 457 4.
1308 419 1401 458 Alia
1434 425 1522 459 sunt

128 479 248 519 Acad.
273 479 302 519 I.
327 483 365 529 7,
392 483 466 521 29:
498 495 610 531 quam
634 485 710 520 vim
740 485 906 519 animum
927 496 1005 520 esse
1033 484 1159 522 dicunt
1187 486 1316 522 numdi
1345 487 1519 524 eandem-

128 559 196 595 que
226 560 303 585 esse
331 554 487 586 mentem
515 551 812 599 sapientiamque
836 550 1051 598 perfectam.
1110 552 1188 591 Att.
1219 552 1269 591 X.
1304 554 1373 592 16:
1412 553 1518 597 Cato,

127 615 190 661 qui
216 615 387 652 Siciliam
417 620 539 652 tenere
565 617 685 664 potuit
714 620 768 660 et,
799 617 833 652 si
863 619 1060 666 temasset,
1092 632 1216 656 onines
1246 619 1331 657 boni
1359 619 1408 656 ad
1437 632 1519 655 eum

124 691 164 715 se
196 681 447 718 contulissent.

236 747 416 796 Athenas]
455 746 568 786 huius
603 747 662 786 rei
695 751 830 787 testem
869 747 1126 790 clarissimum
1154 751 1341 803 Meyerus
1375 751 1518 790 excitat

122 811 418 864 Xenophontem
450 813 497 853 (le
526 814 624 866 Rep.
654 815 743 854 Ath.
775 817 819 862 2,
849 815 887 854 8.

235 879 331 919 259.
394 883 438 919 Τ.
470 882 737 931 Flamininmn]
773 894 809 921 v.
841 893 872 921 C.
903 882 978 929 28,
1011 884 1103 922 109.

237 946 443 984 dilatandis
474 948 605 997 literis]
653 948 700 987 de
736 949 810 988 hoc
839 949 1004 987 hominis
1033 949 1128 988 vitio
1169 947 1251 986 alia
1289 954 1376 987 sunt
1406 949 1517 989 Cice-

122 1012 230 1051 ronis
260 1014 499 1062 testimonia,
537 1014 584 1053 de
617 1015 683 1054 Or.
712 1014 778 1053 III.
814 1016 884 1061 11,
915 1015 983 1052 42.
1036 1015 1106 1061 12,
1137 1015 1226 1060 46.,
1272 1019 1309 1052 et
1339 1014 1385 1053 (le
1416 1015 1517 1053 dila-

121 1079 268 1118 tatione
296 1080 387 1128 illa,
427 1081 493 1131 qui
522 1076 829 1129 πλατειασμός
860 1080 1021 1121 Graecis
1051 1079 1210 1128 (licitur,
1244 1079 1292 1119 II.
1327 1083 1397 1130 22,
1430 1083 1517 1129 91.;

121 1145 171 1184 cf.
204 1144 483 1194 Quintilianum
511 1146 580 1186 XI.
611 1147 656 1194 3,
690 1147 754 1186 10.

233 1214 328 1252 260.
389 1219 587 1252 accusator
614 1213 733 1262 vetus]
771 1224 849 1252 non
888 1218 1037 1261 aetate,
1077 1212 1146 1252 sed
1183 1213 1393 1253 accusandi
1423 1226 1516 1254 con-

119 1279 343 1328 suetudine,
376 1281 610 1320 exercitatus
642 1284 680 1320 et
706 1284 917 1321 veterator.

231 1347 390 1389 LXXV.
450 1347 544 1388 262.
604 1347 707 1397 recti]
741 1347 909 1400 simplici
939 1345 1106 1399 quadam
1137 1351 1174 1386 et
1203 1347 1252 1386 ab
1278 1349 1515 1387 ornamentis

119 1414 319 1453 inutilibus
360 1414 489 1453 alieno
529 1426 674 1464 genere
712 1415 868 1467 scripti,
910 1414 1023 1466 quasi
1062 1418 1171 1453 recta
1198 1414 1264 1454 via
1295 1415 1515 1455 incedentes

119 1492 190 1520 nec
218 1494 384 1533 usquam
415 1482 464 1520 ab
493 1493 541 1520 ea
569 1481 827 1522 deflectentes.
885 1481 1033 1520 Locum
1064 1493 1147 1520 cum
1178 1481 1268 1520 aliis
1299 1481 1515 1521 dissimilli-

118 1549 209 1596 mis,
255 1548 321 1600 qui
361 1553 449 1587 sunt
489 1547 537 1587 de
575 1549 724 1599 ingenii
764 1553 802 1588 et
839 1560 988 1587 morum
1025 1547 1277 1597 rectitudine,
1320 1549 1516 1589 contendit

119 1615 450 1666 Stuerenburgius
480 1616 520 1654 in
548 1616 785 1655 Archianam
812 1628 851 1668 p.
878 1616 944 1655 33.
1002 1616 1150 1655 Melius
1181 1627 1265 1655 cum
1288 1616 1513 1656 Heindorfio

117 1683 158 1722 in
195 1682 290 1722 Hor.
329 1682 452 1723 Serm.
491 1682 521 1723 1.
551 1685 598 1731 4,
633 1683 702 1723 54.
745 1682 992 1735 comparabis
1028 1696 1157 1720 versus
1194 1695 1328 1732 pur08‚
1367 1684 1515 1723 Acroni

118 1749 336 1802 explicatos
376 1753 456 1788 sine
491 1749 624 1799 figuris
659 1756 693 1788 et
728 1763 865 1799 magno
894 1762 1008 1794 sono,
1053 1754 1090 1788 et
1118 1762 1254 1799 puram
1283 1750 1512 1796 brevitatem,

118 1829 194 1869 quo
239 1817 367 1856 statim
407 1816 546 1856 Cicero
590 1817 722 1857 utitur.
789 1816 870 1857 Sed
909 1815 1170 1865 Quintilianus
1216 1816 1331 1854 etiam
1375 1817 1515 1856 melior

118 1889 274 1933 auctor,
307 1895 391 1923 cum
413 1884 575 1934 simplex
597 1890 631 1921 et
651 1889 790 1922 rectum
816 1882 988 1932 loquendi
1009 1895 1124 1930 genus
1149 1881 1292 1921 dixerit
1313 1883 1382 1922 IX.
1401 1884 1437 1931 3,
1461 1885 1513 1932 3.,

116 1951 233 2003 idque
273 1951 535 2002 composuerit
571 1962 654 1989 cum
693 1949 817 1999 figura
857 1948 926 1988 IX.
965 1950 1011 1995 2,
1054 1949 1121 1988 78.
1179 1948 1292 1988 Male
1325 1950 1512 2001 Meyerus

115 2019 392 2070 interpretatur
420 2017 679 2066 yeradsinnty,
712 2015 816 2069 quod
847 2027 922 2068 quo
950 2014 1064 2055 modo
1096 2014 1143 2054 de
1165 2015 1268 2055 libro
1299 2016 1376 2055 dici
1407 2028 1510 2056 com-

113 2085 226 2125 mode
255 2085 380 2138 possit
408 2084 578 2134 ambigo.

229 2166 254 2190 a
285 2151 476 2189 scribendo
504 2149 693 2198 deterruit]
737 2148 938 2189 Ciceronis
975 2147 1159 2188 iudicium
1198 2148 1380 2200 apposuit
1410 2149 1510 2189 Sue-

115 2219 244 2260 tonius
269 2218 381 2258 Caes.
400 2217 486 2265 56„
507 2216 680 2255 imitatur
702 2216 870 2268 scriptor
890 2215 984 2254 libri
1008 2216 1136 2255 octavi
1157 2215 1205 2254 de
1224 2215 1330 2255 hello
1357 2216 1509 2256 Gallico

114 2297 289 2339 prooem.
319 2283 436 2324 med.:
469 2289 613 2322 constat
643 2286 738 2320 enim
768 2285 865 2320 inter
891 2295 1016 2320 omnes
1045 2283 1140 2320 nihil
1169 2289 1248 2321 tam
1280 2296 1433 2333 operose
1463 2283 1508 2321 ab

116 2354 205 2392 aliis
232 2365 310 2390 esse
333 2351 555 2402 perfectum,
585 2351 683 2400 quod
704 2363 778 2388 non
799 2350 932 2388 horum
954 2350 1138 2399 eleyantia
1160 2352 1509 2388 commentariorum

115 2425 330 2470 superetur,
360 2421 423 2468 qui
446 2423 534 2455 sunt
555 2417 663 2463 editi,
695 2430 740 2455 ne
763 2418 920 2454 scientia
943 2421 1138 2454 tantarum
1163 2429 1287 2454 rerum
1310 2419 1510 2466 scriptori-

114 2487 182 2524 bus
217 2486 376 2523 deesset:
414 2485 577 2535 adeoque
603 2484 812 2534 probantur
843 2485 1007 2521 omnium
1035 2482 1193 2529 iudicio,
1228 2489 1269 2520 ut
1294 2489 1506 2533 praerepta,

113 2566 190 2592 non
219 2553 390 2604 praebita
417 2552 583 2599 facultas
611 2550 854 2601 scriptoribus
882 2549 1064 2588 videatur.

226 2633 324 2670 pura
362 2625 396 2657 et
431 2620 570 2657 illustri
600 2618 789 2667 brevitate]
837 2628 939 2669 quae
973 2615 1102 2655 inutili
1140 2620 1281 2655 ornatu
1319 2616 1506 2664 abstinet;

116 2698 162 2726 eo
203 2687 380 2726 ornatior
414 2686 522 2733 visa,
567 2685 660 2737 quia
696 2685 939 2738 praestantia
981 2693 1111 2723 rerum
1149 2682 1280 2723 verbis
1318 2684 1428 2735 puris
1469 2687 1507 2723 et

115 2752 326 2794 emendatis
365 2754 608 2804 illustratur,
652 2764 730 2794 nou
768 2752 956 2807 quaesitis
993 2750 1241 2793 ornamentis.
1297 2751 1407 2794 Mira
1447 2755 1506 2792 est
