1835 3126
282 258 357 301 IS
496 250 691 296 BREVIS
723 249 1117 302 ELOQUENTIAE
1149 250 1282 293 ROM.
1311 251 1454 293 IIlST.

282 382 354 422 pro
401 378 534 406 sensus
586 365 646 404 sui
682 363 850 404 candore
890 369 1101 416 posuerunt
1143 377 1243 416 quae
1283 365 1467 404 cultiores
1509 369 1669 416 nepotes

283 434 543 486 repudiarent.
592 431 708 472 Velut
735 441 836 482 quae
865 431 1003 471 Cicero
1021 430 1090 482 (⁷¹)
1122 437 1158 470 et
1182 443 1231 471 ex
1257 444 1302 472 eo
1319 432 1580 481 Quintilianus
1598 429 1668 482 (⁷²)

280 513 417 553 parum
441 498 578 539 munde
606 498 709 537 dicta
732 497 923 546 referunt,
947 504 1088 536 stercus
1112 502 1236 537 curiae
1255 500 1453 537 Glauciam
1470 504 1506 537 et
1523 504 1671 536 castra-

280 575 359 605 tam
384 567 560 614 Africani
593 570 709 603 morte
737 577 813 601 rem
839 565 1048 615 publicam,
1077 567 1207 605 nescio
1233 578 1345 618 quem
1375 571 1570 605 oratorem
1599 564 1672 603 illa

282 639 408 673 aetate
440 633 584 672 dixisse
606 631 825 684 probabilis
856 632 1081 671 coniectura
1103 632 1276 671 videtur:
1306 632 1404 671 illud
1428 633 1472 682 Q.
1496 631 1672 671 Numidi-

280 713 363 740 cum
394 705 460 738 aut
479 699 537 739 M.
555 700 764 747 Scaurum,
794 698 867 737 hoc
891 699 934 738 P.
956 699 1188 739 Scaevolam
1212 699 1437 738 Pontificem
1458 698 1672 738 Maximum

281 773 347 807 aut
386 766 431 816 Q.
471 765 773 806 Macedonicum
813 764 987 805 decebat.
1053 765 1193 806 Simile
1230 764 1328 804 illud
1368 770 1447 813 est,
1485 764 1590 816 quod
1624 765 1671 803 L.

278 835 370 874 Piso
408 834 532 884 Frugi
574 834 614 872 in
651 832 868 873 Annalibus
905 831 1075 880 dixerat,
1122 833 1370 870 adolescentes
1410 834 1547 869 aetatis
1583 843 1674 868 suae

279 904 363 951 pent
406 900 548 938 deditos
586 912 663 936 esse
692 896 783 950 (⁷²),
830 898 934 950 quod
970 905 1198 939 vetustatem
1238 898 1424 938 affectans
1462 897 1673 938 Sallustius

281 967 474 1019 expressit
490 963 573 1016 (³3).
634 965 713 1006 Sed
743 967 951 1016 ingenuam
976 966 1129 1006 virtutis
1161 971 1197 1005 et
1225 965 1383 1005 laudum
1409 964 1590 1003 fiduciam
1613 963 1674 1002 illi

279 1034 354 1074 viri
401 1032 566 1083 singulis
612 1043 737 1083 paene
781 1033 910 1072 verbis
954 1044 1050 1084 prae
1091 1044 1132 1071 se
1175 1032 1368 1071 ferebant.
1436 1031 1486 1070 Ut
1522 1036 1674 1068 taceam

281 1100 446 1140 Gracchi
484 1099 760 1139 vehementiam
798 1104 835 1137 et
866 1099 1024 1146 Crassi,
1065 1099 1130 1150 qui
1167 1099 1280 1137 huius
1321 1099 1459 1137 aetatis
1496 1110 1572 1138 non
1603 1103 1672 1147 est,

278 1167 558 1212 maturitatem,
603 1176 719 1216 quam
756 1164 990 1204 calamistris
1021 1165 1266 1205 Maecenatis
1307 1171 1342 1204 et
1375 1166 1566 1206 Gallionis
1596 1167 1672 1205 tin-

278 1233 375 1271 nitui
411 1230 709 1284 praeferendam
743 1231 829 1271 iure
869 1231 961 1271 dicit
998 1233 1178 1285 Scriptor
1222 1231 1373 1282 dialogi
1412 1231 1459 1272 de
1502 1235 1672 1273 oratori-

278 1300 349 1339 bus
377 1296 466 1351 (74)‚
512 1299 590 1337 iam
629 1298 790 1337 Catonis
830 1298 1024 1351 reliquiae
1061 1299 1181 1352 paulo
1224 1299 1433 1351 ampliores
1477 1312 1502 1339 a
1544 1300 1671 1341 Gellio

280 1371 460 1406 servatae
495 1370 580 1405 arte
620 1363 774 1416 quidem
806 1363 1083 1415 destituuntur,
1124 1365 1192 1405 sed
1222 1366 1340 1418 plena
1370 1372 1457 1406 sunt
1490 1368 1675 1418 generosi

278 1434 451 1485 spiritus.
512 1432 644 1481 Quare
673 1444 744 1472 nec
773 1432 922 1473 Gellius
951 1433 1177 1473 immodicus
1205 1435 1406 1486 ceteroqui
1432 1435 1672 1486 antiquitatis

280 1505 431 1539 amator
475 1511 545 1538 nec
584 1499 721 1539 Cicero
758 1500 1058 1551 vituperandus,
1102 1512 1185 1540 cum
1225 1501 1411 1540 Catonem
1444 1505 1674 1552 veteresque

279 1567 380 1606 alios
420 1565 601 1605 laudibus
631 1565 761 1605 ferunt
787 1563 882 1617 (75),
917 1579 942 1606 a
972 1568 1112 1618 quibus
1141 1567 1422 1618 elegantissimi
1450 1568 1512 1608 vir
1539 1567 1674 1607 iudicii

279 1633 539 1684 Quintilianus
558 1629 627 1684 (⁷⁶)
658 1633 884 1673 Ciceronem
923 1639 1076 1673 secutus
1107 1632 1228 1674 multa
1256 1635 1478 1674 oratoribus
1507 1633 1675 1687 petenda

281 1701 485 1739 existimat.
546 1701 740 1740 Summam
782 1706 909 1739 autem
948 1702 1225 1741 sententiarum
1262 1707 1298 1742 et
1336 1702 1555 1752 argumenti
1589 1707 1672 1740 tra-

281 1765 410 1805 ctandi
451 1766 554 1818 apud
592 1767 683 1806 illos
721 1767 1007 1819 simplicitatem
1047 1768 1169 1807 fuisse
1209 1769 1323 1808 etiam
1360 1768 1459 1808 illud
1495 1767 1672 1818 ostendit,
1817 1805 1818 1821 3

282 1833 385 1885 quod
424 1838 511 1873 ante
543 1833 790 1872 Hortensium
822 1845 892 1873 nec
930 1835 1158 1886 partitiones
1200 1836 1405 1887 quisquam
1434 1847 1560 1887 neque
1590 1835 1672 1875 col-
1815 1861 1824 1916 Ι.

280 1900 467 1940 lectiones
503 1906 666 1940 noverat
681 1899 751 1951 (⁷⁷)
777 1913 847 1940 nec
879 1900 987 1940 aliud
1018 1901 1218 1942 exordium
1249 1908 1428 1942 oratores
1459 1903 1672 1950 sumebant,

281 1979 394 2018 quam
428 1967 477 2006 ab
510 1967 669 2008 deorum
701 1969 945 2008 invocatione
963 1965 1046 2019 (ΤΒ).
1814 1973 1822 2018 γ’

912 2078 946 2131 ξ.
982 2082 1045 2119 13.

887 2155 940 2189 Μ.
966 2155 1068 2190 Cam.

1810 2165 1812 2185 Ι

393 2235 554 2274 Omissis
592 2235 714 2285 igitur
752 2236 827 2283 eis,
865 2237 931 2287 qui
968 2243 1126 2288 praeter
1163 2248 1301 2275 nomen
1330 2236 1477 2275 nullam
1502 2236 1561 2275 sui
1591 2247 1669 2275 me-
1808 2205 1812 2287 3¹

281 2300 441 2339 moriam
475 2301 738 2353 reliquerunt,
777 2301 827 2341 ad
863 2302 921 2343 M.
954 2302 1139 2343 Catonem
1175 2303 1393 2356 pergimus,
1431 2303 1496 2355 qui
1525 2303 1670 2344 Roma-
1807 2321 1809 2368 5

375 2430 432 2473 71)
459 2431 531 2465 Cic.
558 2432 603 2466 de
623 2431 687 2467 Or.
714 2433 775 2470 111.
803 2434 868 2477 41,
895 2433 970 2468 164.
1090 2433 1148 2477 72)
1174 2433 1270 2468 Vlll.
1296 2434 1337 2477 6,
1364 2434 1416 2469 15.
1465 2433 1566 2468 Haec
1588 2443 1669 2478 par·
1806 2432 1813 2468 :i

283 2486 343 2520 tim
371 2487 561 2531 mendose,
594 2492 723 2534 partim
748 2502 793 2525 ex
820 2491 1138 2535 interpretamento
1164 2491 1214 2525 sic
1239 2491 1351 2527 refert
1374 2489 1577 2525 Martianus
1603 2489 1669 2523 Ca·

281 2542 379 2587 pella
403 2542 523 2577 Rhea.
550 2556 584 2589 1).
611 2545 687 2580 425.
715 2547 851 2592 Capp.:
886 2551 1109 2581 castratam
1134 2547 1338 2592 Africam,
1363 2551 1561 2581 mortuam
1585 2556 1670 2579 rem

277 2598 483 2645 publicam
499 2605 535 2634 et,
558 2600 735 2636 (vodium
753 2608 902 2638 stercus
923 2609 1088 2640 senatus.
1151 2644 1153 2646 .
1207 2605 1264 2647 72)
1286 2604 1357 2639 Cic.
1372 2603 1516 2638 Divers.
1533 2602 1593 2637 IX.
1611 2601 1667 2635 22.

281 2654 340 2697 73)
362 2655 530 2690 Catum.
644 2658 702 2701 711)
717 2659 812 2694 aas.
930 2659 1246 2702 75)131-ut.17,e5.
1267 2660 1410 2703 33‚1<.›c.
1521 2659 1580 2701 76)
1598 2657 1667 2696 Qu.

281 2710 354 2745 Xss.
373 2711 425 2753 10,
439 2712 493 2747 45.
597 2714 652 2756 77)
667 2714 738 2749 Cic.
750 2714 853 2752 Brut.
866 2716 921 2759 88,
932 2716 1009 2753 302.
1113 2717 1172 2760 78)
1186 2717 1334 2752 Servius
1346 2717 1392 2752 ad
1403 2714 1577 2761 virg.X1.
1588 2713 1665 2749 301.

282 2767 324 2803 cf.
342 2767 414 2803 Cic.
432 2768 554 2805 Divin.
573 2770 676 2806 Vei-r.
697 2770 747 2806 13.
766 2773 820 2810 43.
849 2773 889 2809 cs.
909 2773 1083 2810 Niebuhr.
1098 2773 1187 2811 Hist.
1203 2773 1246 2810 R.
1267 2773 1340 2809 vol.
1354 2773 1401 2809 111
1429 2785 1464 2821 p.
1479 2770 1556 2806 571·
