1835 3126
394 213 477 256 AD
511 212 625 255 (210.
656 212 926 255 BRUTUM
960 213 1078 256 CAP.
1108 215 1176 256 21.
1356 214 1485 259 359

205 327 435 378 egrederetur
472 341 497 365 a
533 328 740 377 proposito]
782 327 1012 380 Bernhardy
1050 327 1171 377 eyredi
1208 331 1244 366 et
1276 326 1424 375 degredi
1454 338 1483 366 s.

95 394 236 444 dign-edi
275 394 431 435 diversa
472 405 557 433 esse
600 394 767 443 iudieat;
807 395 905 435 illud
946 394 1170 446 significare
1210 394 1268 432 rei
1309 393 1491 442 alieuius,

92 473 192 513 quae
232 460 282 500 ad
313 460 515 500 utilitatem
545 472 688 501 causae
723 462 935 513 pertineat,
980 466 1092 501 extra
1120 459 1292 500 ordinem
1320 460 1487 511 positam

92 529 381 575 tractationem,
414 540 516 580 quae
539 528 578 567 in
603 528 873 580 permovendis
899 527 1100 567 affectibus
1125 526 1267 566 callide
1291 532 1486 574 versetur3

90 595 335 644 tityi-essiones
365 600 431 634 aut
456 596 559 634 intra
583 595 790 635 historicas
821 595 1101 647 descriptiones
1132 599 1198 634 aut
1222 593 1486 646 expositiones

90 662 210 714 paulo
243 663 461 702 ornatiores
485 662 696 702 subsistere
720 663 872 703 solitas.
932 662 1016 702 Hoc
1050 674 1126 714 quo
1157 661 1269 701 modo
1297 660 1486 713 probetur

91 730 246 780 ignoro.
315 730 388 769 Hic
427 730 525 769 enim
566 730 683 782 plane
724 731 847 780 eyredt
885 729 1025 769 dieitur
1063 729 1110 769 de
1146 733 1286 769 ornatu
1325 727 1375 766 ad
1417 726 1486 766 de-

90 796 324 844 lectandum,
359 796 428 836 sed
458 809 540 836 cum
572 797 768 838 movendis
801 798 937 837 animis
968 797 1121 836 minime
1151 796 1374 835 coniuncto:
1413 805 1484 834 nec

89 861 129 901 id
158 862 263 902 ultra
292 863 395 915 apud
420 864 647 904 Ciceronem
675 864 758 914 legi
778 864 943 904 videtur.
1003 863 1082 903 Sed
1107 863 1250 912 ‹llyredt
1279 861 1326 900 de
1350 860 1485 901 eodem

89 935 230 970 ornatu
267 929 408 969 dictum
440 931 610 971 videmus
642 943 674 970 c.
707 932 780 978 93,
813 932 907 969 322.
953 929 1000 968 de
1029 930 1095 970 Or.
1126 929 1175 967 II.
1207 930 1278 975 77,
1313 929 1408 966 312.
1447 932 1485 966 et

89 997 127 1036 in
153 998 440 1037 enumeratione
462 997 674 1047 figurarum
698 996 770 1043 53,
798 997 892 1035 203.
939 995 1202 1044 Quintilianus
1226 998 1372 1041 autem,
1401 1004 1483 1032 cum

87 1063 189 1103 libro
220 1065 283 1105 IV.
316 1067 361 1111 3,
395 1066 459 1102 12.
504 1063 703 1114 ceteroqui
743 1074 845 1110 eam,
890 1074 969 1113 qua
1005 1059 1236 1111 Bernhardy
1279 1071 1371 1103 usus
1414 1063 1483 1108 est,

87 1129 345 1168 definitionem
389 1129 606 1181 posuisset,
653 1128 701 1168 de
747 1127 950 1168 affectibus
994 1134 1122 1168 tamen
1165 1126 1363 1167 movendis
1412 1137 1483 1165 nec

87 1195 235 1235 additlit
275 1208 346 1235 nec
388 1196 532 1235 addere
571 1196 716 1248 potuit,
760 1207 844 1235 cum
885 1194 919 1248 ξ.
953 1196 1017 1237 15.
1059 1206 1190 1242 omne,
1232 1192 1335 1245 quod
1372 1198 1484 1232 extra

88 1264 257 1315 quinque
291 1263 382 1302 illas
413 1264 602 1303 orationis
632 1268 787 1315 partes,
820 1263 1041 1311 exordium,
1073 1261 1358 1308 narrationem,
1391 1271 1483 1299 con-

87 1331 362 1378 firmationem,
409 1331 701 1378 refutationem,
746 1331 1037 1382 perorationem
1077 1333 1197 1375 esset,
1239 1329 1484 1376 cyresstonem

87 1398 219 1438 dicere
249 1398 496 1445 sustinuerit;
533 1409 654 1449 porro
687 1398 723 1452 ξ.
756 1399 821 1437 16.
852 1398 975 1447 eyredt
1005 1402 1201 1437 oratorem
1238 1395 1278 1433 in
1307 1393 1483 1433 omnihus

86 1465 167 1505 illis
199 1464 497 1516 significaverit,
530 1464 669 1516 quibus
698 1464 817 1503 iudex
844 1464 1057 1512 reficiatur,
1090 1463 1362 1508 admoneatur,
1393 1460 1482 1512 pla-

89 1538 216 1580 cetur,
250 1537 430 1584 rogetur,
467 1531 669 1580 laudetur;
713 1531 878 1584 denique
910 1532 1092 1571 fortuitas
1124 1536 1161 1570 et
1191 1542 1241 1569 ex
1274 1528 1484 1568 occasione

88 1600 137 1640 ab
163 1605 391 1651 argumento
423 1599 664 1640 desciscendi
693 1611 833 1638 causas
859 1610 944 1639 esse
972 1599 1162 1638 monuerit
1193 1596 1227 1650 §.
1255 1598 1338 1636 17.:
1369 1607 1484 1647 quam

87 1668 138 1708 ob
168 1679 249 1707 rem
279 1667 507 1708 Ciceronem
535 1668 613 1706 iam
644 1669 680 1704 ἱη
710 1669 897 1716 prooemio
927 1667 1166 1705 Milonianae
1195 1663 1337 1713 digredi
1365 1662 1485 1710 fnisse

86 1748 249 1781 necesse,
290 1733 394 1787 quod
422 1740 549 1774 tamen
577 1735 617 1773 in
646 1733 844 1774 movendis
877 1732 1079 1773 affectibus
1110 1732 1263 1772 minime
1291 1734 1484 1769 versatur.

87 1802 226 1853 Itaque
256 1802 523 1851 diyressionem
561 1801 671 1849 dicit,
714 1812 797 1840 eum
829 1801 968 1841 Cicero
1006 1800 1087 1839 abit
1126 1800 1166 1837 in
1201 1796 1339 1837 laudes
1367 1796 1483 1835 Pom-

88 1869 189 1921 peii,
217 1869 287 1908 IX.
313 1871 358 1916 2,
380 1868 471 1918 55.,
503 1874 638 1909 contra
659 1871 886 1917 egressiones
915 1868 1013 1904 lenes
1043 1872 1076 1903 et
1099 1866 1222 1903 dulces
1252 1869 1285 1901 et
1307 1866 1485 1901 remissas

90 1936 183 1976 dicit
204 1942 353 1986 raptum
368 1939 632 1986 Proserpinae,
657 1935 811 1973 Siciliae
830 1934 1124 1984 descriptionum,
1148 1932 1316 1981 Pompeii
1337 1929 1485 1967 laudem

88 2003 158 2043 XI.
182 2004 227 2051 3,
255 2003 355 2042 164:
387 2003 526 2054 quibus
555 2002 694 2044 Cicero
724 2002 765 2041 in
787 2001 963 2043 verrinis
995 2006 1032 2040 et
1058 2001 1098 2039 in
1125 1997 1364 2039 Corneliana
1393 2007 1484 2035 usus

91 2075 160 2110 est.
221 2069 322 2119 Quin
351 2073 595 2119 egressionem
627 2082 659 2109 s.
690 2082 899 2113 excessum,
933 2064 1229 2122 παρέκβασιν,
1260 2068 1349 2116 post
1377 2063 1485 2103 refu-

89 2138 274 2177 tationem
314 2137 354 2175 iu
384 2137 562 2188 partibus
602 2136 791 2175 orationis
829 2135 931 2174 male
969 2147 994 2173 a
1025 2131 1255 2185 quibusdam
1290 2130 1488 2170 numerari

92 2205 226 2244 scribit
254 2204 320 2243 ΠΙ.
351 2205 396 2250 9,
425 2205 484 2251 4.,
516 2215 632 2254 quam
662 2201 823 2241 eandem
853 2202 1116 2250 digressionem
1146 2198 1321 2250 appellat
1347 2197 1485 2238 Cicero

92 2274 172 2313 Inv.
194 2272 223 2311 Ι.
247 2272 321 2318 51,
346 2272 435 2317 97„
468 2270 614 2319 ‹leyredt
644 2281 673 2308 s.
698 2268 843 2318 ‹hyr-adt
873 2267 919 2307 de
943 2268 1009 2307 Or.
1032 2268 1080 2307 11.
1108 2268 1178 2314 19,
1202 2266 1268 2305 80.
1301 2266 1367 2313 77,
1390 2266 1486 2304 312.

94 2340 255 2380 Constat
291 2338 412 2388 igitur
448 2348 496 2376 ne
526 2336 806 2386 Quintilianum
844 2334 997 2387 quidem
1028 2333 1151 2383 eyredt
1182 2345 1211 2371 s.
1242 2334 1487 2381 eyressionem

95 2421 119 2447 a
141 2405 376 2456 dim-ediendo
401 2416 430 2443 s.
454 2404 679 2453 digressione
702 2403 954 2453 distinguere.
999 2400 1173 2442 Eandem
1194 2411 1276 2438 rem
1300 2399 1487 2436 declinare

95 2479 132 2514 et
153 2472 342 2521 deflectere
365 2470 457 2511 dicit
481 2470 620 2512 Cicero
647 2472 713 2512 Or.
737 2472 813 2519 40,
842 2471 957 2518 137„
988 2470 1199 2518 exspatiari
1222 2465 1485 2516 Quintilianus

93 2541 157 2582 IV.
190 2542 233 2588 3,
263 2541 325 2587 4.,
365 2539 468 2576 exire
503 2537 566 2579 lv.
598 2540 644 2585 3,
678 2540 767 2585 17.;
808 2549 997 2574 excessum
1026 2535 1092 2576 III.
1122 2537 1170 2583 9,
1204 2535 1241 2573 1.
1274 2538 1312 2573 et
1340 2534 1380 2572 4.
1415 2542 1487 2570 sua

95 2613 224 2648 aetate
253 2606 432 2646 usitatius
461 2605 604 2645 sactum
633 2604 791 2644 indicat.

207 2673 448 2722 exaruerunt]
481 2672 671 2724 Purgoldi
702 2670 872 2723 suspicio
903 2674 1131 2708 evanuerunt
1160 2668 1185 2706 i.
1216 2677 1249 2705 e.
1280 2662 1485 2704 obsoleve-

96 2746 200 2789 runt,
236 2745 275 2780 ut
305 2752 379 2780 non
409 2740 487 2779 iam
516 2739 718 2791 legantur,
756 2749 857 2778 nunc
886 2735 1012 2776 adhuc
1041 2735 1125 2778 veri
1152 2733 1305 2776 videtur
1334 2729 1485 2771 similis.
