1835 3126
355 150 552 195 BREVIS
582 149 975 204 ELOQUENTIAE
1007 149 1142 195 ROM.
1172 149 1316 194 HIST.
1452 151 1525 195 41

144 267 367 307 coniectura
389 270 446 306 est
467 277 560 306 vero
583 277 659 305 non
682 265 870 305 absimilis
887 263 992 317 (Μ’).
1039 266 1234 306 Tribunus
1258 265 1379 316 igitur
1399 262 1526 317 plebis

144 338 297 372 creatus
334 346 369 372 a.
401 335 481 373 631
520 333 631 384 leges
668 333 856 385 plurimas
892 334 981 373 tulit
1016 334 1123 386 plebi
1159 332 1423 384 gratissimas,
1459 329 1527 369 sed

141 410 269 451 neque
299 400 445 439 civitati
473 400 587 439 utiles
619 405 655 440 et
685 401 850 440 animum
880 401 1085 441 factiosum
1115 406 1152 440 et
1181 411 1302 439 aurae
1325 397 1529 451 popularis

142 466 296 506 avidum
337 467 592 507 ostendentes.
667 467 751 516 Sic,
803 480 886 508 cum
927 469 1084 520 ingenio
1132 467 1306 507 oratorio
1353 464 1528 505 omnibus

141 539 380 584 praestaret,
424 539 552 574 tamen
594 535 779 587 populari
823 547 967 575 causae
1008 534 1186 587 agendae
1219 534 1405 586 imparem
1443 540 1530 570 sese

233 652 324 696 5212)
350 654 488 689 Talium
509 656 603 690 enim
625 654 837 703 μιμήσεων,
863 655 1108 701 exemplorum
1135 654 1241 688 etiam
1266 665 1312 688 ex
1339 652 1426 696 ipsis
1451 661 1531 685 ora-

143 709 282 744 toribus
317 717 352 745 et
379 712 614 756 scriptoribus
646 723 722 746 cum
760 712 908 747 Graecis
936 717 1008 745 tum
1031 712 1204 745 Romanis
1236 709 1388 754 demptis
1417 708 1529 741 nomi-

144 765 248 800 nibus
273 769 519 812 appositorum
553 769 666 803 libros
694 768 774 802 illos
807 768 961 801 refertos
987 777 1066 800 esse
1101 777 1174 799 non
1201 764 1391 809 probabile
1420 763 1529 796 modo

142 821 300 864 videtur,
332 824 397 857 sed
430 824 549 857 multis
576 824 665 857 locis
697 828 865 857 accurate
897 822 1138 856 demonstrari
1160 825 1291 864 potest.
1337 818 1531 854 Notabiles

143 878 237 910 enim
262 878 490 922 eloquentiae
515 880 673 924 magistri
699 879 866 924 plerique
890 889 961 912 non
986 877 1054 922 ipsi
1078 875 1266 922 fingebant
1288 874 1456 919 exempla
1479 873 1531 907 di-

141 933 322 968 scentibus
344 935 606 980 proponenda,
633 935 698 969 sed
727 935 771 969 ab
797 935 1004 969 oratoribus
1027 933 1217 968 sumebant
1239 944 1327 975 nec,
1358 931 1427 965 nisi
1452 941 1529 964 cum

143 1000 187 1022 ea
211 989 383 1034 deerant,
417 991 463 1025 ad
487 1003 553 1025 sua
577 991 844 1037 confugiebant.
892 992 954 1026 Sic
980 991 1107 1026 Cicero
1134 990 1219 1024 fecit
1246 990 1282 1023 in
1311 987 1470 1024 Oratore
1495 991 1531 1020 et

141 1046 302 1080 secundo
329 1052 364 1081 et
388 1050 496 1083 tertio
522 1049 568 1084 de
592 1047 751 1084 Oratore
774 1049 889 1091 libro,
911 1048 962 1083 sic
987 1047 1231 1085 Quintilianus
1253 1057 1351 1080 nono
1376 1044 1531 1078 maxime

140 1101 234 1136 libro
260 1108 295 1137 et
320 1104 531 1140 undecimo:
566 1111 710 1140 secutus
735 1105 889 1140 eundem
916 1116 1052 1139 morem
1077 1103 1232 1137 Rutilius
1260 1101 1384 1147 Lupus
1415 1106 1470 1134 est
1497 1104 1532 1134 et

144 1158 308 1193 Senecae
332 1159 488 1196 rhetoris
514 1167 627 1197 totum
654 1174 745 1208 opus
778 1163 812 1197 in
839 1162 990 1196 floribus
1015 1160 1208 1206 eloquendi
1236 1159 1386 1193 aliorum
1411 1161 1530 1191 aucto-

144 1225 220 1249 rum
247 1216 456 1263 colligendis
481 1224 653 1254 versatur.
704 1217 853 1253 Infimae
879 1219 1006 1253 aetatis
1032 1214 1278 1263 τεχνογράφοι
1303 1215 1371 1249 soli
1397 1213 1442 1248 ab
1462 1213 1532 1247 hoc

143 1283 243 1307 more
262 1273 511 1318 desciverunt,
535 1275 778 1320 utEmporius
799 1275 895 1320 apud
915 1275 1145 1320 Capperonn.
1168 1284 1202 1318 p.
1223 1271 1300 1306 303.
1323 1277 1358 1305 et
1374 1270 1532 1304 Priscia-

143 1339 209 1364 nus
234 1329 366 1376 Praep.
393 1331 499 1366 Rhet.
524 1344 558 1378 p.
583 1331 661 1366 359.
709 1332 829 1366 Finxit
855 1333 963 1377 igitur
985 1332 1063 1365 sine
1089 1329 1197 1364 dubio
1221 1328 1368 1370 rhetor,
1403 1328 1461 1372 qui
1484 1326 1532 1360 ad

143 1385 362 1421 Herennium
379 1388 491 1422 libros
511 1400 595 1423 suos
620 1389 733 1431 misit,
758 1389 927 1433 exempla
946 1388 1150 1433 complura:
1176 1385 1296 1419 omnia
1320 1396 1392 1418 non
1413 1383 1531 1418 finxit.

145 1442 205 1476 Sic
236 1443 470 1488 intelligenda
495 1451 549 1479 est
576 1445 687 1490 longa
716 1445 879 1479 defensio
904 1444 1094 1489 prooemio
1127 1442 1210 1476 libri
1237 1441 1355 1485 quarti
1382 1440 1532 1482 inclusa,

146 1509 217 1543 qua
249 1510 391 1533 causam
425 1501 524 1544 quasi
557 1501 733 1535 adversus
766 1502 993 1535 criminantes
1019 1500 1123 1541 dicit,
1155 1497 1251 1543 quod
1284 1498 1360 1542 ipse
1387 1495 1535 1530 finxerit

147 1554 272 1598 quibus
294 1557 470 1601 exemplis
491 1562 619 1591 utatur.
661 1557 806 1603 Quippe
827 1569 905 1592 cum
925 1563 1033 1602 neget
1050 1567 1090 1590 se
1109 1555 1236 1589 alienis
1256 1555 1319 1596 uti,
1342 1553 1393 1587 ita
1411 1557 1532 1598 negat,

144 1617 181 1645 ut
206 1611 345 1645 licuerit
369 1613 487 1647 aliena
511 1624 673 1655 sumere,
699 1615 813 1648 sicubi
838 1614 1025 1648 videretur
1048 1611 1279 1647 commodius.
1328 1610 1406 1643 lure
1433 1620 1534 1643 arro-

145 1679 231 1713 gans
257 1668 461 1712 videretur,
486 1671 516 1704 si
538 1671 850 1704 sermocinationis
871 1669 1096 1714 exemplum,
1122 1666 1219 1711 quod
1245 1671 1436 1711 tantopere
1457 1665 1534 1698 lau-

145 1724 246 1759 davit
264 1724 323 1759 lv.
344 1725 417 1767 52,
446 1727 523 1771 ipse
548 1727 756 1760 invenisset.
793 1725 890 1759 Inest
917 1726 1022 1759 etiam
1047 1735 1158 1769 genus
1179 1723 1372 1757 verborum
1397 1723 1432 1755 in
1454 1721 1534 1755 aliis

144 1780 241 1814 aliud
268 1781 395 1825 plane,
431 1793 499 1815 nec
525 1782 705 1826 antiquius
729 1781 837 1815 modo
868 1786 902 1815 et
926 1782 1144 1826 incomptum
1170 1779 1205 1813 in
1230 1778 1433 1820 nonnullis,
1469 1777 1534 1812 sed

144 1836 353 1870 inurbanum
370 1837 463 1871 adeo
485 1843 519 1871 et
538 1837 740 1880 horridius,
765 1838 866 1872 velut
885 1837 947 1871 lv.
969 1837 1022 1871 37.
1064 1837 1162 1874 Quin
1181 1836 1262 1870 fons
1280 1835 1534 1869 nonnullorum

143 1892 431 1927 manifestissime
457 1894 696 1928 demonstrari
722 1899 852 1940 potest.
906 1894 1072 1929 Curionis
1097 1905 1143 1928 ex
1169 1893 1333 1927 oratione
1357 1904 1425 1936 pro
1452 1893 1533 1925 Ser.

143 1948 273 1983 Fulvio
300 1949 345 1984 de
370 1951 509 1985 incestu
529 1951 662 1985 dictum
678 1951 788 1985 habet
809 1950 850 1986 11.
869 1951 934 1985 20:
962 1961 1092 1985 nomen
1111 1950 1156 1984 ab
1179 1951 1259 1994 ipso
1284 1961 1357 1983 non
1375 1948 1534 1982 additum

144 2016 190 2039 ex
210 2006 388 2041 Cicerone
414 2007 459 2041 de
483 2007 696 2042 Inventione
720 2007 746 2043 1.
767 2007 822 2043 43.
850 2008 1026 2041 discimus.
1075 2007 1196 2041 Crassi
1219 2006 1394 2050 quaedam
1419 2005 1536 2040 verba

143 2062 225 2107 ipso
252 2073 397 2107 quoque
421 2064 564 2098 nomine
589 2064 712 2098 addito
738 2065 858 2110 posuit
876 2063 936 2099 IV.
956 2063 995 2106 3,
1013 2063 1067 2105 5.,
1093 2074 1198 2107 quem
1223 2063 1340 2097 locum
1366 2061 1534 2107 integrio-

143 2130 219 2152 rem
243 2119 389 2153 retinuit
415 2119 541 2154 Cicero
569 2121 614 2154 de
639 2119 704 2155 Or.
730 2120 756 2155 I.
782 2120 847 2162 52,
867 2121 943 2154 ⁶225.
990 2119 1048 2153 Ex
1072 2118 1320 2152 Demosthene
1342 2128 1535 2161 expressas

143 2176 341 2209 sententias
366 2175 453 2209 duas
472 2176 641 2220 legimus3
667 2176 819 2209 alterum
841 2182 895 2209 est
913 2175 1115 2218 exemplum
1134 2173 1365 2208 subiectionis
1385 2172 1446 2206 IV.
1464 2172 1534 2215 23„

146 2230 190 2264 de
220 2241 290 2274 quo
316 2242 351 2265 v.
376 2229 613 2272 Lambinum3
644 2232 796 2265 alterum
821 2230 1063 2264 translationis
1088 2235 1237 2275 propter
1260 2229 1444 2264 vitandam
1471 2229 1533 2263 ob-

145 2286 356 2320 scenitatem
374 2284 436 2320 lV.
456 2286 532 2328 34.,
559 2298 604 2320 ex
631 2287 792 2322 eiusdem
813 2287 977 2321 oratione
1002 2287 1047 2320 de
1072 2297 1207 2320 corona
1230 2286 1380 2330 petitum
1402 2298 1436 2330 p.
1454 2285 1533 2320 270.

145 2355 172 2378 s.
202 2355 236 2388 p.
261 2342 338 2376 240.
365 2342 498 2387 §.129.
523 2343 644 2378 Bekk.
692 2343 856 2378 Socratis
882 2344 1013 2377 dictum
1037 2343 1183 2377 nomine
1205 2342 1389 2376 subtracto
1417 2347 1535 2376 exstat

146 2398 209 2434 IV.
235 2399 310 2441 28„
346 2405 522 2434 retentum
551 2400 656 2434 etiam
691 2412 712 2434 a
739 2400 982 2443 Quintiliano,
1019 2412 1056 2436 v.
1080 2398 1270 2445 wyttenb.
1298 2399 1344 2432 ad
1367 2398 1463 2432 Plut.
1488 2399 1534 2432 de

146 2455 226 2491 aud.
254 2458 352 2501 poe‘t.
385 2467 419 2500 p.
444 2456 499 2490 21.
525 2456 568 2491 Ε.
602 2469 630 2491 s.
657 2469 691 2502 p.
713 2457 791 2492 219.
839 2457 960 2491 Locus
993 2456 1053 2490 lv.
1082 2456 1144 2498 ll,
1172 2455 1231 2489 16:
1268 2454 1395 2489 solent
1429 2457 1532 2489 enim

148 2511 217 2546 diu
238 2515 413 2557 coqitare
437 2517 504 2547 etc.
540 2513 760 2558 Sophoclem
780 2520 962 2548 auctorem
981 2513 1090 2548 habet
1111 2513 1145 2547 in
1167 2511 1314 2546 Electra
1332 2512 1411 2547 312.
1433 2514 1536 2558 φιλεῖ

147 2566 220 2615 γὰρ
247 2567 369 2604 ὀκνεῖν
389 2568 526 2616 πρᾶγμ’
551 2568 641 2617 ἀνὴρ
660 2568 840 2616 πράσσων
856 2572 966 2617 μέγα.
1003 2570 1109 2607 Quae
1132 2569 1297 2615 leguntur
1319 2567 1380 2603 lv.
1396 2568 1452 2610 46,
1464 2568 1533 2610 59„

148 2635 227 2658 cum
261 2625 307 2659 de
340 2627 655 2675 λαμπαδηὸρομίᾳ
687 2628 782 2663 dicta
812 2627 899 2670 sint,
933 2627 1012 2663 sine
1046 2626 1155 2662 dubio
1187 2625 1366 2661 Graecum
1398 2624 1534 2660 fontem

147 2679 292 2717 habent.
