1835 3126
317 150 452 198 286
844 145 1198 191 CICERONIS

322 261 533 302 Romanos
564 254 722 297 amicos
754 262 942 307 nostros,
976 259 1045 312 qui
1073 272 1203 314 nuper
1230 258 1378 301 mortui
1409 263 1521 308 sunt,
1553 256 1598 299 P.
1629 256 1711 300 Co-

320 337 490 378 minium
513 331 795 389 Spoletinum,
829 346 908 388 quo
937 341 1159 377 accusante
1190 337 1355 378 defendi
1383 335 1428 378 C.
1453 335 1713 386 Cornelium·⁷

319 416 362 457 in
393 426 472 469 quo
503 418 543 454 et
570 412 838 466 compositum
869 410 1030 453 dicendi
1056 424 1187 465 genus
1218 419 1258 454 et
1287 427 1382 455 acre
1412 420 1451 456 et
1481 414 1712 471 expeditum

319 493 418 535 fuit:
448 490 499 532 T.
532 490 707 531 Accium
735 488 1049 539 Pisaurensem,
1082 490 1199 532 cuius
1230 493 1486 533 accusationi
1515 491 1711 548 respondi

319 584 393 626 pro
425 569 476 610 A.
501 566 715 618 Cluentio;
746 569 815 623 qui
845 574 884 609 et
912 574 1104 610 accurate
1136 567 1301 610 dicebat
1329 574 1369 609 et
1398 569 1500 610 satis
1529 571 1712 624 copiose,

319 654 489 702 eratque
524 652 745 702 praeterea
783 645 926 690 doctus
954 644 1238 700 Hermagorae
1274 647 1527 702 praeceptis:
1564 646 1713 700 quibus

316 727 399 768 etsi
423 730 666 768 ornamenta,
693 737 776 766 non
807 724 909 766 satis
935 725 1073 780 opima
1098 724 1283 774 dicendi,
1312 730 1470 774 tamen,
1498 730 1542 765 ut
1562 722 1710 766 hastae

317 803 513 847 velitibus
544 809 799 852 amentatae,
837 803 899 844 sic
930 809 1026 858 apta
1057 802 1260 858 quaedam
1292 808 1331 843 et
1358 808 1506 858 parata
1535 801 1713 856 singulis

319 894 541 925 causarum
583 880 808 935 generibus
845 887 1089 935 argumenta
1131 881 1357 923 traduntur.
1427 880 1523 922 272.
1564 877 1712 921 Studio

320 968 457 1004 autem
485 959 689 1001 neminem
719 972 796 1001 nec
827 958 1031 1000 industria
1061 960 1219 1002 maiore
1249 959 1447 1013 cognovi,
1479 970 1713 1013 quanquam

318 1053 371 1082 ne
410 1038 579 1092 ingenio
611 1036 775 1092 quidem
816 1037 884 1092 qui
918 1039 1169 1092 praestiterit
1203 1036 1329 1078 facile
1366 1036 1539 1078 dixerim
1570 1034 1615 1077 C.
1644 1035 1714 1077 Pi-

319 1117 413 1159 soni
454 1126 611 1168 genero
654 1125 760 1154 mec.
826 1114 982 1155 nullum
1018 1121 1176 1170 tempus
1220 1115 1282 1156 illi
1321 1127 1499 1169 unquam
1536 1113 1716 1156 vacabat

319 1200 391 1237 aut
423 1206 450 1235 a
479 1191 637 1234 forensi
668 1190 847 1232 dictione
880 1196 949 1232 aut
979 1203 1005 1232 a
1028 1194 1369 1232 commentatione
1394 1191 1623 1234 domestica
1646 1197 1714 1233 aut

320 1285 348 1314 a
391 1268 612 1313 scribendo
659 1274 728 1310 aut
768 1281 795 1310 a
832 1268 1068 1322 cogitando.
1136 1269 1275 1324 itaque
1317 1273 1455 1309 tantos
1490 1281 1714 1323 processus

319 1347 549 1397 efficiebat,
587 1351 630 1388 ut
667 1345 857 1396 evolare,
894 1359 978 1388 non
1014 1359 1233 1388 excurrere
1271 1345 1504 1396 videretur·⁷
1545 1352 1714 1402 eratque

316 1426 537 1470 verborum
576 1431 616 1466 et
656 1423 841 1466 delectus
877 1423 1052 1479 elegans
1089 1431 1129 1466 et
1165 1431 1261 1480 apta
1304 1430 1343 1466 et
1380 1424 1499 1479 quasi
1539 1424 1716 1466 rotunda

318 1504 593 1553 constructi03
619 1516 789 1558 cumque
817 1509 1059 1557 argumenta
1084 1501 1427 1557 excogitabantur
1451 1500 1503 1543 ab
1521 1514 1571 1544 eo
1587 1501 1716 1544 multa

317 1591 359 1627 et
401 1583 519 1625 firma
561 1580 615 1623 ad
653 1581 910 1637 probandum
949 1587 1032 1623 tum
1076 1583 1304 1624 concinnae
1346 1586 1573 1635 acutaeque
1618 1593 1715 1622 sen-

317 1662 493 1711 tentiae,
519 1666 744 1715 gestusque
775 1666 925 1702 natura
944 1660 1003 1701 ita
1023 1667 1240 1710 venustus,
1267 1665 1310 1701 ut
1337 1671 1407 1701 ars
1430 1659 1577 1708 etiam,
1608 1668 1717 1713 quae·

316 1753 402 1782 non
427 1745 534 1788 erat,
561 1744 601 1780 et
624 1751 646 1779 e
669 1738 892 1794 disciplina
917 1745 1049 1781 motus
1076 1738 1241 1794 quidam
1264 1737 1474 1781 videretur
1498 1735 1715 1778 accedere.

316 1816 477 1859 Vereor
506 1829 557 1857 ne
583 1828 722 1857 amore
747 1816 894 1857 videar
921 1817 1041 1871 plura
1068 1830 1190 1871 quam
1214 1817 1365 1858 fuerint
1388 1816 1430 1856 in
1454 1814 1529 1856 illo
1554 1814 1716 1865 dicere3

319 1895 430 1951 quod
462 1907 543 1936 non
574 1894 633 1934 ita
663 1899 742 1934 est:
788 1892 875 1934 alia
904 1894 1012 1934 enim
1043 1893 1093 1934 de
1124 1893 1198 1934 illo
1229 1896 1391 1934 maiora
1420 1891 1502 1933 dici
1530 1898 1715 1946 possunt.

317 1986 416 2015 nam
459 1984 537 2013 nec
575 1971 828 2012 continentia
860 1982 939 2012 nec
965 1971 1116 2025 pietate
1147 1983 1224 2012 nec
1253 1969 1339 2011 ullo
1369 1981 1525 2022 genere
1551 1970 1713 2011 virtutis

319 2062 565 2106 quemquam
597 2047 784 2089 eiusdem
814 2048 963 2089 aetatis
995 2059 1085 2089 cum
1112 2046 1186 2089 illo
1218 2046 1512 2089 conserendum
1541 2053 1650 2103 puto.

317 2214 475 2250 possum.
503 2223 544 2228 —
589 2200 628 2236 T.
656 2201 833 2246 Accium]
866 2201 1024 2238 Aetium
1055 2203 1111 2238 ed.
1136 2213 1190 2248 pr.
1226 2200 1292 2236 Gu.
1322 2200 1373 2242 1.;
1407 2199 1580 2241 Attium,
1616 2200 1713 2246 quod

318 2263 354 2296 in
382 2260 486 2295 codd.
513 2264 613 2293 certe
637 2269 842 2303 perrarum,
869 2258 934 2305 Lg.
954 2260 1008 2295 35.
1039 2258 1164 2294 Ottob.
1189 2279 1234 2284 —-
1268 2257 1419 2304 opima]
1446 2258 1499 2291 sic
1523 2257 1648 2300 codd.,
1674 2262 1713 2291 ut

316 2318 482 2359 videtur,
509 2327 634 2350 omnes
659 2321 694 2349 et
718 2317 773 2350 ed.
799 2327 871 2361 pr.;
896 2328 969 2350 non
995 2317 1091 2351 Rivii
1117 2317 1346 2359 coniectura,
1371 2322 1410 2350 ut
1434 2315 1523 2349 Ern.
1550 2315 1712 2359 putabat.

410 2384 489 2418 272.
538 2382 724 2427 delectus]
754 2384 919 2419 [Iz'lectus
943 2385 1048 2418 codd.
1070 2384 1138 2418 mei
1157 2396 1351 2419 omnes.—
1377 2381 1710 2429 adprobandum]

318 2439 621 2487 approbandum
653 2440 718 2486 Lg.
748 2441 780 2476 8.
815 2441 868 2475 51.
900 2441 954 2476 (38.
988 2441 1042 2475 70.
1087 2441 1177 2475 Ven.
1205 2441 1235 2476 l.
1269 2452 1362 2475 corr.
1394 2437 1712 2486 adprobandum,

318 2497 418 2542 quod
448 2502 503 2530 est
535 2497 571 2530 in
598 2496 664 2542 Lg.
691 2498 745 2532 56.
772 2517 818 2522 —-
855 2509 875 2531 e
904 2497 1131 2543 disciplina]
1166 2509 1187 2531 e
1217 2497 1349 2532 excidit
1383 2496 1417 2530 in
1450 2494 1518 2541 Lg.
1551 2494 1713 2528 omnibus

319 2558 472 2599 propter
499 2553 722 2598 praecedens
749 2558 799 2589 et.
824 2574 869 2579 —
902 2554 1067 2599 fuerint]
1089 2554 1255 2599 fuerunt
1286 2554 1355 2589 Gu.
1382 2553 1411 2589 l.
1437 2552 1470 2587 2.
1502 2562 1570 2585 nec
1595 2550 1712 2584 minus

318 2614 430 2645 recte.

412 2676 582 2716 Lxx1x.
628 2678 708 2716 273.
761 2678 955 2724 caelium]
979 2679 1032 2715 sic
1054 2678 1122 2726 ng.
1139 2679 1172 2716 8.
1194 2679 1250 2715 51.
1268 2678 1322 2715 56.
1348 2678 1403 2714 58.
1448 2676 1529 2713 Rei.
1559 2659 1710 2709 Geliuiu
