1835 3126
282 292 324 335 4
486 284 682 330 BREVIS
717 282 1113 335 ELOQUENTIAE
1145 282 1282 328 ROM.
1315 285 1458 327 HIST.

284 403 344 441 cui
381 406 417 440 et
462 412 502 439 se
538 404 658 439 totum
694 398 894 438 dicaverat
938 403 975 437 et
1013 398 1178 438 debebat
1222 400 1368 446 omnia,
1415 410 1499 438 cum
1543 399 1671 438 multis

281 468 409 509 verbis
441 466 479 505 id
504 467 605 516 agit,
635 470 677 504 ut
700 464 838 504 doceat
869 464 1042 504 conditas
1074 465 1298 517 eloquentia
1318 466 1513 513 civitates,
1543 466 1673 517 posita

280 534 475 586 politioris
513 532 760 572 immanitatis
797 531 1067 580 fundamenta,
1110 533 1357 571 obliteratam
1393 545 1539 572 morum
1577 525 1698 571 seri-⁸

279 606 415 647 tatem,
455 599 672 639 discordias
709 603 746 638 et
781 598 890 637 bella
928 598 1081 644 sedata,
1121 599 1232 637 malis
1271 611 1354 638 cum
1392 600 1559 650 publicis
1593 604 1672 637 tuin

279 666 442 718 privatis
474 678 675 705 occursum
706 677 803 704 esse.
862 665 969 704 Haec
1006 665 1073 703 ille
1113 676 1161 703 ex
1190 666 1418 716 improbatis
1447 666 1527 704 illis
1558 665 1670 704 libris

279 733 326 771 de
362 733 586 773 Inventione
611 731 674 784 (²)
713 734 753 771 in
791 731 973 781 dialogos
1015 731 1061 769 de
1100 732 1266 770 Oratore
1305 732 1507 770 ornatiora
1542 736 1670 770 trans-

276 800 364 838 tulit
389 796 470 850 (3);
517 801 583 852 qui
627 812 711 839 cum
750 811 795 838 eo
832 804 1006 850 tempore
1045 798 1180 849 scripti
1218 798 1311 845 sint,
1353 798 1490 849 quibus
1531 798 1669 838 Cicero

278 866 501 918 eloquentia
544 867 727 914 florebat,
772 878 849 904 non
893 864 1139 903 mediocriter
1181 870 1330 916 pugnat
1369 876 1416 903 ea
1459 863 1669 916 disputatio

278 945 362 972 cum
400 934 599 973 contraria
629 933 839 979 sententia,
881 944 958 983 qua
987 930 1175 970 beneficia
1203 932 1275 970 illa
1306 931 1355 970 ad
1384 931 1670 983 philosophiam

279 1001 392 1051 quasi
408 1006 606 1051 parentem
628 997 844 1049 resertffl).
889 999 1042 1049 Quippe
1067 1010 1150 1036 cum
1169 998 1392 1048 posteriora
1415 998 1486 1036 illa
1502 999 1669 1049 scripsit,

276 1066 404 1105 libera
439 1079 481 1105 re
515 1068 675 1118 publica
717 1079 742 1105 a
780 1065 954 1106 Caesare
993 1064 1148 1102 sublata
1184 1075 1340 1114 campus
1378 1075 1455 1102 non
1490 1069 1574 1103 erat
1611 1064 1669 1103 di-

276 1133 390 1171 sertis
420 1133 535 1181 viris,
573 1135 613 1171 in
645 1145 755 1184 quem
786 1132 898 1184 quasi
930 1135 1179 1169 excurrentes
1216 1130 1364 1180 ingenii
1392 1131 1671 1182 praestantiam

278 1199 535 1238 ostenderent.
596 1201 752 1239 Rectius
793 1210 886 1237 sane
925 1198 964 1236 in
995 1197 1235 1235 sermonibus
1272 1196 1318 1235 de
1350 1197 1517 1237 Oratore
1548 1199 1670 1238 Scae-

274 1266 385 1312 vola,
419 1267 484 1317 qui
516 1272 651 1306 contra
680 1270 933 1318 personatum
966 1264 1194 1304 Ciceronem
1225 1263 1426 1315 disputans
1456 1264 1665 1312 inducitur,

277 1344 424 1371 omnem
461 1332 570 1371 illum
615 1333 790 1371 cultioris
826 1333 929 1372 vitae
973 1332 1138 1370 fructum
1182 1331 1411 1382 prudentiae
1455 1331 1560 1371 civili
1604 1343 1669 1371 ac-

276 1404 425 1451 ceptum
456 1399 596 1447 refert;
637 1400 709 1438 etsi
737 1404 901 1438 naturae
930 1399 1121 1437 humanae
1150 1398 1222 1436 illa
1251 1399 1493 1450 praestantia
1524 1404 1599 1447 est,
1629 1404 1670 1438 ut

276 1464 326 1503 ad
357 1478 503 1504 summa
525 1478 721 1518 quaeque,
754 1478 838 1505 cum
861 1467 1024 1518 primum
1055 1465 1184 1504 divino
1211 1465 1399 1505 beneficio
1432 1479 1480 1506 ex
1502 1467 1669 1507 feritatis

275 1531 457 1571 socordia
488 1534 658 1572 excitata
689 1537 808 1580 esset,
840 1538 976 1584 sponte
1007 1545 1078 1571 sna
1106 1532 1318 1571 laberetur.

922 1640 956 1695 ς.
989 1646 1026 1682 2.

637 1718 879 1763 Eloquentiae
903 1718 1089 1752 Romanae
1114 1717 1302 1763 principia.

388 1799 489 1838 Illud
534 1805 661 1839 autem
710 1799 950 1838 intellexisse
995 1799 1221 1839 Ciceronem
1266 1800 1454 1842 credibile
1498 1807 1555 1841 est
1598 1802 1668 1841 has

276 1866 522 1918 eloquentiae
566 1866 723 1914 laudes,
768 1872 961 1918 utcunque
1006 1867 1052 1905 de
1095 1868 1143 1907 iis
1189 1869 1495 1916 existimaveris,
1540 1880 1668 1908 rerum

275 1938 473 1983 gestarum
511 1934 761 1972 monumentis
794 1934 1044 1984 consignatas
1081 1947 1158 1974 non
1191 1947 1293 1975 esse:
1332 1937 1388 1975 ita
1417 1936 1529 1974 huius
1560 1936 1669 1983 artis,

273 2005 315 2038 ut
353 2005 585 2048 ceterarum,
631 2001 742 2039 initia
777 2002 978 2041 vetustatis
1025 2003 1138 2052 quasi
1183 2003 1353 2054 caligine
1399 2003 1668 2042 obscurantur.

273 2067 488 2106 Prudenter
517 2068 609 2107 fecit
638 2069 776 2118 igitur,
818 2068 921 2119 quod
951 2068 989 2106 in
1018 2068 1140 2108 Bruto
1165 2067 1227 2121 (5)
1259 2069 1305 2109 de
1336 2069 1553 2119 originibus
1585 2069 1668 2108 elo-

275 2135 454 2185 quentiae
485 2135 685 2174 Romanae
725 2136 918 2175 disserens
956 2136 1196 2187 principibus
1236 2136 1466 2188 quibusdam
1502 2136 1668 2175 civitatis

274 2200 425 2239 dicendi
462 2201 616 2239 laudem
653 2203 728 2240 nisi
768 2203 1001 2255 suspicando
1040 2209 1075 2243 et
1115 2203 1367 2243 coniectando
1405 2215 1482 2242 non
1519 2203 1666 2242 tribuit.

274 2268 318 2307 Si
349 2272 458 2306 erant
489 2267 642 2315 diserti,
676 2275 786 2308 erant
814 2283 886 2322 pro
918 2271 1071 2309 ratione
1096 2271 1235 2309 aetatis
1262 2275 1297 2309 et
1323 2269 1550 2309 eruditionis
1572 2270 1666 2318 eius,

276 2346 375 2385 quae
425 2340 512 2373 ante
557 2334 791 2375 debellatam
827 2337 982 2377 Italiam
1027 2343 1064 2376 et
1103 2337 1386 2377 accuratiorem
1428 2337 1667 2378 Graecorum

274 2400 448 2439 notitiam
487 2412 571 2439 esse
607 2403 741 2453 potnit.
802 2403 937 2457 Neque
978 2409 1130 2443 exstant
1165 2405 1249 2444 ulla
1291 2404 1493 2443 literarum
1531 2415 1665 2443 monu-

275 2472 403 2505 menta
446 2473 523 2505 tam
568 2470 727 2520 antiqua
771 2477 836 2510 aut
876 2484 923 2512 ea
958 2470 1032 2510 fide
1070 2471 1207 2522 digna,
1252 2475 1292 2509 ut
1329 2470 1416 2521 plus
1455 2482 1569 2522 quam
1605 2471 1665 2508 in-

276 2538 419 2571 certam
449 2532 637 2574 dictorum
666 2537 935 2592 factorumque
954 2539 1097 2578 famam
1127 2537 1379 2577 nanciscaris.
1433 2537 1532 2577 Gens
1565 2537 1663 2576 enim

367 2698 402 2740 2)
429 2697 453 2732 ¹·
484 2699 498 2731 Ῑ
526 2709 602 2742 S‘l‘l-
723 2702 758 2745 3)
786 2702 810 2737 1.
837 2704 868 2738 S.
903 2703 1030 2747 quibus
1063 2714 1085 2736 a
1110 2703 1242 2737 Crasso
1276 2702 1379 2735 dictis
1405 2701 1530 2735 confer
1554 2701 1661 2735 Scae-

275 2754 381 2788 volae
413 2754 691 2800 disputationem
726 2759 940 2794 contrariam
971 2772 999 2794 e.
1033 2760 1055 2794 9
1077 2770 1154 2806 sqq.
1274 2759 1310 2801 4)
1343 2757 1446 2794 TUSC·
1472 2756 1516 2794 V·
1552 2757 1593 2799 25
1628 2756 1659 2793 5·

275 2809 309 2850 5)
336 2821 364 2844 (τ.
394 2810 444 2845 Η.
