1835 3126
228 214 346 259 126
438 205 635 251 BREVIS
665 204 1057 258 ELOQUENTIAE
1088 204 1221 249 ROM.
1254 204 1397 247 HlST.

229 325 332 378 quod
373 321 576 362 luxurioso
608 320 713 360 vitae
740 330 907 370 genere,
941 319 1110 360 fortasse
1139 321 1254 360 etiam
1286 319 1500 360 ambitiosis
1529 318 1611 358 lar-

228 390 438 442 gitionibus
469 387 681 434 contraxit,
710 386 885 424 diximus.

338 456 436 495 Hinc
478 453 699 492 Inimicitias
743 451 915 490 exercuit
950 451 1150 489 acerrime.
1212 453 1376 504 Appium
1409 451 1612 493 Claudium

227 522 366 562 aedilis
412 531 628 567 censorem,
674 518 775 570 quod
819 523 1085 557 accusatorem
1120 517 1211 567 lege
1247 519 1466 568 Scantinia,
1512 529 1612 570 quae

226 591 349 628 fuisse
376 587 529 628 videtur
559 585 605 624 de
638 586 802 634 incestu,
842 586 880 624 in
912 597 996 624 eum
1023 584 1326 629 subornaverat,
1365 586 1450 636 ipse
1479 585 1613 624 eadem

225 657 317 706 lege
347 654 558 707 postulavit
573 649 663 702 (¹⁴):
695 664 911 703 quanquam
941 657 1106 702 utraque
1133 651 1329 690 accusatio
1353 657 1513 702 peracta
1534 664 1612 691 nou

228 728 297 762 est.
358 721 470 770 Quod
510 720 729 759 Trebonius
769 720 845 771 ipsi
882 718 1054 770 quamvis
1098 722 1186 756 ante
1223 717 1437 767 legitimum
1475 729 1615 756 annum

226 794 449 841 praeturam
487 786 627 839 adepto
665 786 867 838 praelatus
897 791 973 834 est,
1011 785 1226 837 praecipua
1260 795 1382 823 causa
1418 783 1508 831 fuit,
1546 794 1616 822 cur

226 869 251 895 a
281 856 452 896 Caesare
482 854 732 893 alienaretur.

339 921 419 962 Sed
448 922 548 960 inter
580 925 758 960 oratores
787 930 925 958 nomen
953 918 1035 957 eius
1066 916 1319 956 clarissimum
1348 916 1471 955 fuisse
1492 916 1614 955 omnis

227 989 421 1029 consensit
444 988 667 1039 antiquitas.
697 986 825 1028 Verbo
845 986 926 1024 eius
942 984 1169 1024 mentionem
1191 984 1338 1023 faciunt
1352 983 1525 1024 Velleius
1542 980 1613 1033 (¹5)

227 1061 264 1094 et
300 1056 448 1095 Plinius
478 1055 612 1094 Minor
639 1051 722 1104 (¹⁶).
781 1052 1032 1103 Copiosiores
1068 1056 1155 1090 sunt
1184 1050 1321 1091 Cicero
1353 1050 1615 1099 Quintilianus

226 1123 393 1173 scriptor
437 1120 588 1170 dialogi
632 1120 678 1158 de
727 1118 960 1158 oratoribus.
1030 1117 1080 1156 Et
1118 1129 1166 1156 ex
1207 1118 1262 1155 eis
1296 1116 1468 1167 quidem,
1514 1129 1615 1169 qnae

227 1192 425 1228 oratorum
461 1188 642 1239 princeps
681 1187 721 1225 in
757 1186 878 1225 Bruto
918 1184 1036 1223 habet
1067 1181 1158 1234 (Π),
1200 1183 1380 1222 discimus
1411 1195 1495 1223 eum
1530 1196 1614 1224 cum

225 1254 454 1294 elocutionis
475 1259 613 1293 ornatu
636 1258 672 1292 et
694 1252 846 1291 facetiis
870 1256 946 1290 tum
966 1250 1129 1290 actionis
1151 1250 1339 1300 dignitate
1363 1255 1400 1289 et
1416 1256 1615 1291 venustate

224 1321 480 1372 praestitisse.
540 1320 584 1358 In
616 1321 783 1360 Oratore
822 1323 949 1357 autem
988 1328 1088 1369 quae
1124 1316 1171 1356 de
1209 1318 1403 1356 maestitia
1439 1319 1616 1358 oratoria

224 1388 306 1427 sive
341 1387 388 1425 de
423 1387 524 1425 tristi
563 1391 599 1425 et
636 1397 772 1426 severo
812 1384 964 1424 dicendi
1000 1395 1145 1434 genere
1177 1390 1522 1424 commemorantur
1545 1382 1613 1437 (¹⁸)

224 1453 400 1504 apprime
440 1452 490 1490 ad
522 1451 697 1492 Caelium
736 1450 1029 1490 describendum
1066 1450 1356 1489 accommodata
1394 1452 1498 1489 etin
1526 1452 1615 1503 ipsa

224 1530 448 1565 causarum,
491 1530 588 1569 quas
625 1518 724 1568 egit,
762 1517 895 1556 indole
931 1517 1062 1568 posita
1098 1521 1196 1555 sunt.
1253 1516 1483 1556 Accusando
1515 1518 1615 1557 enim

224 1598 339 1637 quam
374 1584 613 1624 defendendo
652 1584 852 1624 meliorem
888 1583 1010 1622 fuisse
1045 1594 1129 1622 cum
1167 1594 1215 1622 ex
1246 1583 1368 1622 Bruto
1401 1584 1614 1634 Ciceronis,

222 1658 301 1691 tum
347 1664 395 1691 ex
443 1651 613 1691 eiusdem
654 1651 822 1703 quodam
869 1650 969 1690 dicto
1007 1649 1111 1702 apud
1143 1649 1420 1698 Quintilianum
1458 1656 1613 1691 servato

223 1720 493 1769 cognoscimus
518 1716 600 1769 (¹9).
658 1719 748 1760 Alio
780 1718 958 1758 Oratoris
987 1717 1076 1756 loco
1101 1713 1168 1767 (2⁰)
1200 1716 1414 1767 significari
1437 1717 1616 1758 videntur

224 1786 532 1836 antiquariorum
576 1786 740 1824 deliciae
785 1798 809 1824 a
850 1784 986 1825 Caelio
1033 1784 1181 1836 captari
1219 1784 1371 1823 solitae.
1438 1784 1537 1824 Nam
1576 1790 1614 1824 et

224 1851 415 1903 epistolae
446 1851 788 1890 Ciceronianarum
819 1862 985 1902 corpore
1013 1851 1334 1902 comprehensae,
1377 1862 1460 1889 cum
1490 1852 1614 1890 abun-

224 1918 313 1956 dent
336 1919 504 1967 ingenuo
529 1918 679 1956 dicendi
706 1918 844 1968 spiritu
868 1922 904 1955 et
924 1917 1089 1963 facetiis,
1112 1918 1224 1955 huius
1245 1917 1326 1955 vitii
1350 1922 1426 1955 tum
1448 1918 1612 1968 primum

224 1986 296 2024 orti
329 1985 555 2024 documenta
586 1985 786 2031 exhibent,
819 1988 856 2022 et
886 1982 997 2022 docet
1024 1982 1125 2021 idem
1153 1983 1296 2034 ipsiuS‚
1328 1995 1440 2034 quam
1461 1984 1614 2035 profert

223 2052 506 2100 Quintilianus,
544 2052 651 2090 vocis
686 2051 789 2099 frugi
826 2050 1037 2099 originatio
1064 2047 1144 2099 (2¹).
1210 2049 1293 2088 Hoc
1328 2049 1460 2088 vitium
1494 2051 1613 2089 nimia

223 2117 450 2168 cupiditate,
490 2123 531 2156 ut
570 2117 695 2156 solent
733 2116 798 2166 qui
828 2127 909 2154 rem
939 2116 1141 2155 ambitiose
1170 2114 1397 2163 defendunt,
1436 2117 1492 2155 ita
1519 2128 1611 2168 per-

222 2184 395 2235 sequitur
425 2183 592 2234 scriptor
622 2182 769 2231 dialogi
802 2182 849 2220 de
879 2182 1121 2229 oratoribus,
1151 2186 1190 2220 ut
1214 2181 1377 2220 Galbam
1401 2187 1437 2221 et
1460 2182 1611 2222 Carbo-

221 2262 307 2289 nem
336 2250 523 2289 imitatum
550 2248 675 2289 videri
704 2247 806 2287 dicat
837 2253 874 2287 et
903 2247 982 2287 alio
1017 2247 1183 2299 quodam
1216 2248 1306 2287 loco
1336 2248 1504 2288 hiantem
1528 2250 1610 2289 eius

317 2391 372 2432 14)
388 2390 531 2424 Caelius
547 2389 592 2423 ad
607 2389 679 2424 Cic.
692 2389 777 2424 Div.
789 2388 882 2423 V111.
901 2388 951 2423 12.
1059 2387 1276 2431 15)Ve11.11.
1292 2387 1347 2423 68.
1444 2390 1499 2432 16)
1514 2390 1609 2424 Plin.

223 2447 315 2492 Epp.
347 2445 371 2480 Ι.
397 2446 453 2480 20.
572 2446 629 2489 17)
664 2445 737 2480 Cic.
763 2444 868 2479 Brut.
893 2444 955 2487 79,
980 2443 1058 2478 273.
1177 2444 1234 2488 18)
1272 2444 1344 2479 Cic.
1369 2443 1432 2480 Or.
1460 2445 1522 2488 16,
1552 2445 1609 2480 53.

226 2503 280 2546 10)
309 2502 457 2539 Quintil.
476 2501 536 2538 Vl.
557 2502 596 2544 3,
617 2502 672 2537 69.
791 2501 851 2544 20)
877 2501 950 2536 Cic.
974 2499 1078 2535 Orat.
1098 2500 1160 2542 50,
1182 2500 1259 2535 169.
1373 2501 1432 2545 21)
1461 2501 1610 2538 Quintil.

225 2558 251 2594 Ι.
275 2558 314 2601 6,
339 2558 393 2593 29.
444 2557 752 2594 Parricidatum
785 2558 896 2600 idem,
929 2569 995 2602 pro
1023 2558 1251 2603 parricidio
1288 2562 1396 2603 puto,
1432 2557 1523 2591 dixit
1554 2569 1609 2592 se·

223 2614 374 2648 cundum
394 2614 517 2652 Quint.
538 2614 563 2650 Ι.
580 2615 614 2657 6,
628 2615 691 2649 42:
716 2614 858 2649 minime
878 2614 971 2648 enirn
992 2613 1188 2659 probabilis
1206 2614 1407 2659 Spaldingii
1428 2614 1609 2649 sententia

224 2672 269 2704 de
294 2671 484 2716 Antipatro
510 2670 681 2705 historico
709 2670 957 2717 intelligentis:
982 2669 1120 2705 medius
1145 2670 1238 2704 enim
1263 2671 1406 2716 ponitur
1432 2671 1524 2705 inter
1547 2679 1605 2703 ae-

224 2727 349 2770 quales
373 2726 584 2762 Messallam
611 2727 816 2763 l‘ollionem
840 2727 1000 2764 Calvum.
