1835 3126
296 232 431 278 4⁰8
725 226 1252 274 EXPLICATIONES

299 345 333 383 si
362 341 533 381 eruditus
564 344 642 389 est,
672 346 756 381 arte
784 342 940 389 nititur3
970 347 1155 380 veterator
1182 355 1291 381 usum
1321 341 1511 395 quendam
1541 347 1577 382 et
1604 342 1686 383 cal-

297 408 489 449 liditatem
518 420 590 447 usu
618 413 770 460 partam
796 408 972 455 adhibet3
1001 407 1070 446 ille
1093 408 1316 458 magnifico,
1345 411 1407 450 hic
1430 415 1585 451 versuto
1615 421 1686 461 ge-

298 486 394 514 nere
433 474 585 514 dIcendi
624 475 760 522 utitur3
800 475 869 514 ille
907 473 1134 514 delectando
1174 474 1347 514 docendo
1382 477 1587 525 movendo,
1626 477 1687 516 hic

300 541 490 593 capiendo
520 541 689 580 auditori
717 542 884 581 intentus
908 547 977 580 est.
1037 552 1069 581 c.
1093 542 1166 589 21,
1191 541 1262 580 82:
1294 543 1341 579 L.
1368 542 1475 579 Cotta
1504 549 1688 581 veterator

300 614 355 645 est
384 608 545 645 habitus.
603 609 677 655 48,
705 609 803 648 178;
835 611 878 645 P.
911 609 1087 657 Cetheyus
1115 611 1153 644 tn
1179 610 1303 645 causis
1328 607 1483 657 publicis
1506 610 1617 654 vthil,
1649 612 1688 647 tn

298 677 460 724 privatis
489 677 584 712 satis
608 680 794 712 veterator
813 675 1018 712 vedebatur.
1077 674 1150 723 75,
1177 675 1278 713 261:
1308 674 1542 723 splendtdam
1568 688 1689 723 quem-

301 740 388 777 dam
418 743 638 790 wninimeque
666 744 929 779 veteratoriam
960 743 1142 778 rationem
1171 740 1315 777 dicendt
1344 745 1450 777 tenet.

411 806 585 848 LXVIII.
645 809 739 848 239.
801 808 838 844 G.
870 807 971 856 Piso]
1015 807 1057 847 C.
1098 807 1331 860 Calpurnius
1367 807 1458 846 Piso
1499 805 1615 845 iudex
1651 807 1690 845 in

301 884 422 912 causa
461 873 506 923 Q.
538 874 671 914 Roscii
708 886 732 913 a
768 874 956 914 Cicerone
998 879 1086 912 acta
1123 886 1158 912 a.
1187 874 1288 922 678,
1327 878 1487 925 praetor
1524 885 1559 912 a.
1596 874 1691 921 684,

300 945 488 992 patronus
503 941 661 981 Aebutii
684 946 819 981 contra
836 941 1060 981 Ciceronem
1078 940 1271 980 Caecinae
1287 939 1528 980 defensorem
1547 953 1582 980 a.
1598 940 1692 988 685,

301 1007 438 1046 consul
462 1019 498 1048 a.
520 1009 615 1047 687.
667 1009 762 1047 Post
785 1008 1026 1047 consulatum
1052 1008 1206 1048 Galliae
1230 1004 1478 1046 Narbonensi
1503 1007 1692 1059 praefuit3

302 1084 351 1111 ex
383 1086 460 1124 qua
481 1075 685 1126 provincia
714 1074 1013 1127 repetundarum
1035 1075 1271 1126 postulatus,
1301 1075 1362 1113 cui
1384 1085 1526 1113 causae
1550 1075 1692 1113 crimen

299 1139 531 1178 iniustorum
570 1142 849 1192 suppliciorum
887 1140 933 1179 de
967 1141 1090 1180 Gallis
1128 1146 1362 1192 sumptorum
1396 1140 1692 1188 admiscebatur,

301 1203 371 1243 sed
402 1217 425 1243 a
457 1204 646 1244 Cicerone
677 1207 835 1245 consule
866 1206 1046 1245 defensus
1078 1212 1134 1245 est
1170 1213 1205 1245 et
1242 1207 1456 1246 absolutus.
1513 1207 1558 1248 V.
1588 1207 1692 1246 Dru-

299 1282 479 1310 mannum
508 1272 605 1311 Hist.
630 1271 676 1312 R.
708 1277 733 1311 t.
761 1272 808 1311 II.
840 1283 878 1323 p.
906 1272 974 1311 92.

413 1339 609 1388 statarius]
640 1351 675 1379 v.
698 1339 737 1377 in
763 1350 794 1378 e.
817 1340 889 1388 30,
915 1340 1028 1385 116.;
1057 1340 1238 1374 sermonis
1263 1342 1388 1376 autem
1411 1338 1542 1387 plenus
1566 1344 1694 1377 orator

300 1397 455 1451 dicitur,
484 1405 550 1456 qui
574 1417 652 1445 uon
674 1411 752 1444 tam
775 1405 968 1445 contendit
994 1410 1029 1444 et
1053 1404 1223 1443 clamore
1245 1404 1511 1455 lateribusque
1532 1411 1693 1457 pugnat,

302 1481 418 1521 quam
449 1470 600 1511 dicendi
630 1484 775 1523 genere
802 1473 964 1512 remisso
996 1477 1030 1512 et
1062 1471 1196 1510 sedato
1224 1471 1354 1510 utitur.
1415 1471 1592 1523 Scriptor
1615 1472 1695 1511 He-

300 1537 511 1576 rennianus
547 1539 613 1579 III.
645 1541 714 1588 13,
745 1541 818 1578 23:
856 1553 977 1577 sermo
1017 1545 1069 1576 est
1108 1542 1228 1576 oratio
1268 1541 1424 1576 remissa
1464 1544 1497 1576 et
1531 1538 1693 1586 finitima

301 1604 542 1652 quotidianae
571 1606 778 1644 elocutioni.
831 1606 935 1646 Idem
960 1606 1086 1645 statim
1118 1617 1138 1645 e
1161 1605 1323 1656 regione
1352 1605 1461 1657 ponit
1491 1609 1694 1644 contentio-

301 1681 405 1714 me'm,
435 1675 477 1709 ut
499 1671 636 1712 Cicero
667 1673 760 1713 fecit
789 1672 836 1713 de
859 1673 926 1713 Or.
952 1672 1017 1712 ΙΙΙ.
1042 1675 1117 1721 45,
1145 1674 1243 1712 177:
1273 1686 1346 1710 non
1377 1675 1474 1710 enim
1499 1678 1585 1709 sunt
1614 1673 1694 1710 alia

301 1739 503 1783 sermonis,
544 1740 625 1777 alta
663 1743 908 1778 contentionis
941 1740 1064 1777 verba.
1124 1738 1385 1788 Quintillanus
1422 1739 1491 1779 XI,
1531 1740 1577 1787 3,
1617 1739 1693 1779 25:

302 1800 505 1852 (optimum
531 1805 621 1856 erit)
653 1807 811 1844 ediscere
840 1820 953 1857 quam
978 1809 1142 1844 maxime
1162 1809 1292 1852 υανὶιι,
1320 1819 1414 1856 quae
1439 1811 1472 1843 et
1495 1806 1693 1843 clamorem

303 1872 338 1903 et
368 1867 655 1917 disputationem
694 1878 727 1908 et
755 1886 960 1909 sermonem
1000 1879 1033 1909 et
1067 1872 1189 1920 flexus
1218 1873 1395 1918 habeant,
1435 1878 1476 1910 ut
1509 1873 1621 1910 simul
1653 1875 1691 1910 in

303 1937 430 1971 omma
467 1949 654 1985 paremur.
711 1937 837 1988 Igitur
868 1938 1088 1989 Scipionem
1120 1939 1376 1989 Laelimnque
1406 1944 1583 1977 oratores
1621 1951 1693 1977 na-

302 2003 392 2037 tura
421 2000 596 2042 diversos
627 2015 711 2042 cum
737 2004 864 2044 Galba
894 2009 1120 2056 comparant
1151 2004 1231 2043 Cic.
1264 2004 1311 2043 de
1341 2005 1406 2044 Or.
1431 2004 1460 2044 I.
1491 2006 1565 2053 60,
1598 2006 1692 2046 255.

303 2064 397 2104 dicit
425 2067 516 2106 illos
547 2072 672 2106 onmia
700 2083 867 2107 sermone
897 2071 1011 2119 paulo
1043 2073 1238 2107 intentiore
1273 2071 1493 2117 confecisse,
1528 2085 1603 2109 uon
1632 2073 1693 2109 la-

303 2132 442 2169 teribus
480 2140 546 2171 ant
583 2136 745 2173 clamore
784 2137 1024 2174 contemRsse.
1082 2135 1142 2174 De
1181 2146 1326 2186 genere
1363 2136 1566 2187 loquendi,
1611 2150 1693 2178 cunl

304 2203 488 2237 sermonis
506 2201 637 2250 plenus
665 2202 816 2241 dicatur
849 2202 898 2241 ad
928 2202 967 2241 id
991 2203 1180 2242 orationis
1206 2214 1328 2253 genus
1358 2203 1397 2241 in
1422 2203 1555 2254 primis
1581 2210 1694 2256 aptus

305 2270 461 2314 orator,
493 2268 628 2307 confer
654 2268 687 2321 ᾧ.
715 2270 816 2309 240:
847 2272 895 2306 D.
920 2270 1075 2307 Silanus
1098 2293 1148 2298 —
1173 2270 1289 2307 studii
1316 2269 1378 2307 me
1400 2270 1545 2320 quidem
1566 2271 1694 2310 habuit

302 2344 377 2369 mon
408 2334 580 2380 multum,
609 2336 674 2372 sed
704 2338 887 2373 acuminis
917 2342 950 2373 et
980 2339 1163 2374 orationis
1192 2338 1299 2374 satis.

415 2402 474 2437 M.
509 2401 758 2451 Glabrionem]
798 2402 831 2442 is
866 2408 1027 2454 praetor
1064 2415 1099 2441 a.
1129 2404 1212 2443 684
1248 2403 1288 2441 in
1315 2402 1475 2444 Verrem
1513 2402 1694 2442 iudicium

303 2466 535 2514 exercebat3
567 2479 615 2506 ex
637 2469 840 2508 consulatu
865 2481 900 2508 a.
926 2470 1007 2509 687
1033 2474 1143 2519 gesto
1167 2469 1332 2509 Lucullo
1356 2481 1558 2510 successor
1583 2470 1692 2509 datus

304 2535 363 2570 est
391 2532 496 2571 bello
520 2534 809 2575 Mithridatico:
845 2535 966 2587 quod,
998 2547 1080 2575 cum
1106 2536 1207 2575 male
1230 2537 1434 2586 gessisset,
1466 2548 1555 2575 mox
1577 2537 1693 2576 Pom-

303 2599 393 2649 peio
434 2601 673 2640 commissum
705 2607 773 2641 est.
833 2603 1016 2641 Scaevola
1055 2603 1137 2641 eius
1176 2615 1270 2643 avus
1308 2615 1395 2642 num
1424 2603 1467 2642 P.
1499 2603 1693 2644 Scaevola

304 2666 481 2715 pontifex
510 2668 697 2707 maximus
727 2668 844 2708 fuerit
879 2681 957 2709 cos.
987 2682 1021 2708 a.
1050 2671 1153 2718 621,
1191 2683 1241 2709 an
1271 2669 1316 2719 Q.
1343 2670 1537 2711 Scaevola
1566 2682 1693 2721 augur

308 2743 383 2770 non
406 2738 567 2774 constat.
611 2737 658 2774 L.
681 2737 856 2775 Manlius
883 2739 1096 2788 Torquatus
1120 2737 1407 2789 condiscipulus
1432 2736 1629 2778 Ciceronis
1654 2742 1691 2776 et
