1835 3126
384 217 581 283 BREVlS
610 238 1004 291 ELOQUENTIAE
1038 239 1171 284 ROM.
1200 241 1343 285 HIST.
1487 245 1559 290 13

170 366 244 406 que
289 354 460 405 augebat
503 354 784 395 Graeculorum
826 354 1138 406 vaniloquentia,
1182 362 1223 395 ut
1266 357 1381 408 pauci
1420 362 1559 404 essent,

169 421 235 472 qui
271 422 551 460 transmarinas
592 426 628 460 et
663 421 902 462 adventicius
941 427 1043 461 artes
1079 423 1331 471 mirarentur,
1371 435 1482 475 quem
1509 422 1559 462 ad

167 487 319 527 modum
348 489 392 528 P.
414 486 612 540 Sulpicius
644 488 779 529 Gallus
806 489 1031 539 astrologus
1061 489 1174 535 fecit,
1205 490 1413 541 pauciores
1443 490 1559 529 etiam

166 565 253 593 sese
306 554 488 594 didicisse
534 555 761 596 faterentur.
833 556 986 608 Populo
1041 568 1090 595 ne
1140 556 1414 608 displicerent,
1469 568 1558 596 sese

167 623 307 661 artium
358 624 539 675 peritiam
591 623 857 664 dissimulasse
906 624 1096 664 Antonius
1152 628 1188 662 et
1240 623 1407 664 Crassus
1455 622 1560 675 apud

166 689 393 729 Ciceronem
409 688 478 741 (⁴²¹)
518 696 744 732 asseverant
785 696 822 730 et
857 692 958 730 hanc
993 689 1224 742 popularem
1261 690 1481 742 opinionem
1508 689 1558 729 ad

167 755 368 796 Ciceronis
423 764 588 798 aetatem
641 759 828 798 mansisse
878 757 991 796 huius
1045 757 1264 795 testimonio
1312 769 1404 796 usus
1452 756 1556 795 haud

166 823 332 862 obscure
370 825 542 875 prodidit
578 824 841 872 Quintilianus
870 819 950 870 (⁴3).
1025 822 1131 868 Nec,
1175 822 1251 860 nisi
1290 823 1346 860 ita
1386 822 1556 869 fecisset,

163 889 340 939 pluribus
382 890 511 929 verbis
543 890 681 929 Cicero
708 891 747 929 in
776 888 974 928 Archiana
1005 898 1070 936 se,
1110 888 1214 939 quod
1243 888 1369 940 poetis
1403 892 1440 927 et
1469 889 1556 940 phi-

160 954 336 1006 losophis
378 967 538 1007 operam
576 955 704 1005 daret,
737 960 991 995 excusaturus
1025 959 1121 993 erat.
1180 955 1330 995 Mansit
1365 955 1487 1005 igitur
1516 955 1556 994 in

159 1020 358 1072 plurimis,
393 1034 494 1074 quae
521 1023 670 1070 fuerat,
701 1022 908 1063 iuventutis
938 1020 1157 1073 disciplina.
1217 1022 1429 1074 Postquam
1455 1022 1554 1061 enim

158 1088 360 1128 literarum
404 1090 516 1129 initia
564 1090 645 1130 sive
682 1089 840 1142 legendi
876 1088 1072 1128 scribendi
1109 1088 1281 1128 calculos
1321 1089 1555 1142 supputandi

159 1155 375 1195 rudimenta
416 1157 594 1209 pauculis
631 1162 834 1210 poetarum
876 1156 1082 1197 versiculis
1126 1161 1163 1195 et
1203 1155 1405 1196 duodecim
1440 1157 1554 1196 tabu-

157 1222 284 1262 larum
329 1225 499 1264 carmine
539 1224 746 1265 ediscendo
793 1223 1079 1277 percepissent,
1124 1228 1276 1275 sumpta
1312 1229 1409 1274 toga
1448 1223 1555 1263 virili

158 1288 447 1330 deducebantur
472 1291 522 1331 ad
551 1303 662 1331 senes
694 1297 731 1332 et
759 1293 992 1338 honoratos,
1027 1295 1068 1329 ut
1097 1290 1144 1330 de
1165 1291 1250 1330 iure
1274 1290 1552 1343 respondentes

157 1356 356 1406 audirent,
397 1358 552 1398 iudiciis
585 1359 786 1408 adessent,
827 1358 1034 1399 senatoriis
1065 1358 1263 1397 sententiis
1293 1355 1552 1410 popularibus

156 1425 398 1464 contionibus
432 1427 687 1467 auscultando
707 1425 774 1477 (⁴¹⁴)
813 1426 970 1477 legibus
1011 1436 1118 1464 more
1153 1425 1310 1477 publico
1346 1425 1553 1477 prudentia

156 1491 261 1531 civili
304 1492 429 1542 magis
465 1505 539 1531 usu
577 1505 692 1544 quam
730 1498 814 1532 arte
852 1493 1128 1531 imbuerentur.
1194 1492 1304 1531 Hunc
1342 1492 1551 1532 iuventutis

156 1557 392 1597 erudiendae
434 1570 595 1607 morem,
637 1572 750 1611 quem
789 1559 989 1600 Ciceronis
1030 1558 1143 1610 pueri
1182 1563 1310 1598 aetate
1338 1558 1463 1598 adhuc
1491 1559 1550 1599 vi-

155 1625 290 1675 guisse
336 1631 506 1674 constat,
552 1638 715 1678 magnas
758 1627 798 1666 in
841 1626 1005 1678 imperio
1050 1625 1156 1664 orbis
1201 1624 1380 1677 parando
1416 1630 1549 1678 partes

154 1692 338 1731 habuisse
379 1693 587 1745 probabile
625 1698 692 1732 est.
751 1693 852 1732 Aliis
889 1692 988 1732 enim
1025 1692 1065 1729 in
1105 1691 1272 1730 alioruin
1301 1692 1423 1731 vicem
1460 1704 1548 1732 suc-

154 1760 417 1798 crescentibus
455 1761 627 1800 virorum
666 1761 920 1810 egregiorum
949 1769 1132 1811 propago
1164 1770 1360 1810 nunquam
1394 1758 1549 1798 deficie-

151 1824 319 1877 bat(⁴5).
379 1826 458 1865 Sed
493 1826 696 1866 literarum
724 1838 809 1866 cum
836 1826 1085 1874 Latinarum,
1121 1830 1200 1865 tum
1227 1826 1393 1865 maxime
1424 1826 1547 1867 Grae-

152 1904 283 1932 carum
313 1893 452 1932 notitia
483 1893 695 1945 plerosque
726 1894 842 1933 etiam
872 1893 1039 1934 civitatis
1070 1893 1268 1944 principes
1299 1892 1548 1933 mediocriter

149 1960 314 2000 imbutos
342 1959 463 1999 fuisse
489 1960 578 1999 inde
602 1961 788 2009 efficitur,
817 1960 919 2013 quod
941 1959 1062 2012 paulo
1090 1960 1333 2012 antiquiores
1360 1961 1545 2001 Gracchis

147 2027 205 2067 M.
245 2026 418 2079 Lepidus
449 2027 619 2067 Porcina
649 2029 736 2068 Ser.
770 2028 898 2068 Galba
928 2027 972 2068 C.
1005 2027 1134 2068 Carbo
1171 2040 1220 2068 ne
1256 2028 1353 2067 iuris
1392 2027 1546 2080 quidem

149 2094 243 2133 satis
284 2094 399 2144 gnari
428 2094 549 2134 fuisse
576 2095 753 2135 feruntur
771 2092 855 2147 (⁴⁶).
916 2094 1021 2144 Quin
1049 2095 1178 2134 multis
1211 2095 1322 2134 annis
1351 2100 1442 2147 post
1474 2106 1545 2134 nec

148 2161 334 2201 Crassum
374 2162 469 2200 satis
512 2163 680 2214 peritum
721 2168 757 2203 et
795 2163 1003 2203 Antonium
1042 2174 1205 2213 prorsus
1249 2161 1383 2200 rudem
1421 2161 1543 2201 fuisse

146 2228 350 2266 literarum
386 2233 567 2267 constans
606 2230 801 2268 hominum
837 2234 923 2269 erat
964 2229 1119 2280 opinio,
1154 2229 1195 2267 in
1226 2240 1304 2279 qua
1334 2227 1543 2268 refutanda

146 2294 295 2334 frustra
323 2295 505 2346 copiosus
535 2300 593 2334 est
627 2292 767 2336 Cicero
786 2293 869 2347 (⁴⁷).

239 2492 297 2536 42)
325 2492 397 2528 Cic.
424 2492 469 2526 de
490 2490 554 2527 Or.
581 2493 622 2528 Π.
651 2494 688 2537 l,
713 2495 745 2529 4.
782 2494 848 2537 36,
875 2493 950 2529 153.
1066 2493 1126 2537 43)
1153 2492 1304 2530 Quintil.
1329 2492 1411 2530 XII.
1437 2494 1478 2536 9,
1504 2494 1536 2530 5.

148 2550 206 2593 44)
232 2549 306 2584 cic.
334 2550 379 2583 de
404 2547 468 2585 Or.
496 2548 557 2584 111.
582 2550 622 2593 2,
649 2552 680 2586 5.
800 2551 860 2595 45)
885 2550 1004 2586 Nemo
1030 2550 1133 2585 huius
1158 2551 1288 2585 aetatis
1312 2551 1538 2585 sanctitatem

149 2611 185 2640 et
209 2616 347 2640 morem
378 2606 632 2642 adolescentes
665 2608 701 2643 in
731 2609 809 2643 sinu
833 2613 1023 2653 parentum
1053 2606 1388 2653 honoratorumque
1411 2613 1536 2642 contu-

146 2663 274 2697 bernio
300 2662 346 2697 ad
365 2674 422 2697 res
440 2664 629 2709 praeclare
652 2666 831 2711 gerendas
854 2664 1061 2699 instituendi
1085 2663 1311 2708 eloquentius
1331 2663 1537 2708 deploravit

146 2730 252 2763 quam
276 2720 430 2766 scriptor
457 2720 590 2767 dialogi
615 2721 660 2756 de
686 2722 891 2757 oratoribus
915 2732 943 2755 c.
963 2720 1018 2756 28.
1042 2720 1087 2755 33
1106 2731 1184 2766 sqq.
1302 2720 1362 2765 46)
1389 2720 1463 2755 Cic.
1489 2720 1535 2754 de

145 2774 209 2812 Or.
235 2775 261 2812 l.
292 2776 350 2818 10,
375 2776 430 2811 40.
552 2777 611 2821 47)
637 2778 710 2815 Cic.
735 2779 780 2814 de
804 2776 869 2815 Or.
896 2777 939 2813 ΙΙ.
968 2778 982 2813 l
1008 2789 1086 2822 sqq.
