1835 3126
319 188 451 277 520
837 225 1179 269 CICERONIS

319 345 434 388 sunt,
459 342 587 378 morte
608 335 902 378 vindicavisse.
939 337 1034 378 330.
1061 336 1148 379 Nos
1172 343 1318 387 autem,
1341 334 1478 386 Brute,
1507 336 1699 391 quoniam

316 421 408 472 post
423 412 617 455 Hortensi
638 413 874 455 clarissumi
898 415 1076 455 oratoris
1099 421 1268 455 mortem
1290 414 1416 456 orbae
1440 414 1700 470 eloquentiae

319 494 439 549 quasi
469 498 625 533 tutores
655 491 788 533 relicti
821 504 979 541 sumus,
1012 491 1119 533 donli
1151 497 1363 532 teneamus
1394 505 1487 533 eam
1517 499 1703 548 saeptam

316 569 482 613 liberali
522 570 711 611 custodia
748 576 786 611 et
819 569 895 611 hos
933 570 1098 623 ignotos
1130 575 1250 623 atque
1285 569 1528 623 impudentis
1552 582 1702 626 procos

316 648 599 705 repudiemus,
643 652 908 702 tueamurque
952 653 995 689 ut
1040 646 1221 689 adultam
1263 647 1467 700 virginem
1511 654 1624 689 caste
1665 654 1703 689 et

319 726 371 769 ab
425 732 652 768 amatorum
707 727 858 781 impetu
905 731 1097 780 quantum
1138 737 1357 780 possumus
1401 723 1704 780 prohibeamus.

316 803 534 860 Equidem,
580 805 659 845 etsi
690 803 812 845 doleo
847 816 911 844 me
951 804 994 844 in
1029 803 1156 845 vitam
1185 802 1309 858 paulo
1342 803 1476 844 serius
1509 809 1705 858 tanquam

316 884 359 924 in
392 883 503 924 viam
549 882 806 936 ingressum,
850 882 962 937 prius
1003 894 1125 936 quam
1164 880 1391 923 confectum
1434 881 1512 923 iter
1550 882 1621 930 sit,
1663 881 1707 922 in

317 959 423 1002 lianc
453 961 514 1002 rei
540 959 729 1016 publicae
748 966 909 1002 noctem
931 959 1155 1002 incidisse:
1186 966 1322 1000 tamen
1346 971 1398 1000 ea
1420 957 1704 1002 consolatione

317 1045 543 1087 sustentor,
575 1051 697 1093 quam
724 1044 766 1079 tu
796 1037 918 1087 mihi,
949 1036 1092 1087 Brute,
1126 1036 1350 1079 adhibuisti
1380 1038 1460 1078 tuis
1492 1038 1694 1079 suavissuv

316 1117 394 1157 mis
422 1115 574 1164 literis3
616 1115 762 1170 quibus
803 1128 866 1156 nie
906 1115 1000 1157 sorti
1042 1116 1178 1157 animo
1212 1128 1306 1156 esse
1339 1121 1526 1170 oportere
1559 1128 1705 1157 cense-

315 1192 416 1242 bas,
458 1191 566 1246 quod
605 1203 657 1232 ea
686 1193 935 1245 gessissem,
980 1205 1084 1246 quae
1117 1193 1166 1234 de
1198 1206 1261 1234 me
1293 1194 1416 1234 etiam
1446 1206 1509 1234 me
1539 1199 1704 1235 tacente

315 1273 408 1326 ipsa
432 1269 698 1324 loquerentur
723 1275 880 1310 mortuo
906 1270 1194 1324 viverentque,
1225 1281 1351 1323 quae,
1379 1270 1415 1310 si
1444 1276 1554 1311 recte
1580 1277 1704 1319 esset,

317 1348 451 1391 salute
487 1347 548 1388 rei
578 1345 795 1401 publicae,
834 1347 898 1387 sin
926 1359 1068 1396 secus,
1110 1347 1274 1387 interitu
1310 1347 1400 1401 ipso
1430 1349 1705 1389 testimonium

318 1438 502 1468 meorum
534 1424 583 1466 de
614 1437 659 1466 re
690 1423 857 1479 publica
881 1424 1149 1466 consiliorum
1180 1423 1335 1466 darent.

429 1499 596 1544 XCVII.
626 1502 723 1544 331.
756 1500 841 1544 Sed
872 1503 915 1544 in
943 1509 982 1544 te
1013 1503 1193 1552 intuens,
1232 1501 1377 1552 Brute,
1410 1501 1550 1553 doleo,
1590 1505 1705 1546 cqus

316 1584 359 1623 in
400 1581 727 1623 adolescentiam
768 1594 841 1636 per
870 1581 1029 1623 inedias
1060 1580 1207 1622 laudes
1240 1582 1359 1635 quasi
1390 1580 1603 1636 quadrigis
1633 1595 1705 1624 ve-

315 1659 478 1701 hentem
521 1666 763 1701 transversa
805 1660 975 1701 incurrit
1011 1660 1166 1700 misera
1201 1659 1365 1701 fortuna
1402 1660 1462 1700 rei
1499 1658 1703 1714 publicae.

314 1736 391 1779 Hic
422 1750 484 1779 me
512 1736 632 1779 dolor
660 1738 808 1791 tangit,
839 1737 944 1779 haec
968 1750 1068 1779 cura
1094 1737 1312 1787 sollicitat,
1345 1744 1384 1778 et
1406 1736 1512 1778 hunc
1533 1749 1704 1787 mecum,

315 1816 472 1856 socium
510 1814 696 1856 eiusdem
735 1823 774 1857 et
813 1817 967 1857 amoris
1004 1822 1043 1858 et
1080 1815 1234 1857 iudicii.
1295 1814 1393 1856 Tibi
1422 1815 1628 1866 favemus,
1667 1822 1704 1857 te

398 1945 460 1971 330.
496 1947 611 1971 nzortuo
631 1946 830 1980 viverentque]
851 1949 1024 1980 mortuoque
1045 1948 1189 1974 viverent.

314 2058 561 2103 praevidentis
595 2056 793 2103 significan
825 2065 924 2092 recte
956 2060 1008 2093 sic
1037 2058 1227 2103 Meyerus.
1254 2077 1299 2084 —
1340 2058 1616 2102 vinclieavz'sse]
1653 2059 1703 2093 sic

314 2114 381 2159 Lg.
408 2118 552 2158 praeter
577 2113 633 2148 20.
659 2113 703 2147 35
722 2125 774 2159 pr.
794 2124 859 2156 m.,
884 2115 968 2148 item
992 2114 1059 2148 Gu.
1088 2115 1117 2148 l.
1151 2114 1242 2148 Ven.
1271 2114 1303 2150 l.
1340 2112 1415 2149 Ott.
1448 2114 1530 2149 Vat.
1565 2115 1621 2151 ed.
1646 2127 1699 2160 pr.

317 2169 435 2215 Vulgo
461 2169 692 2204 vindicasse.

405 2237 482 2273 330.
534 2236 739 2280 Hortensi]
766 2248 801 2270 v.
829 2236 857 2281 ξ.
877 2236 954 2271 328.
980 2256 1022 2261 -
1060 2237 1258 2283 saeptam]
1284 2237 1335 2271 sic
1359 2235 1426 2281 Lg.
1447 2236 1479 2270 8.
1505 2237 1558 2271 51.
1583 2237 1636 2272 58.
1656 2256 1702 2264 »—

315 2299 351 2329 et
366 2293 451 2338 hos]
472 2299 510 2328 et
527 2306 592 2328 eos
613 2293 678 2327 Gu.
695 2293 723 2327 l.
738 2313 784 2317 —
809 2294 1053 2337 amatorum]
1078 2294 1130 2327 sic
1148 2294 1244 2328 clare
1263 2293 1433 2338 scriptum
1448 2292 1482 2326 in
1496 2291 1561 2338 Lg.
1576 2292 1631 2328 20.
1646 2293 1701 2329 56.

315 2350 381 2385 Gn.
407 2352 453 2393 1.,
487 2351 532 2384 de
557 2361 628 2394 quo
655 2355 778 2384 errant
804 2350 863 2395 qui
888 2354 1135 2384 armatorum
1160 2350 1334 2385 exhibere
1359 2350 1498 2391 dicunt,
1525 2354 1563 2382 ut
1589 2356 1642 2384 est
1668 2350 1702 2384 in

314 2407 417 2440 codd.
445 2407 626 2451 plerisque
659 2411 694 2440 et
729 2406 785 2440 ed.
812 2418 866 2451 pr.
891 2427 937 2433 —
970 2409 1109 2453 prius,
1142 2407 1275 2452 quam]
1311 2406 1374 2451 Lg.
1407 2416 1530 2440 omnes
1561 2406 1701 2441 divisim

313 2468 460 2508 praeter
484 2464 539 2497 35.
566 2463 619 2496 70.
649 2483 689 2487 —
728 2463 951 2508 (sessi-ssent]
980 2466 1145 2509 eyia-sem
1170 2463 1233 2509 Lg.
1259 2463 1314 2499 20.
1340 2483 1385 2488 -
1419 2466 1577 2497 mortuo
1602 2464 1702 2497 vive·

313 2520 490 2563 remque]
516 2519 567 2552 sic
591 2517 765 2562 Meyerus
793 2531 839 2553 ex
864 2520 919 2553 ed.
942 2531 1017 2565 p1·.;
1046 2520 1167 2564 itaque
1192 2520 1260 2554 Gu.
1282 2520 1310 2554 l.
1337 2519 1429 2554 Ven.
1455 2520 1484 2554 l.
1515 2515 1590 2553 Ott.
1617 2518 1700 2554 Vat.

313 2574 380 2620 Lg.
400 2574 432 2608 8.
457 2574 512 2608 20.
536 2575 590 2609 35.
616 2575 671 2609 53.
695 2575 749 2609 56.
775 2575 829 2610 58.
852 2575 907 2611 68.
947 2581 1177 2622 mortuoque
1200 2579 1368 2611 viverent
1390 2575 1467 2610 rell.
1518 2574 1626 2610 Certe
1650 2574 1701 2609 di·

314 2631 465 2664 cendum
492 2637 570 2665 erat
596 2636 824 2677 mortuoque
850 2645 912 2668 me
936 2635 1126 2675 viverent,
1153 2640 1190 2667 ut
1215 2633 1369 2668 coniecit
1391 2632 1497 2673 E1·n.;
1522 2631 1608 2665 illud
1632 2630 1700 2664 Ta·

315 2688 459 2721 citinum
485 2693 556 2729 est,
594 2688 807 2725 Ciceronem
829 2701 902 2725 non
927 2690 1041 2727 decet.
1071 2709 1111 2715 —
1147 2690 1286 2735 salute]
1313 2689 1434 2725 saluti
1459 2688 1514 2724 ed.
1541 2698 1594 2733 pr.
1629 2685 1696 2732 Lg-

316 2754 459 2787 omnes‚
483 2743 575 2778 Ven.
598 2745 626 2779 l.
649 2744 683 2780 2.
