1835 3126
270 160 397 218 23²6
791 169 1144 213 CICERONIS

270 283 394 323 etiam
421 278 472 320 T.
499 277 661 319 Annius
692 276 844 320 Velina
882 285 921 321 et
957 282 999 321 in
1029 283 1118 324 eius
1151 283 1318 336 generis
1349 283 1489 324 causis
1519 287 1660 324 orator

269 370 370 400 sane
399 354 646 398 tolerabilis.
705 353 751 395 In
777 355 921 396 eodem
946 369 1100 410 genere
1133 372 1350 401 causarum
1378 360 1543 402 multum
1570 366 1659 401 erat

269 434 318 476 T.
339 433 567 484 Iuventius,
597 434 718 474 nimis
750 431 822 473 ille
847 433 1011 488 quidem
1033 433 1166 475 lentus
1195 436 1237 476 in
1260 437 1432 479 dicendo
1462 444 1500 479 et
1524 450 1656 493 paene

268 512 469 566 frigidus,
513 511 587 552 sed
623 517 662 552 et
692 510 869 552 callidus
913 518 951 553 et
988 513 1031 552 in
1062 512 1262 567 capiendo
1294 514 1534 557 adversario
1565 528 1659 556 ver-

269 597 407 639 sutus,
447 596 485 631 et
514 595 735 644 praeterea
772 602 849 630 neo
878 589 1066 630 indoctus
1098 597 1137 630 et
1166 603 1321 644 magna
1353 604 1443 632 cum
1470 593 1570 633 iuris
1601 593 1660 634 ci-

267 668 364 711 vilis
406 666 703 721 intellegentia.
765 666 858 708 179.
903 664 1029 708 Cuius
1074 666 1236 709 auditor
1271 666 1315 708 P.
1355 665 1507 709 Orbius
1546 682 1661 710 meus

268 747 355 788 sere
396 745 584 801 aequalis
624 746 665 786 in
697 744 872 787 dicendo
910 758 992 787 non
1030 746 1152 786 nimis
1183 747 1451 795 exercitatus,
1494 746 1536 787 in
1573 747 1661 788 iure

270 832 404 867 autem
444 823 556 866 civili
595 837 677 865 non
714 822 888 865 inferior
926 836 1048 879 quam
1088 824 1288 878 magister
1325 823 1410 865 suit.
1469 818 1574 865 Nam
1609 823 1663 875 Tg

271 903 482 952 Aufidius,
515 902 583 957 qui
612 902 713 942 vixit
747 901 800 941 ad
831 915 1029 942 summam
1060 908 1332 952 senectutem,
1368 900 1535 944 volebat
1565 914 1661 943 esse

272 981 420 1024 similis
458 979 602 1022 horum
632 985 801 1032 eratque
837 985 875 1019 et
903 977 1035 1020 bonus
1064 980 1129 1020 vir
1160 986 1199 1020 et
1232 981 1454 1028 innocens,
1495 978 1568 1020 sed
1600 978 1663 1020 di-

273 1059 392 1102 cebat
429 1070 584 1113 parum.
643 1054 730 1097 Neo
772 1069 873 1097 sane
914 1056 1005 1111 plus
1047 1056 1175 1097 frater
1217 1058 1306 1098 eius
1348 1055 1407 1098 M.
1446 1054 1659 1110 Virgilius,

274 1138 341 1192 qui
369 1135 555 1177 tribunus
584 1132 718 1188 plebis
748 1131 796 1173 L.
823 1132 968 1174 Sullae
995 1135 1233 1188 imperatori
1264 1134 1370 1175 diem
1399 1135 1510 1175 dixit.
1559 1133 1660 1176 Eius

273 1214 440 1268 collega
482 1211 527 1253 P.
568 1209 738 1263 Magius
782 1212 825 1251 in
870 1210 1044 1252 dicendo
1088 1210 1211 1265 paulo
1256 1218 1394 1252 tamen
1438 1214 1660 1266 copiosior.

272 1292 365 1334 180.
397 1289 482 1332 Sed
514 1290 691 1331 omnium
723 1294 929 1329 oratorum
961 1289 1048 1329 sive
1079 1287 1338 1337 rabularum,
1371 1289 1439 1342 qui
1470 1295 1508 1329 et
1536 1289 1658 1343 plane

271 1370 424 1411 indocti
457 1374 495 1407 et
524 1365 715 1407 inurbani
748 1372 815 1406 aut
836 1367 979 1407 rustici
1009 1368 1132 1407 etiam
1157 1366 1339 1414 fuerunt,
1368 1379 1470 1420 quos
1498 1366 1661 1420 quidem

275 1461 353 1503 ego
379 1445 661 1500 cognoverim,
694 1443 1001 1485 solutissumum
1031 1445 1073 1485 in
1101 1443 1276 1485 dicendo
1305 1450 1344 1485 et
1368 1445 1660 1485 acutissumum

272 1526 409 1568 iudico
447 1523 577 1565 nostri
613 1521 769 1564 ordinis
809 1520 856 1571 Q.
890 1520 1138 1571 Sertorium,
1179 1523 1381 1576 equestris
1423 1520 1467 1562 G.
1501 1520 1662 1575 Gargo-

276 1606 399 1647 nium.
464 1600 556 1643 Fuit
596 1601 720 1642 etiam
760 1599 900 1641 facilis
941 1606 981 1642 et
1021 1599 1232 1656 expeditus
1273 1598 1326 1642 ad
1367 1599 1583 1641 dicendum
1624 1605 1664 1641 et

361 1745 418 1773 180.
455 1747 481 1771 et
500 1743 659 1779 inurbani]
682 1746 733 1770 aut
752 1745 892 1771 inurbani.

273 1857 439 1899 ventius]
465 1855 515 1889 sic
537 1866 625 1889 sane
650 1854 714 1900 Lg.
736 1855 768 1889 8.
795 1854 848 1889 51.
872 1854 926 1888 53.
950 1855 1003 1888 58.
1022 1855 1077 1889 68.
1114 1855 1204 1888 ven.
1227 1855 1257 1889 l.
1285 1854 1341 1888 ed.
1366 1865 1418 1899 pr.
1448 1854 1513 1888 sed
1538 1855 1662 1889 dubito

273 1926 319 1949 an
340 1914 469 1947 rectius
494 1911 670 1945 scribatur
695 1921 760 1954 per
781 1921 820 1949 c,
847 1922 868 1943 a
886 1913 1042 1944 iurem-o
1067 1910 1228 1952 (luctum,
1255 1916 1289 1943 ut
1309 1909 1475 1944 Porcius
1499 1922 1519 1943 a
1538 1921 1663 1953 porco,

281 1971 406 2005 Θυίας
439 1969 483 2003 ab
508 1979 590 2002 ove.
614 1985 661 1991 —
696 1967 973 2011 incelleyentia]
1009 1967 1061 2000 sic
1091 1965 1158 2010 Lg.
1183 1965 1216 2000 8.
1245 1965 1299 2000 51.
1349 1968 1513 2000 scientia
1539 1966 1663 2000 inserit

272 2027 318 2061 20
342 2037 433 2060 corr.

366 2081 441 2115 179.
503 2078 706 2123 Virqilz‘us]
739 2077 932 2123 Ver-ymas
950 2077 1016 2111 Cu.
1034 2078 1063 2111 l.
1090 2089 1111 2110 a
1129 2088 1223 2111 corr.
1244 2083 1279 2110 et
1297 2078 1353 2111 ed.
1369 2088 1421 2121 pr.
1436 2096 1482 2103 ·—
1507 2076 1661 2121 Sullae]

273 2138 396 2184 syllae
419 2148 445 2171 s,
470 2135 581 2169 sillae
608 2146 635 2167 s.
657 2133 751 2178 sylla
775 2145 802 2167 s.
825 2133 910 2167 sille
936 2133 1039 2167 codd.
1066 2133 1134 2166 inei
1160 2144 1303 2174 omnes,
1332 2140 1477 2178 praeter
1502 2133 1594 2168 Ven.
1616 2134 1662 2176 2.,

273 2196 309 2229 in
336 2206 405 2239 quo
432 2198 486 2227 est
510 2191 646 2225 sullae.

368 2250 441 2285 180,
493 2251 698 2281 oratorum
725 2246 821 2288 sive]
859 2248 937 2279 sive
964 2256 1031 2279 om.
1059 2245 1115 2278 ed.
1141 2256 1196 2290 pr.
1222 2264 1266 2271 »-
1303 2250 1339 2279 et
1362 2244 1484 2291 plane
1515 2245 1666 2278 indocti

275 2308 325 2349 et]
359 2307 409 2339 sic
437 2305 520 2338 Pur.
546 2304 592 2337 D.
629 2303 695 2335 Cu.
725 2304 753 2336 l.
778 2302 829 2342 2.,
863 2302 946 2335 item
972 2313 1128 2334 meorum
1160 2301 1248 2335 Ven.
1273 2303 1301 2335 1.
1333 2299 1457 2335 Ottob.
1489 2300 1664 2345 probante

274 2362 418 2397 Ilandin
437 2361 539 2394 Turs.
562 2359 634 2393 vol.
653 2358 693 2391 ll.
718 2370 751 2403 p.
772 2358 847 2392 537.
897 2363 933 2391 et
952 2358 1010 2403 pl.
1034 2358 1109 2391 ind.
1138 2362 1214 2391 [ιητ.
1237 2357 1423 2390 inurbani
1447 2357 1531 2390 Par.
1554 2358 1595 2390 A.
1616 2355 1663 2392 B.

277 2419 331 2452 etl.
368 2429 422 2462 pr.
460 2423 496 2450 vt
530 2417 648 2461 vulgo.
699 2420 765 2448 (ml
796 2414 852 2460 pl.
891 2417 914 2448 i.
956 2418 991 2447 ec
1029 2413 1152 2447 [narb.
1191 2413 1453 2458 Heusingerus,
1493 2411 1665 2455 Orellius,

276 2474 498 2509 Schuetzius.
519 2493 564 2496 —
593 2471 850 2516 Garfflnn’mn]
877 2471 928 2504 sic
952 2470 1005 2503 ed.
1030 2482 1081 2514 pr.
1109 2470 1340 2514 probantibus
1363 2468 1483 2503 Bentl.
1510 2469 1554 2502 ad
1576 2469 1664 2504 Hor.

276 2532 391 2565 Serui.
422 2529 446 2564 Ι.
472 2530 513 2571 2,
536 2529 590 2562 27.
628 2533 662 2561 et
689 2526 848 2568 Orelli03
885 2526 1058 2560 accedunt
1094 2537 1184 2559 nunc
1217 2525 1282 2570 Lg.
1308 2526 1338 2559 8.
1365 2524 1419 2560 35.
1446 2525 1500 2559 39.
1528 2525 1582 2559 51.
1608 2524 1663 2559 53.

275 2588 328 2621 56.
352 2587 404 2619 58.
426 2585 480 2619 68.
502 2585 555 2619 70.
584 2584 666 2618 Vnt.
695 2583 785 2618 Ven.
808 2584 836 2617 l.
857 2582 888 2617 2.
918 2581 992 2617 Ott.
1026 2582 1092 2616 Gu.
1119 2584 1145 2616 Ι.
1202 2581 1445 2627 Gorqonz‘um
1469 2581 1663 2615 secundum

277 2643 358 2677 edd.
385 2641 557 2687 quasdam
578 2640 755 2686 probabat
773 2639 1003 2673 Weichertus
1019 2637 1139 2673 Poe'tt.
1160 2638 1252 2671 Reli.
1276 2650 1308 2683 p.
1323 2638 1399 2672 424.
1414 2657 1457 2662 -
1483 2635 1661 2678 Sextius]

278 2697 426 2734 Sextus
460 2698 516 2733 ed.
541 2708 595 2744 pr.
647 2695 802 2732 Sestias
836 2694 1018 2737 Orellius3
1054 2695 1105 2730 sic
1131 2694 1223 2731 Ven.
1243 2694 1275 2730 2.
1301 2714 1345 2720 —-
1380 2696 1500 2730 eciam
1526 2691 1663 2737 aeqra]
