1835 3126
325 228 457 305 420
751 251 1283 298 EerieATmNEs

329 374 373 419 3,
403 372 458 410 80
487 380 571 421 sqq.
630 366 752 407 Nobis
790 365 943 418 quidem
982 366 1078 406 haec
1107 366 1341 407 violentiora
1376 365 1542 407 artificia
1577 377 1601 404 a
1630 364 1714 404 viro

329 437 495 477 civitatis
534 434 711 487 principe
750 432 881 471 aliena
922 443 1008 471 esse
1042 432 1242 480 videntur,
1281 444 1351 472 nec
1388 446 1436 473 ea
1472 437 1622 472 secutus
1660 435 1717 470 est

327 503 493 544 Crassus
528 505 725 541 oratorum
754 499 1016 539 Romanorum
1051 499 1317 550 gravissimus.
1374 499 1478 538 Idem
1509 498 1715 548 Quintilia-

326 583 397 611 nus
436 574 524 608 ante
560 565 743 608 Cleonem
771 566 1061 605 Atheniensium
1099 564 1343 604 demarchum
1381 565 1567 604 neminem
1603 577 1716 603 manu

327 638 374 677 de
413 636 536 688 pallio
579 639 734 674 exserta
778 637 845 672 ant
887 632 1026 672 frontis
1066 632 1275 672 femorisve
1317 631 1569 683 percussione
1607 642 1717 670 usum

326 703 446 744 tradit
474 702 500 741 l.
528 714 559 741 c.
594 699 628 752 ᾗ.
658 699 749 740 155.

440 771 534 809 279.
595 766 750 815 Brutus]
781 765 855 805 hoc
885 777 962 805 non
986 771 1064 805 tam
1093 765 1215 818 ipsius
1236 765 1348 804 Bruti
1378 776 1490 816 quam
1516 762 1717 804 Ciceronis

326 836 509 877 iudicium
537 833 745 887 putandum
771 837 839 871 est.
902 832 977 882 Qui
1007 833 1107 872 enim
1128 838 1206 871 tam
1235 832 1375 871 leniter
1396 831 1595 883 scripserit
1624 841 1718 880 gra-

327 905 426 946 viter
458 903 587 953 egisse
616 912 693 940 non
720 898 884 940 videtur.

440 968 622 1009 LXXXI.
682 967 776 1006 280.
839 966 877 1004 G.
923 963 1131 1013 Curionem]
1181 964 1377 1015 tetigimus
1418 963 1609 1003 hominem
1659 961 1718 1000 in⁴

330 1036 552 1088 geniosum‚
592 1033 660 1073 sed
695 1034 858 1072 inertem
888 1036 924 1070 et
953 1031 1213 1071 turbulentum
1243 1029 1278 1083 ᾗ.
1310 1030 1400 1078 50.;
1441 1031 1479 1068 C.
1513 1030 1618 1067 Calvi
1654 1039 1718 1068 res

330 1102 502 1142 exsecuti
534 1113 662 1140 sumus
693 1101 728 1154 ξ.
756 1100 823 1139 51.

441 1180 499 1203 me
527 1166 671 1213 audtre]
710 1164 911 1204 Ciceronis
948 1164 1159 1203 auctoritas
1198 1164 1363 1203 maxime
1392 1163 1641 1214 cognoscitur
1671 1173 1720 1201 ex

330 1232 506 1286 epistolis
538 1230 588 1270 ad
613 1241 715 1278 eum,
748 1241 831 1269 cum
855 1234 1040 1279 quaestor
1061 1230 1182 1268 Asiae
1207 1235 1324 1278 esset,
1357 1229 1475 1268 datis:
1505 1243 1541 1269 v.
1564 1230 1717 1269 Divers.

329 1300 377 1341 Π.
410 1299 545 1339 1—6.
603 1297 712 1337 Hunc
742 1295 1011 1346 magistratum
1041 1305 1125 1333 cum
1154 1295 1314 1334 honeste
1338 1296 1542 1345 gessisset,
1571 1295 1719 1345 ingenti

331 1377 424 1407 aere
461 1365 591 1404 alieno
631 1364 790 1403 obrutus
835 1373 860 1399 a
898 1360 1070 1401 Caesare
1108 1372 1194 1400 sese
1233 1362 1429 1413 corrumpi
1461 1373 1600 1414 passus
1640 1366 1720 1408 est;

331 1433 439 1473 cuius
471 1443 554 1471 cum
584 1442 741 1470 causam
769 1428 945 1468 tribunus
976 1432 1114 1478 ageret
1140 1428 1333 1468 violenter
1368 1433 1405 1467 et
1433 1433 1569 1468 contra
1596 1428 1720 1479 leges,

331 1511 494 1551 magnas
524 1499 564 1542 in
595 1495 800 1537 excitando
830 1495 936 1535 hello
967 1494 1071 1534 civili
1100 1500 1232 1547 partes
1259 1495 1406 1535 habuit.

444 1567 538 1606 281.
598 1568 642 1604 Ρ.
671 1563 822 1612 Crasso]
855 1561 1082 1601 adolescens
1108 1562 1296 1614 equitatui
1318 1561 1540 1614 praefectus
1571 1573 1595 1600 a
1618 1561 1720 1602 Cae-

331 1644 421 1674 sare
450 1645 532 1672 rem
560 1632 601 1670 in
633 1630 764 1671 Gallia
795 1629 957 1680 egregie
987 1629 1128 1679 gessit:
1168 1642 1203 1670 v.
1233 1630 1278 1669 B.
1306 1629 1406 1670 Gall.
1432 1630 1461 1669 Ι.
1485 1629 1551 1669 52.
1581 1629 1628 1669 ΙΙ.
1652 1629 1717 1668 34.

329 1701 394 1742 111.
421 1702 459 1740 7.
521 1699 616 1740 Cum
638 1703 751 1751 patre
782 1696 833 1736 ad
856 1696 1027 1737 Carrhas
1050 1696 1364 1749 Mesopotamiae
1390 1697 1536 1736 interiit
1564 1708 1599 1734 a.
1625 1697 1719 1735 701.

328 1767 479 1817 Insigni
509 1777 641 1805 amore
666 1777 751 1804 eum
781 1763 1086 1815 amplectebatur
1114 1768 1276 1815 propter
1298 1775 1425 1803 mores
1457 1768 1494 1802 et
1520 1763 1722 1802 literarum

332 1833 460 1873 studia
489 1831 647 1872 Cicero:
688 1831 795 1870 cuius
827 1830 971 1869 amoris
1001 1831 1040 1869 in
1068 1831 1203 1882 primis
1233 1831 1433 1870 honestum
1463 1830 1722 1870 testimonium

333 1903 459 1939 exstat
487 1897 641 1937 Divers.
670 1896 776 1936 XIII.
811 1897 874 1934 16.
907 1896 997 1934 coll.
1041 1896 1087 1937 V.
1118 1897 1156 1935 8.
1207 1897 1252 1946 Q.
1283 1898 1348 1937 Fr.
1378 1898 1425 1937 ΙΙ.
1457 1899 1497 1937 9.

444 1965 538 2003 282.
598 1961 914 2010 transcurrerunt]
954 1962 1053 2000 bene
1089 1963 1258 2014 explicat
1292 1964 1451 2004 verbum
1492 1963 1611 2015 paulo
1651 1962 1723 2002 ob·

333 2032 482 2073 scurius
500 2030 641 2069 dictum
655 2027 902 2078 Bernhardy:
926 2027 1077 2078 „Cyrus
1094 2034 1131 2068 et
1144 2029 1379 2078 Alexander,
1407 2030 1472 2081 qui
1489 2029 1721 2069 iuvenilibus

333 2099 443 2139 annis
473 2109 550 2136 non
573 2095 768 2147 gradatim
799 2098 835 2132 et
864 2105 935 2144 per
955 2093 1132 2144 legitima
1160 2107 1289 2134 rerum
1314 2096 1572 2146 gerendarum
1600 2096 1721 2135 inter-

333 2166 458 2213 valla,
481 2163 549 2203 sed
570 2162 706 2215 paucis
731 2165 767 2200 et
791 2159 997 2199 luculentis
1020 2162 1262 2201 successibus
1285 2163 1397 2213 quasi
1420 2162 1522 2201 saltu
1538 2163 1721 2201 terminos

334 2230 520 2273 curriculi
557 2231 827 2282 superassent,
867 2226 1040 2277 eleganti
1075 2227 1203 2279 figura
1233 2228 1410 2268 dicuntur
1437 2242 1545 2266 suum
1576 2242 1724 2267 cursum

332 2298 461 2340 laudis
495 2298 777 2335 transcurrisse.
836 2293 1025 2334 Similiter
1056 2295 1195 2336 Graeci
1232 2296 1482 2347 proverbium
1517 2289 1630 2349 ὑπὲρ
1668 2290 1722 2334 τὰ

334 2360 585 2416 ἐσκαμμένα
615 2360 762 2415 πηδᾶν
792 2365 990 2413 usurpant.
1003 2362 1027 2379 ‘⁶

446 2430 645 2470 LXXXII.
706 2429 800 2468 283.
858 2427 1088 2477 deperdebat]
1127 2429 1227 2469 hunc
1256 2429 1384 2469 locum
1412 2429 1572 2482 respicit
1601 2429 1723 2479 Quin-

332 2499 490 2538 tilianus
519 2497 569 2537 X.
604 2498 646 2544 l,
680 2494 779 2535 115:
821 2496 945 2532 inveni
985 2497 1048 2545 qut
1079 2495 1234 2534 Calvum
1269 2497 1501 2547 praeferrent
1542 2496 1721 2541 omnibus,

333 2567 457 2603 inveni
493 2566 556 2615 qui
595 2564 761 2600 Ciceroni
798 2561 985 2599 crederent
1019 2574 1101 2599 eum
1138 2565 1257 2601 nimia
1295 2568 1426 2602 contra
1461 2576 1499 2601 se
1535 2563 1722 2600 calumnia

332 2645 459 2669 verum
487 2632 706 2680 sanquinem
733 2627 949 2679 perdidisse.

447 2695 716 2745 devorabatur]
768 2699 874 2734 recte
927 2693 1085 2733 verbum
1137 2695 1265 2734 rarius
1320 2695 1519 2736 defensum
1571 2696 1722 2736 videtur

336 2776 360 2803 a
382 2764 602 2805 Schuetzio.
646 2763 831 2801 Devorari
859 2760 985 2801 oratio
1013 2766 1103 2814 apte
1131 2762 1290 2814 dicitur,
1321 2764 1426 2803 cuius
1457 2774 1600 2816 magna
1627 2774 1719 2815 pars
