1835 3126
346 237 428 279 AD
459 234 572 278 CIC.
605 235 873 280 BRUTUM
905 236 1023 282 CAP.
1047 238 1113 282 55.
1140 239 1207 283 56.
1234 240 1300 283 57.
1395 241 1514 287 392

126 349 152 389 l.
184 359 217 389 c.
249 360 283 389 c.
314 350 379 390 10.
411 351 475 391 18.
505 352 592 399 21.;
632 351 821 391 orationis
852 352 1017 392 alicuius
1055 352 1105 392 ab
1137 365 1182 394 eo
1222 355 1390 407 scriptae
1417 367 1512 408 par-

124 415 244 455 ticula
273 421 400 455 exstat
429 416 532 469 apud
555 417 798 458 Priscianum
827 423 852 458 t.
877 418 907 458 Ι.
938 431 975 470 p.
1002 420 1097 458 369.
1154 421 1292 460 Attulit
1313 422 1514 474 Meyerus.

239 482 366 520 Cottae
386 497 454 533 pro
478 497 518 522 se
542 486 616 534 1696
636 485 768 534 Varia]
797 496 880 524 cum
906 484 996 534 lege
1011 485 1133 526 Varia
1157 497 1246 525 reus
1264 493 1377 527 esset.
1417 492 1515 538 Lege

127 550 245 585 Varia
285 548 547 590 adverbiascit
577 550 800 602 significans
837 562 941 599 eum,
981 562 1029 590 ne
1058 551 1149 602 lege
1177 553 1250 592 illa
1279 553 1512 594 condemna-

121 619 244 663 retur,
275 628 361 656 sesc
388 617 596 657 defendere
626 622 801 656 coactum
832 628 931 656 esse.
990 617 1126 658 Simile
1155 624 1212 659 est
1242 632 1274 660 c.
1307 622 1379 669 34,
1411 621 1511 661 128:

119 683 308 720 invidiosa
333 684 410 732 1696
428 684 609 721 Mamilia
634 688 811 733 cluatluor
833 684 1048 722 consulares
1062 707 1119 714 —
1137 687 1350 725 Gracchana
1372 687 1511 726 indices

117 749 358 789 sustulerunt.

230 817 276 852 L.
306 816 449 866 Aelius]
480 815 581 857 Stilo
612 816 899 857 Praeconinus:
928 829 964 858 v.
995 818 1033 857 in
1062 830 1096 859 c.
1123 820 1195 867 46,
1229 821 1322 860 169.

234 883 356 920 Varro
395 884 534 933 noster]
578 884 635 923 M.
679 883 885 924 Terentius
922 884 1050 926 Varro
1094 886 1272 937 aequalis
1310 887 1509 926 Hortensii

115 951 228 987 natus
267 961 304 989 a.
336 950 438 998 638,
477 950 654 1003 Pompeii
691 951 780 990 inde
820 964 844 990 a
872 951 978 990 hello
1016 952 1206 1004 piratico,
1246 965 1322 1004 quo
1360 965 1509 992 corona

116 1019 174 1053 est
201 1014 365 1055 donatus
397 1029 432 1055 a.
458 1018 560 1066 687,
590 1022 723 1069 partes
754 1022 908 1056 secutus
931 1022 989 1056 est
1020 1023 1057 1056 et
1086 1019 1194 1057 civili
1217 1018 1322 1058 bello
1352 1018 1507 1069 legatus

115 1082 302 1121 exercitui
328 1083 580 1134 Hispaniensi
608 1083 780 1135 praefuit
809 1095 845 1122 a.
870 1083 971 1130 7053
1001 1089 1090 1135 post
1111 1085 1160 1123 ab
1184 1085 1301 1124 armis
1331 1084 1510 1124 discessit

113 1153 151 1187 et
179 1148 219 1186 in
249 1148 378 1187 studia
406 1149 609 1189 literarum
637 1154 757 1189 totum
789 1161 831 1189 se
861 1149 1008 1189 abdidit
1038 1155 1075 1190 et
1105 1163 1129 1190 a
1160 1151 1333 1192 Caesare
1361 1152 1507 1191 biblio-

111 1215 248 1254 thecae
284 1216 467 1268 publicae
506 1229 530 1255 a
567 1228 609 1256 se
647 1216 826 1256 conditae
863 1217 1085 1268 praefectus
1124 1223 1193 1257 est.
1250 1219 1310 1258 Ab
1336 1219 1505 1258 Antonio

111 1283 352 1334 proscriptus
389 1288 549 1323 mortem
580 1282 716 1334 effugit
749 1288 786 1323 et
814 1284 1029 1334 nonaginta
1058 1284 1143 1324 fere
1172 1297 1359 1324 annorum
1386 1297 1507 1326 senex

110 1354 283 1389 mortuus
321 1355 378 1389 est
416 1362 517 1390 anno
550 1350 700 1390 demum
729 1351 824 1390 726.
883 1351 1126 1403 Scriptorum
1162 1351 1312 1402 ingenti
1344 1363 1503 1392 numero

111 1421 149 1455 et
181 1417 372 1457 varietate
403 1429 552 1456 omnem
582 1416 799 1457 divinarum
828 1418 1160 1470 humanarumque
1197 1430 1326 1458 rerum
1360 1431 1504 1459 memo-

107 1483 207 1522 riam
241 1483 445 1523 historiam
485 1489 522 1523 et
557 1484 734 1523 instituta
764 1484 943 1524 Romana
982 1485 1196 1525 doctrinam
1232 1486 1393 1537 linguae
1422 1487 1503 1526 La-

107 1550 213 1589 tinae
252 1556 466 1603 praecepta
509 1551 676 1591 omnium
717 1551 803 1591 fere
842 1552 982 1591 artium
1021 1557 1224 1604 poetarum
1265 1554 1502 1594 Graecorum

106 1617 412 1670 Latinorumque
454 1618 657 1658 historiam
702 1618 926 1671 complexus
972 1618 1191 1671 dignusque
1235 1625 1292 1659 est
1334 1620 1502 1669 habitus,

107 1685 175 1736 qui
204 1684 468 1726 Romanorum
498 1685 742 1725 doctissimus
772 1690 993 1727 vocaretur.

218 1754 313 1792 206.
376 1753 418 1798 Q.
436 1751 603 1802 Metello]
633 1752 820 1792 Metellus
843 1752 975 1805 Nepos
998 1752 1198 1793 Balearici
1219 1753 1332 1802 filius,
1365 1754 1500 1794 Mace-

106 1817 235 1858 donici
264 1830 386 1871 nepos
414 1818 575 1868 dicitur,
606 1830 685 1859 cos.
712 1832 747 1859 a.
771 1819 867 1860 656.
923 1819 961 1859 Is
991 1825 1196 1860 accusatus
1220 1825 1278 1859 est
1308 1833 1332 1859 a
1356 1820 1398 1860 C.
1423 1819 1500 1860 Cu-

105 1886 235 1925 rione:
265 1887 461 1926 v.Ascon.
484 1886 525 1925 in
549 1885 825 1927 Cornelianam
853 1898 891 1938 p.
908 1888 975 1926 63.
1033 1886 1092 1926 De
1119 1887 1163 1932 Q.
1187 1888 1370 1937 Caepione
1398 1900 1434 1928 v.
1459 1888 1499 1926 in

106 1965 137 1992 c.
159 1954 234 2002 46,
255 1955 350 1994 169.
412 1953 454 1998 Q.
476 1955 677 2002 Pompeius
701 1952 838 1993 Sullae
870 1953 910 1992 in
934 1953 1137 1993 consulatu
1167 1954 1325 2005 collega
1354 1967 1390 1994 a.
1415 1956 1499 1995 666

105 2032 188 2060 cum
217 2019 394 2072 plurimis
425 2019 515 2059 aliis
542 2019 634 2070 lege
655 2019 779 2061 Varia
807 2032 898 2060 reus
922 2020 1008 2060 fuit.
1055 2019 1178 2059 Huius
1208 2020 1379 2060 fortasse
1409 2033 1498 2061 sen-

101 2087 223 2127 tentia
251 2087 398 2138 legitur
427 2085 530 2139 apud
556 2087 801 2127 Priscianum
830 2092 857 2127 t.
882 2087 912 2127 Ι.
947 2099 986 2139 p.
1014 2088 1109 2126 371.

213 2154 333 2196 LVII.
393 2155 487 2193 207.
547 2154 789 2204 Pomponius]
829 2167 865 2194 v.
909 2165 942 2193 c.
977 2154 1044 2194 62.
1105 2152 1254 2193 Tamen
1295 2154 1496 2195 confusam

103 2222 184 2261 eius
216 2226 253 2260 et
285 2221 490 2260 obscuram
520 2219 737 2259 orationem
766 2221 942 2272 graviter
969 2221 1165 2273 vituperat
1192 2220 1356 2262 Crassus
1390 2222 1496 2275 apud

103 2288 331 2329 Ciceronem
362 2286 409 2326 de
433 2287 499 2327 Or.
515 2285 582 2326 III.
608 2288 679 2335 13,
696 2288 763 2327 50.
809 2288 1004 2327 Tribunus
1031 2293 1115 2328 erat
1142 2300 1178 2328 a.
1199 2289 1302 2337 664,
1332 2302 1368 2329 v.
1384 2290 1493 2329 Brut.

100 2356 175 2405 89,
201 2354 318 2402 305.;
348 2354 464 2407 periit
490 2353 597 2393 hello
622 2353 786 2394 Sullano
817 2367 854 2394 a.
874 2356 956 2395 673
986 2368 1021 2396 v.
1047 2355 1156 2395 Brut.
1185 2357 1260 2404 90,
1287 2357 1383 2395 311.

211 2423 270 2461 vel
298 2421 434 2471 dicam]
467 2421 494 2461 i.
525 2432 558 2461 e.
588 2421 652 2462 vel
679 2420 805 2461 dicam
833 2422 975 2475 potius.
1032 2422 1078 2464 V.
1111 2423 1298 2463 Goerenz.
1330 2422 1381 2462 ad
1411 2422 1492 2463 Cic.

100 2488 221 2530 Acad.
246 2489 293 2529 11.
316 2490 387 2537 36,
416 2489 509 2528 116.
545 2488 725 2539 Madvig.
746 2489 787 2528 in
812 2489 892 2529 Cic.
914 2488 1000 2529 Fin.
1030 2501 1068 2542 p.
1091 2491 1157 2530 24.
1214 2490 1309 2530 Alia
1333 2495 1493 2542 praeter

101 2556 175 2598 duo
197 2556 271 2596 illa
286 2556 400 2596 huius
419 2566 510 2595 usus
532 2555 710 2607 exempla
725 2561 812 2596 sunt
825 2556 933 2596 Brut.
951 2557 1017 2605 70,
1035 2558 1129 2596 246.
1158 2556 1259 2596 Phil.
1276 2555 1322 2596 Π.
1342 2558 1406 2603 12,
1423 2557 1490 2595 30.

213 2624 306 2664 208.
363 2636 478 2661 unnim
500 2622 645 2673 corpus]
677 2618 780 2663 ὅλον
809 2637 851 2664 τι
882 2618 955 2663 καὶ
982 2620 1269 2676 συνημμένον,
1300 2625 1359 2660 ein
1382 2623 1490 2660 Gan-

99 2705 181 2729 zes:
222 2691 363 2733 Graeci
391 2690 541 2743 pariter
571 2689 700 2729 dicunt
729 2688 869 2741 σῶμα.
930 2687 1100 2741 Copiose
1135 2701 1218 2729 rem
1245 2693 1365 2730 totam
1394 2701 1488 2730 enu-

99 2757 240 2801 cleavit
267 2757 352 2799 Nic.
382 2757 563 2799 Heinsius
592 2757 632 2797 in
660 2757 770 2810 Virg.
801 2758 898 2798 Aen.
927 2755 1016 2798 XII.
1045 2756 1141 2798 835.
