1835 3126
260 102 380 188 106v
473 135 670 181 BREVIS
699 134 1095 189 ELOQUENTIAE
1126 136 1262 184 ROM.
1294 139 1437 182 HIST.

260 267 369 301 nam,
413 264 496 291 cum
538 250 746 303 quatriduo
782 252 947 302 egisset,
990 253 1030 291 in
1069 252 1166 293 duas
1205 255 1402 294 orationes
1442 254 1647 294 scribendo

259 318 456 360 transtulit
482 315 562 368 (¹2).
624 317 948 366 Commentarios,
991 318 1032 357 id
1075 325 1132 359 est
1168 321 1436 360 meditationes
1481 322 1646 373 scriptas

259 386 451 424 actionum
488 395 618 423 omnes
662 384 795 434 magni
837 385 949 423 huius
991 386 1130 424 aetatis
1169 393 1346 427 oratores
1385 388 1646 428 confecerunt.

259 452 537 492 Ciceronianos
577 450 749 502 quidem,
791 452 964 502 quamvis
1007 454 1264 504 extemporali
1303 460 1340 494 et
1381 455 1649 506 perfunctoria

258 530 381 570 opera
411 518 659 557 concinnatos
699 522 735 557 et
763 523 853 570 post
881 523 1042 558 mortem
1072 521 1241 559 oratoris
1280 533 1304 559 a
1334 521 1480 561 Tirone
1511 522 1648 570 editos,

258 597 342 624 cum
372 585 629 624 admiratione
658 584 757 635 legit
787 585 1048 634 Quintilianus
1075 583 1162 636 (¹3),
1203 588 1269 638 qui
1302 588 1403 626 idem
1437 588 1523 627 Ser.
1555 589 1647 629 Sul-

256 653 350 704 picii
380 652 503 691 trihus
535 653 660 692 solum
689 652 800 691 editis
827 651 1068 690 orationibus
1101 652 1200 691 clari
1230 655 1524 693 commentarios
1555 666 1648 693 cau-

257 731 387 758 sarum
419 720 584 759 omnium
615 720 768 759 summis
797 718 978 758 laudibus
1010 719 1175 758 extollit.
1233 719 1331 758 Hinc
1360 719 1532 760 videmus
1561 725 1650 759 tan-

258 798 374 838 quam
411 798 493 825 rem
529 787 769 837 singularem
806 797 878 825 nec
916 797 1010 825 sane
1052 785 1316 837 quotidianam
1355 789 1649 827 commemorari

257 853 455 892 orationes
484 854 660 901 totidem,
692 858 785 905 quot
809 853 967 892 habitae
996 853 1126 892 verbis
1154 854 1248 901 sint,
1279 855 1517 905 perscriptas
1550 867 1648 902 esse,

255 925 296 959 ut
313 921 456 959 Brutus
484 921 586 973 apud
612 921 839 961 Ciceronem
867 919 913 959 de
937 919 1134 959 Hortensii
1158 921 1335 959 oratioue
1358 933 1429 972 pro
1453 921 1650 960 Messalla

256 988 348 1026 dicit
371 985 453 1037 (Η).
511 987 630 1027 Aliud
670 992 726 1027 est
762 987 881 1034 enim,
919 991 960 1025 ut
999 987 1053 1025 ait
1080 987 1229 1026 Plinius
1267 987 1293 1026 l.
1329 999 1360 1025 c.
1398 988 1503 1025 bona
1532 988 1648 1035 actio,

256 1054 364 1093 aliud
393 1056 498 1093 hona
528 1055 668 1093 oratio.
727 1053 763 1092 Is
793 1054 934 1103 igitur,
971 1064 1055 1092 cum
1084 1058 1217 1104 partes
1249 1054 1442 1092 actionum
1478 1053 1518 1092 in
1549 1054 1648 1092 scri-

253 1121 380 1160 bendo
425 1121 572 1160 recisas
615 1121 736 1159 fuisse
776 1120 962 1172 exemplis
1005 1119 1255 1168 ostendisset,
1302 1132 1350 1159 ex
1392 1126 1565 1173 tempore
1608 1121 1648 1159 in

255 1188 407 1239 agendo
439 1193 664 1239 consumpto
700 1187 865 1227 ostendit
895 1187 1015 1226 scribi
1043 1191 1145 1227 totas
1182 1200 1259 1226 non
1287 1188 1474 1239 potuisse.
1532 1187 1649 1229 Velut

255 1254 479 1295 Cornelium
507 1254 713 1306 quatriduo
747 1254 944 1294 defensum
976 1267 1000 1293 a
1029 1258 1120 1294 sese'
1145 1254 1237 1294 dicit
1262 1255 1413 1295 Cicero.
1457 1257 1508 1295 At
1536 1254 1648 1294 nulla

252 1322 369 1361 hodie
400 1322 526 1361 oratio
560 1326 636 1369 est,
677 1333 777 1373 quae
806 1323 921 1361 trium
951 1323 1136 1361 horarum
1167 1322 1332 1373 spatium
1363 1322 1537 1373 expleat,
1575 1333 1646 1361 nec

252 1389 379 1441 potuit
407 1389 600 1439 reliquum
629 1393 777 1439 tempus
809 1389 1098 1439 interrogandis
1128 1390 1289 1427 testibus
1320 1388 1510 1440 impendi,
1542 1388 1647 1440 quod

253 1467 376 1506 genus
414 1455 577 1494 actionis
609 1453 746 1494 Cicero
778 1460 935 1494 coactus
972 1455 1205 1494 necessitate
1240 1456 1280 1494 in
1314 1455 1400 1495 selo
1430 1455 1554 1497 Verre
1584 1466 1647 1494 se-

254 1528 362 1563 cutus
397 1526 466 1561 est.

888 1611 924 1666 §.
954 1612 1022 1650 43.

798 1686 845 1724 Q.
871 1685 1096 1720 Hortensius.

365 1769 574 1808 Oratorum
606 1764 794 1806 Cicerone
826 1769 1087 1818 antiquiorum
1116 1780 1213 1807 unus
1251 1767 1435 1807 excelluit
1469 1768 1512 1812 Q.
1541 1771 1647 1806 Hor-

254 1838 393 1874 tensius
414 1831 496 1885 (¹5).
540 1834 576 1872 Is
606 1838 718 1872 natus
750 1846 786 1873 a.
807 1835 890 1873 640
921 1838 1007 1872 octo
1031 1835 1141 1872 aunis
1173 1835 1297 1873 maior
1321 1834 1530 1883 Cicerone,
1561 1847 1646 1873 cum

251 1904 420 1943 honores
456 1901 667 1953 plerosque
697 1901 776 1939 suis
808 1901 918 1939 annis
949 1901 1135 1951 gessisset
1170 1912 1240 1939 nec
1270 1912 1438 1952 unquam
1469 1901 1517 1938 ab
1548 1902 1646 1940 urbe

254 1975 291 2010 et
319 1970 407 2009 foro
438 1969 618 2015 afuisset,
650 1979 735 2006 eum
763 1967 944 2007 fortunae
975 1979 1127 2007 cursum
1157 1968 1293 2015 tenuit,
1324 1972 1366 2006 ut
1394 1967 1541 2006 nullum
1573 1980 1645 2006 un-

254 2049 369 2088 quam
404 2048 535 2075 casum
561 2040 742 2086 expertus
773 2035 842 2073 sub
873 2036 960 2086 ipsa
988 2034 1085 2073 belli
1115 2034 1239 2074 civilis
1271 2035 1502 2086 erumpentis
1533 2035 1646 2073 initia

254 2103 412 2142 deorum
441 2102 628 2141 beneficio
661 2102 870 2140 exstinctus
896 2113 981 2140 esse
1008 2100 1226 2148 videretur,
1256 2113 1304 2139 ne
1332 2101 1424 2152 quid
1455 2102 1644 2153 pristinae

250 2169 451 2209 felicitatis
479 2168 682 2207 amitteret.
733 2169 814 2207 Iam
844 2172 932 2207 ante
956 2167 1122 2207 Sullana
1150 2172 1327 2220 tempora
1357 2179 1440 2206 cum
1469 2169 1645 2206 maximis

252 2237 475 2276 oratoribus
497 2236 554 2275 M.
576 2235 745 2275 Antonio
774 2235 808 2274 85
830 2235 876 2275 L.
901 2234 1045 2275 Crasso
1077 2235 1300 2274 coniunctus
1331 2239 1368 2274 et
1392 2235 1438 2275 L.
1461 2235 1644 2287 Philippo

347 2388 401 2430 12)
426 2389 559 2422 Ascon.
577 2399 652 2433 arg.
667 2387 812 2422 Cornel.
835 2398 869 2432 p.
884 2387 940 2422 62.
956 2385 1070 2421 Oreil.
1096 2386 1140 2421 cs.
1155 2386 1247 2421 Plin.
1262 2387 1285 2421 1.
1300 2396 1328 2420 c.
1447 2387 1504 2430 13)
1529 2386 1642 2424 Quin-

255 2445 303 2479 til.
322 2443 367 2478 X.
386 2445 419 2486 7,
439 2444 493 2478 30.
529 2444 572 2478 cf.
599 2444 624 2479 l.
651 2445 694 2485 8,
722 2444 772 2478 19.
804 2443 864 2479 ΙΙΙ.
884 2443 925 2486 6,
946 2444 999 2478 59.
1049 2443 1160 2477 Liber
1186 2443 1373 2479 Ciceronis
1398 2444 1523 2478 tertius
1547 2444 1643 2478 deci-

254 2512 331 2535 mus
363 2512 569 2542 causarum,
607 2512 709 2546 quem
742 2506 891 2535 testatur
914 2500 1112 2535 Diomedes
1138 2500 1163 2535 l.
1197 2512 1231 2545 p.
1257 2500 1344 2543 365,
1378 2500 1504 2546 procul
1530 2499 1641 2533 dubio

253 2558 591 2592 commentariorum
616 2561 714 2599 erat,
741 2557 777 2591 in
805 2569 896 2602 quos
922 2568 1053 2591 causae
1078 2557 1214 2591 relatae
1240 2562 1353 2592 erant.
1474 2555 1530 2597 14)
1567 2555 1642 2590 Cic.

254 2614 359 2649 Brut.
372 2613 429 2655 96,
442 2613 520 2647 328.
642 2613 698 2655 15)
726 2613 786 2649 De
804 2613 1000 2650 Hortensio
1020 2619 1137 2648 exstat
1156 2614 1315 2648 eruditus
1329 2613 1479 2648 Luzacii
1498 2611 1639 2647 libellus

256 2670 371 2705 editus
395 2669 562 2715 Lugduni
586 2681 619 2704 a.
647 2669 744 2705 1810.
