1835 3126
547 143 805 188 BRUTUS
844 127 963 188 cAr.
994 144 1062 189 48.
1092 145 1161 189 49.
1435 148 1553 192 232

164 260 273 302 vitae
301 254 521 312 splendore
552 256 677 299 multo
704 263 744 299 et
772 258 940 312 ingenio
971 270 1073 300 sane
1103 257 1311 314 probabili
1340 256 1391 300 T.
1413 256 1554 301 Iunius

162 335 210 377 L.
241 333 284 376 F.
324 333 585 384 tribunicius,
625 348 704 391 quo
745 342 966 378 accusante
997 335 1040 376 P.
1074 334 1240 378 Sextius
1279 344 1446 392 praetor
1481 337 1555 379 de-

162 414 350 466 signatus
382 412 598 454 damnatus
629 420 690 454 est
721 413 909 455 ambitus.
960 415 996 456 is
1023 416 1299 470 processisset
1328 414 1554 457 honoribus

161 489 350 544 longius,
381 491 463 532 nisi
494 504 657 547 semper
678 491 839 534 infirma
870 499 990 548 atque
1015 493 1139 534 etiam
1165 505 1296 547 aegra
1319 492 1554 535 valetudine

161 567 320 610 fuisset.

272 644 427 687 XLIX.
475 646 568 689 181.
611 646 746 703 Atque
791 661 871 702 ego
910 648 1127 704 praeclare
1168 648 1368 703 intellego
1412 661 1475 690 me
1514 648 1556 689 in

162 737 303 766 eorum
334 727 722 767 conmemoratione
754 727 940 775 versari⁷
973 728 1041 780 qui
1070 740 1148 768 nec
1178 726 1308 768 habiti
1339 733 1431 768 sunt
1461 739 1555 768 ora-

161 809 272 844 tores
314 816 446 857 neque
487 803 668 851 suerunt,
709 804 1008 857 praeteririque
1049 816 1075 844 a
1104 816 1168 844 me
1209 804 1365 858 aliquot
1402 817 1453 845 ex
1484 817 1557 846 ve—

159 880 316 922 teribus
344 880 733 921 commemoratione
775 885 843 920 aut
878 879 1001 920 laude
1033 878 1207 932 dignos:
1251 880 1325 921 sed
1356 879 1435 922 hoc
1468 882 1558 935 qui-

161 957 252 999 dem
282 957 556 1010 ignoratione.
617 953 724 1005 Quid
757 957 865 997 enim
897 962 959 998 est
989 958 1216 1012 superioris
1246 959 1416 1007 aetatis,
1448 957 1558 1012 quod

159 1033 286 1075 scribi
315 1034 448 1088 possit
485 1033 534 1074 de
568 1033 644 1082 iis,
681 1032 730 1074 de
763 1033 910 1088 quibus
941 1034 1058 1075 nulla
1089 1042 1353 1077 monumenta
1382 1035 1556 1091 loquun-

157 1117 222 1153 tur
250 1124 327 1152 nec
359 1110 535 1153 aliorum
564 1123 641 1151 nec
681 1112 893 1166 ipsorum?
947 1110 1009 1153 De
1041 1113 1102 1154 eis
1136 1120 1293 1164 autem,
1335 1127 1437 1169 quos
1478 1114 1558 1170 ipsi

157 1189 355 1239 vidimus,
389 1190 594 1230 neminem
625 1188 713 1231 sere
745 1191 1106 1245 praetermittimus
1138 1205 1298 1241 eorum,
1341 1205 1445 1247 quos
1477 1191 1557 1234 ali-

159 1267 322 1322 quando
353 1266 536 1308 dicentes
566 1266 756 1309 vidimus.
817 1267 912 1309 182.
954 1266 1057 1311 Volo
1098 1271 1206 1311 enim
1236 1271 1335 1312 sciri
1372 1271 1413 1311 in
1443 1277 1558 1312 tanta

161 1352 201 1386 et
240 1351 323 1386 tam
354 1351 492 1386 vetere
531 1357 576 1386 re
614 1344 783 1400 publica
820 1348 1022 1388 maxumis
1061 1349 1257 1402 praemiis
1293 1347 1557 1403 eloquentiae

158 1424 381 1479 propositis
407 1435 549 1463 omnes
575 1424 738 1478 cupisse
766 1423 928 1474 dicere,
956 1437 1039 1466 11011
1061 1425 1271 1480 plurumos
1297 1438 1422 1467 ausos
1447 1439 1559 1476 esse,

158 1501 343 1556 potuisse
373 1513 543 1555 paucos.
602 1498 693 1555 Ego
722 1507 861 1542 tamen
891 1503 950 1543 ita
980 1502 1030 1544 de
1056 1516 1300 1558 unoquoque
1333 1503 1487 1553 dicam,
1516 1508 1559 1545 ut

161 1577 349 1631 intellegi
386 1579 520 1633 possit
564 1591 684 1634 quem
719 1580 949 1621 existimem
980 1580 1266 1633 clamatorem,
1304 1594 1423 1637 quem
1463 1593 1560 1623 ora-

248 1722 304 1748 181.
342 1721 438 1748 habiti
456 1723 527 1748 sunt
544 1735 578 1741 —-
594 1721 732 1757 fuerunt]
754 1722 781 1750 h.
802 1725 862 1750 sint
880 1738 914 1743 —
932 1723 1051 1752 suerint.

162 1833 299 1868 delevit
324 1835 446 1868 etiam
470 1832 668 1878 Meyerus,
705 1834 802 1878 quod
833 1834 868 1868 in
896 1835 950 1869 ed.
977 1846 1030 1880 pr.
1065 1847 1138 1870 11011
1162 1836 1235 1882 legi
1260 1835 1404 1880 dicitur,
1437 1848 1562 1882 super-

160 1901 359 1924 vacaneum
378 1901 458 1924 esse
479 1887 676 1924 affirmans.
717 1888 924 1934 Infirmtzm
947 1892 1195 1926 valetudinem
1220 1893 1348 1935 habet,
1375 1894 1433 1938 qui
1452 1894 1560 1928 facile

161 1951 346 1992 aegrotat,
374 1956 560 1991 aeqram,
589 1947 647 1990 qui
673 1947 830 1982 multum.
1299 1973 1302 1974 γ

250 2001 382 2036 XLIX.
435 2001 509 2035 181.
563 2002 760 2048 intelleyo]
788 2004 840 2038 sic
864 2002 1046 2049 Lg.S.20.
1062 2004 1174 2039 5l.—
1210 2010 1300 2039 sunt
1320 2004 1559 2050 —f'ueruntJ

160 2061 242 2093 sint
266 2065 301 2092 et
323 2058 475 2103 fuerint
501 2058 569 2091 soli
596 2058 663 2094 Gu.
688 2060 717 2093 l.
743 2059 808 2105 Lg.
829 2060 880 2093 70.
910 2059 1002 2093 Ven.
1025 2061 1053 2094 l.
1083 2067 1118 2094 et
1142 2061 1171 2094 is
1195 2072 1288 2096 corr.
1337 2062 1480 2096 Clarum
1508 2068 1562 2097 est

161 2115 304 2148 codices
324 2114 549 2158 sequendos,
575 2115 658 2157 quia
683 2115 752 2147 iam
776 2114 909 2148 defecit
934 2115 995 2148 illa
1018 2117 1247 2160 superstitio,
1276 2128 1345 2161 qua
1364 2118 1560 2153 coniuncti-

159 2181 226 2204 vus
246 2182 324 2203 cum
343 2168 524 2203 infinitivo
550 2170 725 2203 orationis
744 2169 912 2213 obliquae
928 2171 1026 2205 solus
1043 2177 1143 2205 recte
1159 2172 1255 2218 iungi
1276 2173 1561 2208 credebatur.—

163 2226 424 2272 iynorcztz‘one]
461 2228 684 2270 iuqnorantz'e
717 2225 784 2259 Gu.
812 2226 842 2260 1.
869 2244 917 2252 ·——
955 2226 1003 2260 de
1036 2228 1107 2271 eis]
1145 2227 1192 2261 de
1226 2228 1288 2263 his
1324 2229 1378 2263 ed.
1407 2242 1460 2275 pr.
1494 2241 1562 2264 nec

161 2282 331 2316 deterius.
362 2300 408 2307 —
451 2281 625 2315 dicentes
656 2281 842 2324 vidimus]
883 2281 919 2315 (Ι.
954 2283 1181 2318 audivimus
1216 2284 1322 2328 Sch.‚
1356 2297 1403 2320 ne
1437 2286 1562 2321 iterari

161 2338 353 2374 videantur
379 2336 493 2371 verba
517 2337 593 2371 fere
620 2338 766 2380 eadem3
795 2337 854 2382 qui
879 2338 996 2372 inanis
1022 2339 1128 2373 timor
1154 2346 1220 2375 est.

256 2393 332 2428 182.
381 2394 492 2437 sciri]
529 2396 631 2429 scire
665 2393 731 2440 Lg.
768 2405 894 2428 omnes
928 2400 964 2428 et
998 2395 1065 2431 Gu.
1098 2397 1147 2438 l.;
1181 2397 1247 2431 sed
1280 2399 1378 2432 sciri
1408 2396 1502 2432 Ven.
1529 2398 1561 2432 1.

163 2449 238 2486 Ott.
251 2470 298 2475 -—
320 2451 539 2494 mammis]
561 2451 613 2484 sic
625 2450 690 2496 Lg.
703 2450 734 2485 8.
756 2450 797 2485 51
818 2450 870 2495 (hi
887 2454 1117 2496 maxumus)
1137 2453 1192 2488 53.
1208 2453 1262 2488 58.
1276 2453 1332 2488 68.
1358 2452 1450 2488 Ven.
1469 2455 1499 2488 1.
1513 2473 1560 2479 ——

163 2507 306 2550 omnis]
337 2507 389 2540 sic
413 2506 470 2541 ed.
495 2518 549 2552 pr.
574 2506 640 2553 Lg.
666 2518 807 2549 omnes,
841 2506 934 2543 Ven.
956 2509 985 2543 l.
1014 2507 1087 2543 Ott.
1115 2508 1182 2543 Gn,
1204 2510 1234 2544 l.
1259 2530 1305 2534 —
1330 2510 1559 2556 plurumos]

161 2563 214 2596 sic
240 2561 306 2607 Lg.
330 2562 384 2596 51.
411 2562 465 2598 53.
504 2562 596 2598 Ven.
624 2564 652 2598 1.
692 2561 768 2598 Ott.
791 2584 837 2589 —
872 2564 1059 2611 intelleyi]
1090 2565 1141 2600 sic
1165 2565 1231 2610 Lg.
1257 2566 1289 2600 8.
1317 2566 1372 2601 51.
1413 2564 1488 2601 Ott.
1511 2585 1559 2592 ——-

162 2618 443 2662 clamatorem]
480 2619 788 2655 declamatorem
824 2619 1070 2656 Gothofredus
1102 2621 1297 2656 Schuetzio
1334 2623 1557 2668 plaudente3

163 2685 242 2709 cum
267 2679 385 2710 tamen
418 2675 454 2710 id
484 2677 646 2721 graviter
670 2683 798 2724 peccet
824 2677 860 2714 in
887 2676 1072 2714 Ciceronis
1100 2679 1410 2716 consuetudinem.
1431 2697 1476 2709 ⁷—-
1510 2677 1556 2714 L.
