1835 3126
255 186 338 231 24
477 180 674 226 BREVIS
703 177 1097 232 ELOQUENTIAE
1127 179 1262 225 ROM.
1291 180 1434 224 HIST.

256 298 305 337 ad
344 296 462 336 filium
497 295 681 335 hahuisse
708 293 878 343 videtur,
915 295 1065 336 Gellius
1093 295 1229 336 laudat
1255 293 1352 347 (33);
1391 295 1641 351 epistolarum

255 364 383 404 multis
420 362 518 401 locis
548 361 772 401 Priscianus
802 361 989 410 meminit,
1026 374 1123 414 quas
1162 363 1317 402 easdem
1354 364 1643 416 epistolicarum

256 429 525 481 quaestionum
566 427 760 468 vocabulo
799 428 1015 479 significari
1049 434 1143 481 puto
1182 430 1286 482 apud
1327 429 1487 470 eundem
1521 430 1644 478 illum,

256 507 367 548 quem
408 495 522 535 modo
551 495 733 534 antestati
763 507 913 544 sumus,
950 495 1190 535 literatorem
1207 494 1299 548 (³9);
1336 496 1502 549 denique
1533 490 1645 537 ἄπο-

256 559 496 617 φθέγματα
526 561 758 602 claritudine
786 562 908 601 multa
935 562 1108 602 fuerunt:
1149 575 1249 615 quae
1276 576 1352 603 non
1381 577 1406 603 a
1433 564 1645 604 Plutarcho

256 628 369 668 modo
402 628 635 677 afferuntur,
666 628 734 668 sed
765 628 903 669 Cicero
932 628 1035 668 libro
1067 628 1114 668 de
1145 631 1312 670 Oratore
1338 630 1505 670 secundo
1535 631 1649 670 varia

256 695 346 735 inde
382 696 557 735 iocorum
595 695 774 748 exempla
810 695 1097 748 deprompsisse
1127 696 1339 736 credendus
1375 702 1444 737 est.
1502 697 1650 736 Horum

257 763 489 815 scriptorum
515 764 681 803 omnium
707 763 896 815 reliquias
924 763 1114 814 colligere
1142 775 1219 803 non
1249 768 1306 802 est
1333 763 1447 802 huius
1473 762 1570 802 loci:
1610 766 1652 802 ut

258 830 298 869 in
327 831 546 870 orationum
570 831 747 883 partibus
772 831 938 870 servatis
959 831 1049 870 huic
1073 842 1219 882 operae
1242 829 1497 882 supersedere
1520 830 1652 882 possi-

258 909 364 946 mus,
401 897 557 948 Meyeri
596 897 895 948 diligentissima
925 908 1048 949 opera
1077 897 1251 936 effectum
1282 902 1359 946 est,
1401 909 1426 936 a
1460 909 1535 950 quo
1565 898 1651 939 viro

260 964 400 1015 quihus
429 965 545 1003 rebus
577 964 847 1004 dissentiamus
878 977 997 1016 supra
1025 964 1295 1005 indicavimus.

370 1031 545 1070 Eximias
576 1030 735 1070 Catonis
773 1032 933 1071 virtutes
963 1043 1074 1070 nemo
1106 1030 1412 1081 magnificentius
1440 1041 1554 1081 quam
1584 1029 1655 1070 Li-

260 1096 345 1136 vius
377 1097 514 1136 extulit
530 1094 611 1149 (⁴¹⁰).
667 1097 909 1137 Conveniunt
938 1109 1022 1137 cum
1051 1099 1124 1137 hoc
1154 1098 1302 1137 Plinius
1321 1093 1409 1146 (⁴¹),
1441 1107 1524 1136 cum
1553 1097 1655 1148 opti-

261 1175 362 1202 mum
391 1168 611 1203 senatorem
640 1169 836 1204 oratorem
863 1165 1138 1216 imperatorem
1161 1169 1294 1213 vocat,
1321 1164 1452 1216 Nepos
1470 1160 1540 1214 (⁴¹2)
1562 1164 1655 1204 Ma-

264 1230 419 1269 crobius
437 1227 506 1281 (43)
535 1230 719 1270 Aurelius
748 1231 883 1272 Victor
899 1229 985 1283 (4⁴).
1033 1231 1113 1272 Sed
1142 1231 1188 1271 de
1218 1243 1363 1282 genere
1390 1231 1542 1271 dicendi
1573 1231 1655 1271 eius

263 1297 388 1336 minus
430 1297 648 1349 expeditum
685 1297 869 1337 iudicium
901 1303 969 1337 est.
1029 1298 1168 1338 Cicero
1200 1299 1299 1338 enim
1338 1310 1422 1337 cum
1462 1299 1502 1337 in
1532 1298 1655 1338 Bruto

264 1365 380 1403 tantis
424 1364 605 1404 laudibus
645 1364 828 1404 Catonem
868 1370 1066 1414 ornasset,
1109 1370 1171 1413 ut,
1213 1365 1245 1404 si
1286 1377 1362 1407 non
1401 1365 1495 1403 satis
1527 1370 1657 1416 aptam

265 1431 583 1482 compositionem
622 1436 659 1470 et
686 1431 808 1471 verba
843 1443 915 1483 pro
945 1431 1018 1471 illa
1047 1436 1176 1471 aetate
1206 1432 1329 1471 minus
1360 1431 1559 1481 elegantia
1589 1442 1657 1469 ex-

265 1497 439 1548 ceperis,
471 1496 581 1535 nulla
604 1497 725 1536 virtus
752 1498 929 1536 oratoria
959 1499 995 1537 ei
1025 1498 1161 1537 deesse
1182 1498 1391 1545 videretur,
1424 1497 1659 1548 dignumque

265 1563 445 1610 haberet,
478 1574 590 1614 quem
611 1574 695 1602 cum
717 1563 949 1616 politissimo
975 1569 1134 1605 oratore
1159 1565 1281 1616 Lysia
1306 1568 1552 1616 compararet
1567 1561 1658 1615 (⁴5):

266 1635 308 1669 ut
336 1641 379 1669 re
405 1630 445 1668 in
469 1635 672 1681 utramque
698 1635 849 1682 partem
879 1630 1078 1683 disputata
1100 1631 1228 1671 media
1255 1631 1446 1684 quaedam
1469 1632 1661 1671 sententia

267 1707 363 1737 vera
391 1695 531 1735 lectori
559 1696 778 1744 videretur,
818 1697 986 1736 Atticum
1016 1703 1152 1738 contra
1181 1698 1273 1738 illas
1301 1698 1439 1738 laudes
1472 1698 1660 1737 dicentem

268 1762 478 1801 introducit
522 1767 559 1802 et
594 1762 782 1814 plurimas
822 1763 979 1802 illarum
1022 1770 1155 1816 partes
1199 1765 1279 1803 suis
1318 1766 1556 1816 argumentis
1600 1766 1661 1804 in-

268 1826 580 1880 fi1·n1a11ten1(⁴⁶).
637 1829 716 1870 Sed
747 1830 780 1869 si
808 1831 905 1869 haec
936 1836 972 1869 et
1002 1831 1083 1870 alia
1105 1831 1306 1871 Ciceronis
1323 1828 1393 1881 (47)
1414 1832 1517 1872 Livii
1541 1832 1662 1881 Quin-

270 1896 397 1936 tiliani
418 1893 487 1947 (43)
523 1894 745 1936 testimonia
780 1897 1023 1947 colligimus,
1069 1909 1170 1950 quae
1210 1899 1246 1938 ei
1285 1898 1489 1938 defuerunt
1528 1898 1660 1937 seculo

270 1963 484 2003 horridiori
510 1963 769 2010 ascribemus,
800 1964 922 2002 multa
947 1970 983 2003 et
1007 1965 1192 2015 egregia,
1223 1965 1362 2016 quihus
1386 1966 1550 2015 insignis
1576 1965 1663 2013 fuit,

272 2042 416 2069 summo
447 2030 606 2081 ingenio
637 2030 763 2070 studio
792 2029 988 2071 indefesso
1020 2032 1233 2081 accuratis,
1262 2037 1303 2072 ut
1331 2037 1509 2085 tempora
1539 2037 1662 2081 erant,

365 2203 424 2247 38)
448 2204 540 2239 Gen.
561 2204 624 2240 xl.
649 2205 682 2241 2.
717 2205 859 2241 Nonius
892 2218 925 2251 p.
947 2207 1025 2241 464.
1048 2206 1164 2243 Merc.
1193 2208 1298 2243 Serv.
1331 2208 1377 2241 ad
1400 2207 1502 2253 Virg.
1529 2207 1664 2252 Georg.

275 2259 302 2295 1.
340 2260 396 2295 46.
514 2261 573 2304 39)
609 2261 689 2296 Vll.
724 2262 776 2296 10.
898 2263 957 2306 40)
991 2263 1162 2299 XXXIX.
1195 2264 1249 2298 40.
1369 2265 1428 2307 41)
1460 2264 1550 2299 Hist.
1580 2263 1665 2298 Nat.

278 2315 356 2351 vll.
375 2317 431 2350 27.
546 2317 606 2361 42)
631 2318 728 2363 Nep.
750 2317 826 2354 Cat.
849 2318 904 2353 M.
923 2318 957 2353 3.
1074 2318 1134 2361 43)
1158 2320 1204 2354 ad
1225 2321 1347 2357 Somn.
1368 2320 1530 2365 Scipion.
1552 2318 1595 2354 11.
1614 2319 1665 2353 17.

278 2372 336 2414 44)
363 2384 392 2406 c.
414 2373 467 2406 47.
502 2372 615 2410 Huius
638 2375 779 2419 quidem
804 2376 881 2409 laus
901 2373 1062 2409 firmiore
1088 2375 1317 2410 fundamento
1334 2376 1465 2418 nititur,
1491 2375 1520 2410 si
1543 2385 1666 2410 verum

279 2434 345 2470 est,
369 2428 462 2471 quod
488 2431 605 2474 magni
629 2431 696 2464 viri
717 2430 940 2477 Burghesius
966 2437 1001 2465 et
1023 2431 1244 2466 Niebuhrius
1266 2433 1483 2475 existimant,
1508 2431 1667 2466 libellum

280 2484 376 2517 illum
401 2495 446 2517 ex
472 2485 581 2519 titulis
599 2491 794 2522 statuarum
819 2488 985 2530 fluxisse,
1017 2499 1108 2533 quos
1136 2488 1312 2533 Augustus
1338 2490 1372 2523 in
1396 2489 1477 2523 foro
1505 2500 1572 2522 suo
1597 2487 1668 2521 cla-

280 2541 428 2574 rissimis
454 2541 541 2575 viris
562 2550 742 2586 posuerat.
863 2545 922 2588 45)
948 2544 1021 2579 Cic.
1042 2543 1147 2579 Brut.
1172 2545 1224 2586 17,
1248 2545 1292 2579 65
1310 2556 1387 2590 sqq.
1506 2544 1565 2587 46)
1592 2544 1667 2579 Cic.

281 2595 385 2631 Brut.
410 2596 472 2638 85,
497 2597 576 2633 293.
693 2601 750 2643 47)
777 2600 849 2635 Cir.
875 2601 920 2635 de
946 2598 1011 2636 Or.
1038 2599 1063 2633 1.
1088 2599 1143 2641 37,
1172 2600 1246 2636 173.
1295 2600 1389 2635 Nam
1416 2600 1478 2637 111.
1503 2600 1564 2642 33,
1592 2600 1669 2634 135.

283 2652 329 2685 de
342 2653 421 2687 sola
433 2664 550 2688 rerum
564 2657 694 2700 peritia
709 2658 871 2701 quamvis
885 2657 1022 2692 oratori
1041 2657 1248 2691 necessaria
1261 2657 1388 2702 agitur.
1506 2656 1564 2699 48)
1588 2654 1668 2690 Liv.

284 2708 452 2746 XXXIX.
480 2711 534 2747 40.
576 2711 725 2750 Quintil.
750 2713 826 2748 ΧΠ.
856 2713 915 2755 11,
941 2713 997 2749 23.
1037 2712 1094 2756 10,
1124 2713 1174 2749 10.
