1835 3126
290 160 424 210 300
808 156 1160 201 CICERONIS

290 278 543 318 senatorem,
586 274 628 309 ut
664 267 977 323 imperatorem,
1013 274 1055 309 ut
1090 269 1223 310 virum
1253 266 1427 322 denique
1463 278 1553 308 cum
1579 277 1674 320 pru-

291 349 430 391 dentia
468 353 507 389 et
538 345 756 400 diligentia
788 352 872 387 tum
905 345 1015 387 omni
1042 345 1188 386 virtute
1223 345 1491 387 excellentem
1521 342 1676 399 prob03

291 428 503 470 orationes
549 430 682 465 autem
726 424 815 465 eius
860 429 902 464 ut
945 421 1032 464 illis
1077 421 1327 476 temporibus
1365 422 1487 463 valde
1528 421 1674 462 laudo:

291 504 526 560 significant
555 503 661 543 enim
696 501 870 543 formam
902 499 1105 556 quandam
1146 499 1310 553 ingeni,
1351 498 1425 540 sed
1461 498 1677 541 admodum

291 581 517 638 impolitam
555 586 594 621 et
631 579 755 635 plane
799 579 953 620 rudem.
1013 575 1208 632 Origines
1237 589 1338 619 vero
1370 588 1459 618 cum
1491 576 1677 617 omnibus

291 660 485 703 oratoriis
516 657 709 700 laudibus
746 657 922 699 refertas
955 656 1117 698 diceres
1159 662 1198 697 et
1229 653 1427 696 Catonem
1464 666 1552 695 cum
1582 652 1679 693 Phi-

291 739 387 781 listo
414 744 453 779 et
479 735 722 790 Thucydide
748 748 1034 791 comparares,
1058 732 1239 775 Brutone
1265 739 1303 774 te
1330 731 1372 773 id
1397 730 1600 773 censebas
1627 744 1681 772 an

291 816 390 859 mihi
420 814 710 872 probaturum?
755 813 870 865 Quos
902 814 1009 854 enim
1038 825 1091 854 ne
1124 825 1146 853 e
1174 810 1348 853 Graecis
1380 809 1542 865 quidem
1569 809 1681 864 quis-

294 909 413 951 quam
439 895 587 936 imitari
610 898 754 949 potest,
778 891 843 933 his
865 898 906 933 tu
929 903 1146 947 comparas
1170 889 1376 931 hominem
1399 886 1681 929 Tusculanum

292 987 375 1016 non
398 973 491 1015 dum
523 972 797 1026 suspicantem
823 969 944 1025 quale
968 975 1080 1011 esset
1105 969 1273 1024 copiose
1296 973 1335 1008 et
1361 972 1503 1009 ornate
1529 965 1680 1008 dicere.

405 1047 640 1091 LXXXVI.
678 1048 773 1090 295.
815 1047 992 1089 Galbam
1020 1046 1210 1109 laudas4
1243 1043 1291 1086 Si
1318 1051 1360 1086 ut
1388 1044 1501 1086 illius
1532 1044 1681 1086 aetatis

293 1130 543 1186 principem,
586 1126 814 1166 assentior:
854 1112 916 1166 sic
955 1126 1062 1166 enim
1105 1105 1359 1178 accepimus:
1401 1123 1464 1163 sin
1505 1129 1547 1164 ut
1586 1135 1682 1164 ora-

293 1214 445 1255 torem,
481 1204 604 1252 cedo,
643 1214 820 1257 quaeso,
859 1201 1069 1243 orationes
1099 1202 1212 1251 (sunt
1239 1200 1364 1251 enim)
1404 1205 1441 1240 et
1472 1199 1538 1241 dic
1562 1199 1682 1249 hunc,

296 1298 415 1341 quem
451 1290 493 1324 tu
518 1282 610 1337 plus
642 1293 763 1335 quam
799 1286 838 1321 te
871 1291 1008 1328 amas,
1045 1276 1212 1319 Brutum
1240 1276 1350 1319 velle
1380 1282 1419 1318 te
1459 1276 1532 1318 illo
1561 1277 1682 1319 modo

295 1362 447 1404 dicere.
506 1358 665 1421 Probas
696 1357 844 1416 Lepidi
889 1358 1115 1418 orationes.
1171 1354 1346 1397 Paulum
1385 1354 1452 1397 hic
1491 1354 1565 1396 tihi
1613 1367 1683 1397 as-

296 1441 470 1489 sentior,
501 1421 622 1480 niodo
647 1439 706 1479 ita
728 1436 894 1486 laudes,
924 1442 965 1478 ut
989 1436 1201 1490 antiquas:
1235 1433 1344 1490 quod
1372 1435 1469 1474 item
1496 1432 1545 1474 de
1569 1432 1683 1474 Afri-

296 1532 426 1569 cano,
459 1517 508 1559 de
539 1514 709 1565 Laelio,
752 1517 868 1557 cuius
898 1520 941 1556 tu
971 1515 1157 1556 oratione
1188 1525 1319 1566 negas
1349 1511 1435 1553 fieri
1468 1512 1686 1566 quicquam

296 1610 422 1656 posse
455 1595 637 1637 dulcius:
677 1593 796 1636 addis
840 1594 985 1644 etiam,
1023 1593 1167 1634 nescio
1198 1590 1296 1648 quid
1325 1591 1551 1646 augustius.
1609 1603 1686 1632 no-

377 1730 439 1757 294.
476 1728 638 1762 oratoriis]
659 1729 794 1754 oratoris.
813 1742 847 1748 ·-
875 1727 938 1762 his]
958 1728 1002 1754 iis.

298 1841 472 1876 ditionale
499 1839 696 1885 praesentis
721 1839 793 1872 vim
821 1838 975 1878 habere,
1000 1843 1036 1871 ut
1061 1843 1180 1871 tamen
1206 1848 1264 1871 res
1291 1835 1378 1870 ficta
1403 1836 1553 1871 dicatur.
1603 1836 1689 1871 lure

297 1897 457 1932 defendit
482 1895 724 1939 I‘leusingerus
749 1894 816 1927 hac
840 1894 1100 1939 explicatione:
1124 1893 1211 1927 vide
1236 1903 1284 1925 ne
1304 1893 1443 1937 reliyio
1465 1892 1576 1925 nobis
1602 1897 1686 1926 tam

299 1953 524 1989 adhibenda
537 1954 608 1991 sit,
625 1962 741 1995 quam
755 1950 979 1984 adhibenda
993 1954 1106 1989 esset,
1126 1951 1162 1982 sz‘
1176 1951 1440 1983 tas-timonium
1455 1948 1682 1984 diceremus.

389 2010 465 2043 294.
517 2010 715 2042 orationes
730 2007 877 2049 autem]
902 2007 1031 2039 iniuria
1045 2010 1176 2039 autem
1187 2010 1369 2050 suspectat
1383 2003 1554 2039 Orellius.
1590 2005 1686 2039 ldeni

298 2072 372 2108 est,
398 2077 440 2099 ac
463 2065 492 2098 si
519 2064 676 2098 dicatur:
704 2062 888 2096 orationes
911 2068 1028 2095 autem
1058 2063 1154 2103 eius,
1181 2073 1258 2095 cum
1280 2073 1346 2106 pro
1371 2061 1593 2106 temporibus
1616 2062 1685 2095 illis

298 2122 405 2158 valde
430 2120 629 2154 laudabiles
648 2119 858 2160 videantur,
884 2119 1064 2163 ingenium
1084 2124 1203 2152 tamen
1228 2117 1397 2151 incultum
1419 2128 1460 2150 ac
1480 2118 1566 2151 rude
1582 2118 1687 2163 signi-

297 2178 419 2213 ficant.
447 2197 488 2201 —
522 2176 699 2221 formam
718 2174 934 2220 quandam]
960 2175 1011 2209 sic
1030 2174 1094 2220 Lg.
1112 2185 1257 2215 omnes,
1280 2172 1374 2207 Ven.
1409 2173 1513 2206 Rom.
1539 2174 1594 2207 ed.
1613 2186 1686 2218 pr.;

297 2236 408 2280 vulgo
445 2234 518 2268 inv.
549 2253 595 2258 —
631 2232 778 2278 inueni]
810 2231 860 2264 sic
893 2230 959 2276 Lg.
985 2231 1017 2265 8.
1043 2231 1099 2266 51.
1125 2230 1178 2265 53.
1217 2229 1306 2263 Veu.
1340 2229 1369 2264 l.
1396 2249 1442 2253 —
1484 2232 1687 2274 oratoriis]

300 2291 403 2326 codd.
430 2297 466 2324 et
491 2290 546 2325 ed.
574 2301 625 2334 pr.
653 2290 848 2327 ‹›ratorz·s,·
871 2288 937 2321 sed
963 2290 1136 2322 oratoris
1160 2287 1286 2320 laudes
1311 2296 1381 2319 non
1408 2292 1556 2330 possunt
1580 2287 1688 2320 tribui

301 2346 560 2383 orationibus.
598 2345 766 2380 Correxit
779 2344 977 2378 Manutius.
991 2364 1032 2368 -—
1060 2343 1235 2377 Brutone
1251 2343 1300 2386 te]
1319 2347 1356 2375 te
1369 2353 1437 2375 0111.
1454 2342 1533 2376 edd.
1551 2343 1688 2386 plerae-

301 2416 372 2453 que
401 2410 484 2437 ante
510 2402 740 2442 LanibInum3
768 2406 866 2434 certe
891 2400 982 2435 Nor.
1017 2400 1105 2433 vict.
1138 2399 1220 2433 Ald.
1248 2419 1292 2423 —-
1329 2397 1390 2432 his
1415 2398 1469 2440 1⁴11]
1505 2398 1611 2443 vulgo
1637 2401 1688 2433 iis

303 2466 369 2501 tu,·
394 2460 481 2493 illud
510 2471 553 2493 ex
580 2458 634 2492 ed.
666 2469 719 2502 pr.
744 2458 882 2501 recepit
906 2456 1103 2501 Meyerus‚
1129 2456 1212 2500 quia
1235 2456 1308 2490 vim
1333 2455 1534 2489 sententiae
1561 2454 1688 2495 habet3

303 2524 339 2552 et
371 2518 422 2552 sic
446 2515 539 2549 Ven.
569 2515 598 2548 l.
634 2512 759 2549 Ottob.
793 2513 858 2559 Lg.
883 2519 1026 2558 praeter
1052 2513 1107 2546 20.
1138 2513 1192 2546 35.
1219 2532 1264 2537 --
1302 2522 1381 2546 non
1405 2511 1512 2554 dam]
1548 2511 1689 2545 divisim

303 2574 369 2621 Lg.
396 2574 427 2608 8.
454 2572 509 2606 53.
534 2572 589 2606 56.
616 2572 670 2605 70.
708 2569 783 2605 Oti.
809 2590 853 2593 ——
891 2570 1021 2614 quale]
1048 2581 1122 2614 qne
1150 2570 1216 2603 (lu.
1245 2569 1273 2602 l.

396 2628 596 2664 LXXXVI.
645 2627 723 2662 ⁴295.
774 2627 1017 2673 accepimus]
1052 2627 1103 2659 sic
1136 2626 1238 2666 libri3
1275 2625 1330 2659 ed.
1365 2636 1418 2669 pr.
1453 2625 1685 2669 accipimus,

305 2691 431 2725 contra
457 2697 556 2724 usum
579 2684 773 2722 latinitatis.
796 2702 843 2709 ——-
879 2682 985 2729 quod
1011 2682 1120 2726 ilem]
1147 2682 1249 2729 qaod
1274 2682 1380 2717 idem
1404 2681 1460 2716 ed.
1480 2692 1531 2726 pr.
1558 2679 1687 2725 proba-
