1835 3126
312 215 448 261 >326
741 207 1286 253 EXPLICATIONES.

437 322 561 371 Cato,
591 333 682 362 cum
710 319 1001 375 longissimam
1023 322 1149 363 vitam
1170 321 1377 370 habuerit,
1411 326 1449 362 et
1475 332 1564 362 cum
1589 330 1714 372 gran-
1776 310 1779 361 ξ

326 391 512 435 dioribus
555 396 653 432 natu
686 390 785 431 vixit
824 387 868 430 C.
903 387 1106 431 Flaminio
1146 389 1194 440 Q.
1225 390 1409 433 Maximo
1451 388 1496 431 C.
1529 388 1714 431 Varrone

327 462 375 512 Q.
415 458 589 502 Metello
633 457 677 500 P.
709 457 886 501 Lentulo
930 456 973 498 P.
1007 455 1162 500 Crasso
1204 457 1248 499 P.
1279 457 1475 514 Scipione
1512 458 1714 500 Africano
1779 506 1782 512 ι

329 528 495 572 Maiore
527 531 698 584 eiusque
727 527 835 577 filio,
867 534 906 569 et
936 540 1025 569 eum
1058 525 1283 568 minoribus
1313 525 1357 567 C.
1382 525 1566 582 Sulpicio
1594 525 1716 568 Gallo
1779 514 1780 517 ¹

330 598 398 640 Ti.
432 596 622 640 Graccho
653 596 698 638 P.
724 595 767 638 F.
813 596 856 639 P.
888 594 1083 652 Scipione
1121 593 1279 637 Nasica
1304 593 1481 637 Corculo
1514 594 1562 646 Q.
1592 602 1630 637 et
1659 592 1718 635 M.

327 666 613 710 Nobilioribus
638 665 689 707 T.
706 666 844 709 Annio
861 665 999 709 Lusco
1024 664 1072 706 L.
1092 664 1220 707 Paulo
1237 663 1534 713 Macedonico3
1558 676 1718 705 rursum

327 737 393 779 his
431 743 565 779 aetate
608 737 790 778 minores
830 742 948 777 erant
978 734 1029 776 A.
1060 734 1238 776 Albinus
1278 731 1370 775 Ser.
1400 731 1553 775 Fabius
1583 731 1721 774 Pictor
1783 784 1788 795 .

330 806 379 857 Q.
397 804 551 848 Fabius
568 803 713 847 Labeo
738 804 786 855 Q.
803 804 1001 847 Metellus
1027 802 1074 846 L.
1093 803 1223 846 Cotta.
1257 802 1480 857 Sedlonge
1498 801 1721 844 clarissimi

331 874 376 917 C.
402 874 576 918 Laelius
614 873 659 916 P.
690 874 916 917 Africanus
945 872 1087 916 Minor
1128 872 1220 915 Ser.
1255 872 1392 915 Galba
1420 874 1474 923 (c.
1506 868 1720 922 19ffl24).

443 945 593 987 Aetate
625 952 849 1000 sequuntur
878 942 925 985 L.
958 951 997 985 et
1021 942 1091 1001 Sp.
1116 942 1303 985 Mummii
1326 942 1476 984 fratres
1507 939 1578 997 Sp.
1602 938 1723 981 Albi-

331 1028 407 1056 nus
436 1012 484 1055 L.
509 1021 548 1055 et
573 1012 617 1054 C.
644 1013 805 1055 Aurelii
832 1011 1011 1055 Orestae
1042 1013 1085 1054 P.
1111 1014 1147 1054 <Kc
1173 1011 1216 1055 C.
1241 1012 1391 1069 Popilii
1423 1010 1466 1052 C.
1492 1009 1724 1051 Tuditanus

331 1083 390 1125 M.
424 1081 621 1125 Octavius
662 1082 720 1124 M.
753 1081 935 1139 Lepidus
966 1081 1145 1124 Porcina
1176 1084 1324 1125 ceteris
1362 1081 1447 1123 illis
1479 1079 1646 1127 cultior,
1682 1084 1725 1119 ut

333 1153 439 1195 adeo
471 1152 683 1193 lenitatem
715 1151 968 1194 Graecorum
1000 1154 1225 1208 exprimere
1268 1152 1309 1193 in
1340 1164 1384 1193 se
1414 1150 1641 1196 videretur,
1673 1146 1721 1198 Q.

330 1221 550 1277 Pompeius
595 1219 642 1263 L.
683 1219 856 1261 Cassius
902 1219 974 1260 Cn.
1015 1228 1054 1262 et
1093 1220 1141 1271 Q.
1183 1219 1416 1275 Caepiones
1467 1218 1511 1259 P.
1545 1216 1724 1259 Crassus

331 1289 479 1333 Fannii
512 1290 591 1332 duo
622 1288 669 1330 L.
703 1287 871 1331 Caelius
902 1288 1119 1345 Antipater
1149 1289 1200 1340 (c.
1231 1288 1447 1339 25226).

448 1358 535 1401 Iam
574 1372 684 1401 nova
723 1364 840 1401 aetas
882 1365 1088 1401 oratorum
1131 1358 1303 1407 exstitit,
1342 1358 1384 1399 in
1421 1369 1502 1412 qua
1543 1355 1728 1398 ordinem

336 1428 486 1471 ducunt
531 1427 597 1470 Ti.
638 1426 852 1470 Gracchus
893 1433 931 1469 et
977 1425 1021 1468 C.
1061 1424 1219 1476 Carbo,
1266 1426 1506 1482 quibuscum
1544 1427 1729 1468 vixerunt
1794 1441 1795 1446 ¹

336 1498 460 1544 laude
506 1501 663 1541 minore
713 1498 846 1540 ornati
889 1494 938 1538 D.
978 1495 1129 1538 Brutus
1171 1495 1220 1547 Q.
1257 1494 1466 1537 Maximus
1510 1494 1553 1535 P.
1585 1493 1727 1550 Scipio

338 1566 514 1625 Serapio
560 1566 608 1619 Q.
651 1565 852 1609 Lentulus
896 1564 944 1607 L.
975 1565 1122 1608 Furius
1153 1565 1296 1608 Philus
1340 1564 1385 1607 P.
1416 1563 1626 1607 Scaevola
1670 1562 1728 1604 M‘

337 1637 540 1680 Manilius
585 1637 662 1696 Ap.
702 1635 901 1679 Claudius
945 1634 1004 1678 M.
1042 1634 1209 1678 Fulvius
1239 1633 1415 1677 Flaccus
1461 1632 1505 1675 C.
1537 1632 1640 1676 Cato
1683 1632 1728 1675 P.
1798 1672 1799 1680 ,

335 1706 491 1750 Decius
520 1706 579 1749 M.
603 1705 763 1749 Drusus
793 1704 852 1748 M.
877 1704 1041 1748 Pennus
1064 1705 1118 1757 (c.
1143 1705 1210 1747 27.
1227 1705 1313 1758 28).
1358 1703 1433 1746 His
1457 1703 1732 1758 adiunguntur
1796 1681 1799 1693 ⁴

337 1776 398 1820 M.
430 1776 615 1819 Scaurus
652 1783 689 1818 et
719 1775 762 1817 P.
791 1774 993 1820 Rutilius:
1035 1788 1117 1831 qua
1158 1776 1382 1818 occasione
1413 1787 1504 1816 cum
1534 1774 1727 1815 universe

339 1845 390 1888 de
423 1844 578 1888 Stoicis
611 1845 870 1895 oratoribus,
908 1852 989 1886 tum
1022 1844 1072 1886 de
1110 1843 1169 1885 M.
1197 1843 1354 1886 Catone
1382 1842 1497 1885 Bruti
1529 1841 1730 1885 avunculo

340 1914 569 1971 disputatur
607 1915 660 1966 (c.
702 1913 917 1965 29—31).
989 1912 1343 1954 Commemoratur
1379 1913 1490 1954 haud
1532 1911 1732 1966 ignobilis

341 1991 483 2027 orator
505 1982 549 2025 C.
575 1982 698 2026 Curio
723 1986 776 2035 (c.
803 1984 889 2035 32),
916 1981 990 2023 sed
1016 1980 1204 2023 omnibus
1233 1981 1478 2036 aequalibus
1503 1981 1734 2037 praefertur

342 2054 511 2108 ingenio
551 2060 590 2095 et
619 2052 752 2094 studio
786 2051 829 2093 C.
861 2050 1075 2093 Gracchus
1107 2053 1162 2103 (c.
1193 2051 1288 2103 33);
1329 2052 1394 2094 cui
1428 2050 1630 2092 adduntur
1661 2063 1732 2092 ae-
1802 2037 1803 2043 ¹

341 2122 488 2178 quales
521 2129 589 2165 aut
617 2121 741 2178 paulo
773 2121 994 2163 inferiores
1026 2118 1071 2161 C.
1102 2118 1240 2162 Galba
1272 2118 1316 2160 P.
1343 2118 1485 2176 Scipio
1521 2119 1565 2162 C.
1595 2119 1734 2163 Nerva
1802 2114 1805 2153 ἓ

344 2191 389 2234 C.
420 2190 605 2234 Fimbria
644 2190 688 2232 C.
723 2189 921 2235 Calvinus
959 2187 1018 2229 M.
1048 2187 1198 2230 Brutus
1239 2196 1459 2232 accusator
1495 2188 1542 2231 L.
1576 2188 1734 2232 Caesu-

342 2262 462 2304 lenus
506 2260 557 2303 T.
589 2260 793 2305 Albucius
831 2263 885 2312 (c.
924 2258 1025 2311 34);
1071 2257 1194 2315 paulo
1236 2258 1438 2301 clariores
1485 2257 1532 2309 Q.
1565 2257 1735 2301 Catulus
1805 2278 1807 2298 ';

343 2330 392 2382 Q.
423 2330 619 2373 Metellus
649 2330 889 2373 Numidicus
931 2328 989 2372 M.
1023 2327 1194 2371 Silanus
1232 2326 1290 2371 M.
1322 2327 1519 2372 Aurelius
1550 2327 1736 2371 Scaurus
1806 2378 1807 2382 Ἰ

341 2400 394 2444 Α.
434 2400 613 2443 Albinus
661 2400 710 2452 Q.
754 2399 909 2457 Caepio
957 2397 1001 2440 C.
1041 2405 1081 2439 et
1118 2396 1166 2440 L.
1205 2397 1390 2440 Memmii
1442 2396 1512 2455 Sp.
1552 2397 1735 2440 Thorius
1806 2391 1808 2395 ’

341 2469 400 2515 Μ.
432 2469 662 2513 Marcellus
700 2470 743 2512 P.
775 2469 974 2513 Lentulus
1013 2466 1060 2509 L.
1094 2465 1213 2511 Cotta
1245 2470 1298 2519 (c.
1329 2468 1414 2521 35).
1808 2465 1809 2475 ¹

456 2540 542 2583 Sed
589 2541 641 2582 ad
687 2553 884 2582 summam
926 2538 1506 2596 praestantiam,eloquentia
1544 2536 1732 2579 Romana

344 2613 528 2669 pervenit
566 2613 609 2652 in
652 2609 710 2651 M.
742 2610 924 2652 Antonio
961 2611 998 2649 ὃς
1026 2606 1073 2649 L.
1105 2606 1261 2650 Crasso
1298 2609 1441 2664 primis
1480 2605 1733 2649 Graecorum
1809 2607 1811 2618 '

345 2682 492 2724 laudes
518 2680 812 2736 aequantibus3
844 2679 1112 2735 interponitur
1137 2677 1345 2731 digressio
1377 2677 1426 2720 de
1453 2676 1500 2728 Q.
1526 2675 1738 2719 Scaevola
1809 2665 1822 2727 ξ,

346 2752 447 2794 iuris
474 2750 663 2794 consulto
687 2749 1046 2806 eloquentissimo,
1078 2747 1145 2804 qui
1170 2760 1259 2791 cum
1287 2746 1377 2791 Ser.
1402 2746 1588 2805 Sulpicio
1616 2745 1736 2788 Cice-
1810 2733 1812 2770 ὲ
