1835 3126
282 195 367 239 26
489 187 685 234 BREVIS
716 185 1129 239 ELOQUENTIAE,
1141 186 1275 231 ROM.
1308 186 1451 230 HIST.

281 319 380 346 mam
407 305 608 344 literarum
639 300 877 341 Graecarum
912 302 986 341 sibi
1014 306 1195 354 parasset
1231 302 1510 353 cognitionem,
1550 301 1664 340 etiam

280 371 466 423 eloquens
497 369 650 408 habitus
675 372 733 407 est
763 374 799 407 et
821 368 984 420 reliquis
1003 370 1119 408 rebus
1149 373 1308 408 ornatus
1340 373 1377 407 et
1401 368 1560 418 elegans
1579 366 1662 419 (55).

279 438 426 479 Eodem
462 442 636 487 tempore
675 437 734 471 Ti.
767 436 1009 484 Sempronius
1045 438 1089 474 P.
1120 438 1163 474 F.
1201 436 1390 473 Gracchus
1423 436 1540 482 vixit,
1584 435 1663 485 qui,

280 518 365 546 cum
406 506 449 544 P.
487 503 674 543 Africano
719 500 905 541 adversus
945 502 1227 542 obtrectatores
1272 503 1445 554 quamvis
1488 501 1664 540 inimicus

280 584 392 624 opem
419 571 590 617 tulisset,
622 567 844 608 Corneliam
874 569 955 607 eius
982 568 1102 607 filiam
1130 569 1170 607 in
1192 570 1472 608 matrimonium
1502 568 1663 619 accepit.

278 640 314 679 1s
348 650 432 678 cum
462 637 609 676 iustitia
639 648 709 674 sua
739 639 899 687 praetor
927 635 1155 687 Hispaniam
1183 640 1385 686 pacasset‚
1425 634 1665 673 consulatum

278 706 401 757 gessit
427 717 461 743 a.
484 704 586 751 5773
621 708 710 756 post
734 714 871 742 censor
892 702 1034 754 optime
1064 701 1111 740 de
1133 713 1177 740 re
1199 701 1358 753 publica
1386 701 1524 739 meruit
1544 700 1666 739 liber-

278 774 378 812 tinos
411 783 541 811 omnes
581 771 620 809 in
649 782 764 809 unam
793 769 1037 821 Esquilinam
1074 768 1217 808 tribum
1246 766 1499 807 conficiendo.
1557 766 1667 806 Hunc

279 850 438 890 gravem
469 843 506 878 et
540 838 783 889 eloquentem
814 836 952 877 Cicero
988 836 1027 875 in
1051 836 1173 875 Bruto
1204 834 1367 881 iudicat,
1408 834 1552 886 quippe
1583 832 1665 872 elo-

278 905 422 957 quendi
462 910 583 944 artem
621 909 658 944 et
694 903 883 956 plurimos
920 903 1283 954 etvantiquissimos
1310 903 1458 942 Romae
1497 900 1666 939 cultores

277 973 473 1025 reperisse
504 977 748 1018 ostensurus;
779 982 867 1009 nam
897 970 976 1009 alio
1010 970 1098 1009 loco
1129 970 1259 1009 verius
1291 969 1513 1008 existimans
1541 965 1666 1005 haud-

278 1051 472 1090 quaquam
504 1039 747 1089 eloquentem
777 1037 868 1075 dicit
892 1034 973 1086 (5⁶).
1036 1036 1225 1075 Graecam
1264 1035 1378 1073 huius
1406 1034 1483 1074 viri
1519 1032 1666 1072 oratio-

277 1117 363 1144 nem
402 1104 505 1156 apud
544 1103 717 1144 Rhodios
761 1103 933 1142 habitam
972 1101 1110 1141 Cicero
1151 1101 1263 1141 affert
1287 1098 1379 1154 (5⁷);
1424 1099 1493 1139 sed
1531 1099 1666 1139 Livius

276 1171 375 1222 legit
398 1172 512 1210 etiam
535 1171 663 1218 illam,
688 1181 803 1222 quam
826 1170 865 1208 in
890 1181 1009 1208 causa
1026 1169 1222 1220 Scipionis
1249 1169 1409 1208 maioris
1431 1163 1664 1217 habilit(5⁸).

391 1238 613 1289 Sequuntur
648 1237 724 1277 viri
758 1236 862 1276 haud
897 1236 1016 1288 paulo
1055 1236 1220 1275 maiores
1259 1240 1295 1275 et
1331 1247 1408 1275 non
1443 1239 1521 1274 tam
1549 1233 1666 1273 rebus

277 1305 398 1355 gestis
429 1317 543 1356 quam
567 1304 669 1343 vitae
698 1303 981 1342 necessitudine
1012 1308 1048 1341 et
1073 1302 1270 1341 consortio
1300 1303 1356 1341 ita
1379 1299 1592 1348 coniuncti,
1622 1304 1665 1339 ut

278 1383 302 1409 a
325 1371 520 1410 veteribus
550 1383 702 1422 semper
726 1383 804 1409 una
832 1370 1025 1409 nominari
1047 1369 1217 1417 soleant,
1247 1372 1290 1405 Ρ.
1307 1369 1514 1416 Africanus
1541 1368 1667 1406 minor

278 1441 314 1475 et
339 1436 377 1473 G.
396 1437 563 1474 Laelius.
622 1437 666 1476 P.
685 1437 894 1476 Africanus
926 1436 1027 1475 filius
1060 1441 1144 1474 erat
1168 1436 1213 1475 L.
1237 1435 1393 1474 Aemilii
1414 1435 1460 1473 L.
1482 1434 1526 1473 F.
1549 1434 1667 1478 Pauli

277 1502 379 1549 eius,
413 1502 479 1552 qui
507 1502 655 1541 Persen
684 1513 818 1552 regem
845 1502 895 1541 ad
918 1502 1091 1553 Pydnam
1119 1502 1211 1542 vicit
1241 1513 1277 1540 a.
1295 1502 1391 1541 586.
1449 1500 1666 1552 Adoptatus

278 1574 335 1607 cst
372 1580 396 1606 a
426 1568 585 1607 maioris
614 1568 792 1607 Africani
828 1568 929 1616 filio,
965 1580 1013 1607 ne
1044 1568 1160 1620 stirps
1190 1568 1303 1607 huius
1333 1567 1528 1615 interiret,
1565 1566 1666 1605 unde

277 1646 471 1685 agnomen
501 1646 607 1674 more
631 1635 806 1674 Romano
830 1636 1039 1675 Aemiliani
1066 1636 1204 1682 traxit,
1237 1647 1312 1687 quo
1343 1639 1471 1673 tamen
1499 1646 1665 1686 perraro

277 1713 367 1748 nec,
398 1701 472 1739 nisi
500 1706 542 1740 ut
572 1714 595 1740 a
619 1702 767 1740 maiore
789 1702 976 1741 Africano
1009 1702 1290 1753 distinguatur,
1322 1701 1518 1754 appellari
1547 1701 1665 1739 solet:

277 1767 400 1806 indita
430 1768 529 1806 enim
560 1773 647 1807 sunt
677 1769 851 1807 clariora
882 1781 931 1807 ex
960 1769 1076 1807 rebus
1106 1770 1227 1818 gestis
1259 1769 1468 1818 agnomina
1488 1767 1666 1806 Africani

278 1840 315 1873 et
345 1834 578 1873 Numantini.
629 1834 751 1873 Natus
786 1840 869 1874 erat
900 1847 935 1874 a.
961 1849 998 1873 u.
1029 1835 1130 1875 569:
1169 1840 1341 1874 mortuus
1373 1839 1430 1873 est
1468 1835 1567 1872 enim
1595 1846 1664 1872 an-

278 1913 365 1939 num
396 1901 755 1951 quinquagesinum
785 1907 932 1941 sextum
963 1913 1084 1951 agens
1112 1914 1147 1940 a.
1170 1902 1265 1941 625.
1323 1900 1570 1941 Aedilitatem
1599 1912 1665 1939 cu-

278 1967 401 2006 rulem
426 1968 615 2018 petiturus
642 1973 726 2006 erat
757 1969 795 2006 in
819 1981 855 2007 a.
873 1970 966 2015 607,
999 1980 1081 2007 cum
1105 1968 1259 2017 legibus
1290 1968 1440 2007 solutus
1471 1972 1508 2006 et
1531 1967 1665 2006 consul

279 2038 433 2072 creatus
464 2039 538 2081 est,
572 2035 664 2085 quia
693 2035 781 2073 huic
812 2035 887 2073 soli
912 2035 1248 2085 Carthaginiensis
1272 2035 1368 2073 belli
1397 2034 1535 2073 molem
1561 2046 1665 2073 com-

278 2100 498 2139 mittendam
544 2101 707 2140 Romani
750 2102 950 2152 putabant.
1015 2101 1155 2140 Iterum
1198 2101 1420 2140 consulatus
1464 2101 1665 2140 mandatus

277 2177 347 2204 nec
379 2168 568 2218 opinato,
613 2173 654 2206 ut
692 2168 856 2206 alterum
890 2168 1153 2207 Romanorum
1191 2168 1545 2206 terriculamentum
1584 2168 1664 2207 Nu-

278 2234 459 2272 mantiam
485 2233 635 2272 duohns
666 2235 899 2273 exercitibus
924 2234 1190 2274 circumventis
1222 2239 1259 2272 et
1283 2234 1332 2272 ad
1355 2234 1493 2273 foedus
1516 2234 1665 2274 facien-

279 2300 367 2338 dum
398 2300 542 2339 coactis
574 2300 867 2340 formidolosum
897 2301 1054 2340 tolleret
1085 2314 1120 2340 a.
1154 2303 1248 2341 620.
1306 2301 1410 2340 Inter
1447 2300 1543 2340 duos
1573 2301 1663 2340 illos

280 2367 502 2405 consulatus
533 2367 662 2406 media
691 2368 893 2407 intercedit
921 2380 1086 2408 censura
1115 2380 1199 2407 cum
1220 2369 1265 2407 L.
1282 2368 1469 2407 Mummio
1492 2368 1663 2407 Achaico

280 2445 416 2484 parum
453 2445 614 2473 concors
653 2448 688 2474 a.
720 2437 800 2475 612
826 2433 910 2488 (59).
970 2435 1063 2475 Cum
1096 2435 1348 2474 Gracchanae
1379 2435 1541 2474 factioni
1571 2447 1662 2475 con-

370 2541 429 2584 55)
457 2541 528 2575 Cic.
548 2541 569 2578 l.
593 2555 622 2579 c,
740 2546 798 2588 56)
825 2546 845 2579 l.
863 2557 891 2580 c.
917 2545 944 2590 ξ.
961 2544 1015 2579 79.
1042 2554 1112 2588 quo
1131 2543 1212 2577 loco
1234 2544 1502 2589 temperandam
1521 2543 1663 2577 laudem

280 2600 424 2634 docebit
447 2605 673 2644 comparatus
698 2602 790 2636 alter
807 2603 851 2636 de
872 2600 937 2637 Or.
957 2601 982 2636 1.
1001 2601 1043 2643 9,
1063 2600 1118 2634 38.
1236 2600 1295 2641 57)
1321 2601 1395 2634 Cic.
1412 2599 1513 2634 Brut.
1533 2599 1589 2641 20,
1611 2599 1661 2632 79.

278 2656 337 2699 58)
363 2656 443 2690 Liv.
465 2657 664 2692 xxxvm.
691 2658 754 2699 56,
782 2660 832 2693 10.
950 2658 1009 2700 59)
1035 2657 1106 2691 Cic.
1129 2657 1172 2689 de
1192 2653 1255 2690 Or.
1282 2655 1323 2690 ΙΙ.
1344 2656 1404 2697 66,
1421 2656 1500 2690 268.
1536 2655 1662 2689 Festus

281 2724 314 2757 p.
333 2712 411 2747 235.
437 2713 492 2747 ed.
515 2713 678 2750 Lindenl.
728 2714 799 2749 Cur
824 2716 971 2750 lustrum
992 2714 1080 2749 illud
1104 2712 1228 2748 infelix
1253 2712 1391 2748 dicatur
1415 2723 1487 2747 non
1509 2714 1658 2746 constat.
