<?xml version="1.0" encoding="UTF-8"?>
<!DOCTYPE html PUBLIC "-//W3C//DTD XHTML 1.0 Transitional//EN"
    "http://www.w3.org/TR/xhtml1/DTD/xhtml1-transitional.dtd">
<html xmlns="http://www.w3.org/1999/xhtml" xml:lang="en" lang="en">
 <head>
  <title>
</title>
<meta http-equiv="Content-Type" content="text/html;charset=utf-8" />
  <meta name='ocr-system' content='tesseract 3.04.00' />
  <meta name='ocr-capabilities' content='ocr_page ocr_carea ocr_par ocr_line ocrx_word'/>
</head>
<body>
  <div class='ocr_page' id='page_1' title='image "./brutussivedeclar00ciceuoft/brutussivedeclar00ciceuoft_0110.png"; bbox 0 0 1835 3126; ppageno 0'>
   <div class='ocr_carea' id='block_1_1' title="bbox 281 154 1452 208">
    <p class='ocr_par' dir='ltr' id='par_1_1' title="bbox 281 154 1452 208">
     <span class='ocr_line' id='line_1_1' title="bbox 281 154 1452 208; baseline -0.003 -6"><span class='ocrx_word' id='word_1_1' title='bbox 281 161 372 206; x_wconf 78' lang='grc'><strong>90</strong></span> <span class='ocrx_word' id='word_1_2' title='bbox 494 154 691 201; x_wconf 86' lang='lat' dir='ltr'>BREVIS</span> <span class='ocrx_word' id='word_1_3' title='bbox 721 154 1112 208; x_wconf 85' lang='lat' dir='ltr'><strong>ELOQUENTIAE</strong></span> <span class='ocrx_word' id='word_1_4' title='bbox 1144 156 1277 200; x_wconf 87' lang='lat' dir='ltr'>ROM.</span> <span class='ocrx_word' id='word_1_5' title='bbox 1308 156 1452 199; x_wconf 89' lang='lat' dir='ltr'><strong>HIST.</strong></span> 
     </span>
    </p>
   </div>
   <div class='ocr_carea' id='block_1_2' title="bbox 280 269 1663 380">
    <p class='ocr_par' dir='ltr' id='par_1_2' title="bbox 280 269 1663 380">
     <span class='ocr_line' id='line_1_2' title="bbox 281 269 1663 317; baseline -0.003 -3"><span class='ocrx_word' id='word_1_6' title='bbox 281 274 490 314; x_wconf 87' lang='lat' dir='ltr'><strong>obliterata</strong></span> <span class='ocrx_word' id='word_1_7' title='bbox 515 274 590 317; x_wconf 89' lang='lat' dir='ltr'><strong>est,</strong></span> <span class='ocrx_word' id='word_1_8' title='bbox 630 280 714 308; x_wconf 89' lang='lat' dir='ltr'><strong>cum</strong></span> <span class='ocrx_word' id='word_1_9' title='bbox 742 269 898 309; x_wconf 84' lang='lat' dir='ltr'><strong>sublata</strong></span> <span class='ocrx_word' id='word_1_10' title='bbox 927 270 1079 311; x_wconf 87' lang='lat' dir='ltr'><strong>dicendi</strong></span> <span class='ocrx_word' id='word_1_11' title='bbox 1109 276 1146 311; x_wconf 89' lang='lat' dir='ltr'><strong>et</strong></span> <span class='ocrx_word' id='word_1_12' title='bbox 1174 271 1343 312; x_wconf 87' lang='lat' dir='ltr'><strong>faciendi</strong></span> <span class='ocrx_word' id='word_1_13' title='bbox 1381 271 1540 312; x_wconf 86' lang='lat' dir='ltr'><strong>licentia</strong></span> <span class='ocrx_word' id='word_1_14' title='bbox 1570 272 1663 312; x_wconf 74' lang='lat' dir='ltr'><strong>civi-</strong></span> 
     </span>
     <span class='ocr_line' id='line_1_3' title="bbox 280 338 827 380; baseline -0.007 0"><span class='ocrx_word' id='word_1_15' title='bbox 280 346 398 380; x_wconf 81' lang='lat' dir='ltr'>tatum</span> <span class='ocrx_word' id='word_1_16' title='bbox 426 338 553 378; x_wconf 84' lang='lat' dir='ltr'><strong>forma</strong></span> <span class='ocrx_word' id='word_1_17' title='bbox 583 341 728 376; x_wconf 88' lang='lat' dir='ltr'><strong>mutata</strong></span> <span class='ocrx_word' id='word_1_18' title='bbox 758 342 827 376; x_wconf 84' lang='lat' dir='ltr'><strong>est.</strong></span> 
     </span>
    </p>
   </div>
   <div class='ocr_carea' id='block_1_3' title="bbox 904 446 1036 501">
    <p class='ocr_par' dir='ltr' id='par_1_3' title="bbox 904 446 1036 501">
     <span class='ocr_line' id='line_1_4' title="bbox 904 446 1036 501; baseline 0.008 -15"><span class='ocrx_word' id='word_1_19' title='bbox 904 448 939 501; x_wconf 79' lang='lat'><strong>§·</strong></span> <span class='ocrx_word' id='word_1_20' title='bbox 970 446 1036 487; x_wconf 81' lang='lat'><strong>35.</strong></span> 
     </span>
    </p>
   </div>
   <div class='ocr_carea' id='block_1_4' title="bbox 783 520 1156 558">
    <p class='ocr_par' dir='ltr' id='par_1_4' title="bbox 783 520 1156 558">
     <span class='ocr_line' id='line_1_5' title="bbox 783 520 1156 558; baseline 0.005 -3"><span class='ocrx_word' id='word_1_21' title='bbox 783 520 949 556; x_wconf 87' lang='lat' dir='ltr'><strong>Eruditio</strong></span> <span class='ocrx_word' id='word_1_22' title='bbox 976 523 1156 558; x_wconf 80' lang='lat' dir='ltr'><strong>universa.</strong></span> 
     </span>
    </p>
   </div>
   <div class='ocr_carea' id='block_1_5' title="bbox 274 604 1667 2533">
    <p class='ocr_par' dir='ltr' id='par_1_5' title="bbox 274 604 1667 2533">
     <span class='ocr_line' id='line_1_6' title="bbox 388 604 1663 656; baseline -0.001 -11"><span class='ocrx_word' id='word_1_23' title='bbox 388 606 538 656; x_wconf 84' lang='lat' dir='ltr'><strong>Vulgus</strong></span> <span class='ocrx_word' id='word_1_24' title='bbox 560 605 634 644; x_wconf 90' lang='lat' dir='ltr'><strong>hac</strong></span> <span class='ocrx_word' id='word_1_25' title='bbox 659 608 807 652; x_wconf 89' lang='lat' dir='ltr'><strong>aetate,</strong></span> <span class='ocrx_word' id='word_1_26' title='bbox 830 609 872 643; x_wconf 92' lang='lat' dir='ltr'><strong>ut</strong></span> <span class='ocrx_word' id='word_1_27' title='bbox 896 605 1088 651; x_wconf 82' lang='lat' dir='ltr'><strong>omnihus,</strong></span> <span class='ocrx_word' id='word_1_28' title='bbox 1114 604 1147 642; x_wconf 89' lang='lat' dir='ltr'><strong>si</strong></span> <span class='ocrx_word' id='word_1_29' title='bbox 1168 604 1320 643; x_wconf 83' lang='lat' dir='ltr'><strong>Atticae</strong></span> <span class='ocrx_word' id='word_1_30' title='bbox 1343 605 1507 644; x_wconf 86' lang='lat' dir='ltr'><strong>civitatis</strong></span> <span class='ocrx_word' id='word_1_31' title='bbox 1530 605 1663 644; x_wconf 81' lang='lat' dir='ltr'><strong>florem</strong></span> 
     </span>
     <span class='ocr_line' id='line_1_7' title="bbox 278 670 1666 726; baseline -0.002 -12"><span class='ocrx_word' id='word_1_32' title='bbox 278 674 500 726; x_wconf 83' lang='lat' dir='ltr'><strong>exceperis,</strong></span> <span class='ocrx_word' id='word_1_33' title='bbox 539 672 753 724; x_wconf 89' lang='lat' dir='ltr'><strong>impolitum</strong></span> <span class='ocrx_word' id='word_1_34' title='bbox 783 682 829 710; x_wconf 90' lang='lat' dir='ltr'><strong>ac</strong></span> <span class='ocrx_word' id='word_1_35' title='bbox 857 670 955 710; x_wconf 91' lang='lat' dir='ltr'><strong>rude</strong></span> <span class='ocrx_word' id='word_1_36' title='bbox 986 671 1125 709; x_wconf 88' lang='lat' dir='ltr'><strong>mansit</strong></span> <span class='ocrx_word' id='word_1_37' title='bbox 1154 682 1224 710; x_wconf 89' lang='lat' dir='ltr'><strong>nec</strong></span> <span class='ocrx_word' id='word_1_38' title='bbox 1253 670 1349 710; x_wconf 79' lang='lat' dir='ltr'><strong>favit</strong></span> <span class='ocrx_word' id='word_1_39' title='bbox 1374 671 1572 711; x_wconf 87' lang='lat' dir='ltr'><strong>doctrinae</strong></span> <span class='ocrx_word' id='word_1_40' title='bbox 1600 677 1666 711; x_wconf 88' lang='lat' dir='ltr'><strong>aut</strong></span> 
     </span>
     <span class='ocr_line' id='line_1_8' title="bbox 278 737 1666 790; baseline -0.003 -9"><span class='ocrx_word' id='word_1_41' title='bbox 278 742 451 782; x_wconf 88' lang='lat' dir='ltr'><strong>eruditis.</strong></span> <span class='ocrx_word' id='word_1_42' title='bbox 510 739 588 781; x_wconf 85' lang='lat' dir='ltr'><strong>Sed</strong></span> <span class='ocrx_word' id='word_1_43' title='bbox 630 751 677 778; x_wconf 90' lang='lat' dir='ltr'><strong>ea</strong></span> <span class='ocrx_word' id='word_1_44' title='bbox 718 739 870 778; x_wconf 89' lang='lat' dir='ltr'><strong>omnino</strong></span> <span class='ocrx_word' id='word_1_45' title='bbox 913 742 996 777; x_wconf 88' lang='lat' dir='ltr'><strong>erat</strong></span> <span class='ocrx_word' id='word_1_46' title='bbox 1035 738 1236 777; x_wconf 88' lang='lat' dir='ltr'><strong>literarum</strong></span> <span class='ocrx_word' id='word_1_47' title='bbox 1279 737 1468 786; x_wconf 88' lang='lat' dir='ltr'><strong>conditio,</strong></span> <span class='ocrx_word' id='word_1_48' title='bbox 1512 744 1555 778; x_wconf 89' lang='lat' dir='ltr'><strong>ut</strong></span> <span class='ocrx_word' id='word_1_49' title='bbox 1600 739 1666 790; x_wconf 90' lang='lat' dir='ltr'><strong>qui</strong></span> 
     </span>
     <span class='ocr_line' id='line_1_9' title="bbox 278 805 1666 860; baseline -0.003 -11"><span class='ocrx_word' id='word_1_50' title='bbox 278 822 411 850; x_wconf 89' lang='lat' dir='ltr'><strong>earum</strong></span> <span class='ocrx_word' id='word_1_51' title='bbox 443 808 649 860; x_wconf 88' lang='lat' dir='ltr'><strong>plurimum</strong></span> <span class='ocrx_word' id='word_1_52' title='bbox 684 807 826 846; x_wconf 90' lang='lat' dir='ltr'><strong>scirent</strong></span> <span class='ocrx_word' id='word_1_53' title='bbox 857 805 1145 845; x_wconf 81' lang='lat' dir='ltr'><strong>dissimularent</strong></span> <span class='ocrx_word' id='word_1_54' title='bbox 1177 817 1220 845; x_wconf 91' lang='lat' dir='ltr'><strong>se</strong></span> <span class='ocrx_word' id='word_1_55' title='bbox 1253 805 1435 845; x_wconf 83' lang='lat' dir='ltr'><strong>didicisse</strong></span> <span class='ocrx_word' id='word_1_56' title='bbox 1464 811 1530 845; x_wconf 92' lang='lat' dir='ltr'><strong>aut</strong></span> <span class='ocrx_word' id='word_1_57' title='bbox 1562 811 1666 845; x_wconf 85' lang='lat' dir='ltr'><strong>certe</strong></span> 
     </span>
     <span class='ocr_line' id='line_1_10' title="bbox 278 872 1665 928; baseline -0.002 -13"><span class='ocrx_word' id='word_1_58' title='bbox 278 888 378 928; x_wconf 84' lang='lat' dir='ltr'><strong>quae</strong></span> <span class='ocrx_word' id='word_1_59' title='bbox 403 875 628 915; x_wconf 82' lang='lat' dir='ltr'><strong>didicissent</strong></span> <span class='ocrx_word' id='word_1_60' title='bbox 651 874 689 912; x_wconf 92' lang='lat' dir='ltr'><strong>in</strong></span> <span class='ocrx_word' id='word_1_61' title='bbox 714 885 822 913; x_wconf 89' lang='lat' dir='ltr'><strong>suum</strong></span> <span class='ocrx_word' id='word_1_62' title='bbox 844 873 973 925; x_wconf 90' lang='lat' dir='ltr'><strong>potius</strong></span> <span class='ocrx_word' id='word_1_63' title='bbox 997 885 1106 912; x_wconf 89' lang='lat' dir='ltr'><strong>usum</strong></span> <span class='ocrx_word' id='word_1_64' title='bbox 1133 878 1169 911; x_wconf 87' lang='lat' dir='ltr'><strong>et</strong></span> <span class='ocrx_word' id='word_1_65' title='bbox 1192 872 1525 921; x_wconf 81' lang='lat' dir='ltr'><strong>oblectamentum,</strong></span> <span class='ocrx_word' id='word_1_66' title='bbox 1551 885 1665 924; x_wconf 89' lang='lat' dir='ltr'><strong>quam</strong></span> 
     </span>
     <span class='ocr_line' id='line_1_11' title="bbox 277 940 1665 995; baseline -0.003 -13"><span class='ocrx_word' id='word_1_67' title='bbox 277 945 316 982; x_wconf 91' lang='lat' dir='ltr'><strong>in</strong></span> <span class='ocrx_word' id='word_1_68' title='bbox 345 943 482 995; x_wconf 89' lang='lat' dir='ltr'><strong>populi</strong></span> <span class='ocrx_word' id='word_1_69' title='bbox 507 942 672 981; x_wconf 86' lang='lat' dir='ltr'><strong>fructum</strong></span> <span class='ocrx_word' id='word_1_70' title='bbox 700 940 902 981; x_wconf 86' lang='lat' dir='ltr'><strong>laudemve</strong></span> <span class='ocrx_word' id='word_1_71' title='bbox 935 940 1100 980; x_wconf 86' lang='lat' dir='ltr'><strong>civitatis</strong></span> <span class='ocrx_word' id='word_1_72' title='bbox 1129 945 1407 980; x_wconf 75' lang='lat' dir='ltr'><strong>converterent.</strong></span> <span class='ocrx_word' id='word_1_73' title='bbox 1466 941 1516 980; x_wconf 90' lang='lat' dir='ltr'><strong>Et</strong></span> <span class='ocrx_word' id='word_1_74' title='bbox 1541 953 1665 991; x_wconf 88' lang='lat' dir='ltr'><strong>quan-</strong></span> 
     </span>
     <span class='ocr_line' id='line_1_12' title="bbox 278 1006 1666 1062; baseline -0.003 -13"><span class='ocrx_word' id='word_1_75' title='bbox 278 1023 392 1062; x_wconf 82' lang='lat' dir='ltr'><strong>quam</strong></span> <span class='ocrx_word' id='word_1_76' title='bbox 421 1010 591 1062; x_wconf 90' lang='lat' dir='ltr'><strong>plurima</strong></span> <span class='ocrx_word' id='word_1_77' title='bbox 621 1013 709 1047; x_wconf 84' lang='lat' dir='ltr'><strong>ante</strong></span> <span class='ocrx_word' id='word_1_78' title='bbox 740 1008 941 1048; x_wconf 84' lang='lat' dir='ltr'><strong>Ciceronis</strong></span> <span class='ocrx_word' id='word_1_79' title='bbox 972 1012 1136 1047; x_wconf 89' lang='lat' dir='ltr'><strong>aetatem</strong></span> <span class='ocrx_word' id='word_1_80' title='bbox 1166 1007 1312 1058; x_wconf 89' lang='lat' dir='ltr'><strong>scripta</strong></span> <span class='ocrx_word' id='word_1_81' title='bbox 1340 1012 1427 1045; x_wconf 91' lang='lat' dir='ltr'><strong>sunt</strong></span> <span class='ocrx_word' id='word_1_82' title='bbox 1455 1006 1558 1058; x_wconf 85' lang='lat' dir='ltr'><strong>apud</strong></span> <span class='ocrx_word' id='word_1_83' title='bbox 1582 1007 1666 1046; x_wconf 92' lang='lat' dir='ltr'><strong>Ro-</strong></span> 
     </span>
     <span class='ocr_line' id='line_1_13' title="bbox 277 1073 1665 1124; baseline -0.003 -8"><span class='ocrx_word' id='word_1_84' title='bbox 277 1089 432 1124; x_wconf 86' lang='lat' dir='ltr'><strong>manos,</strong></span> <span class='ocrx_word' id='word_1_85' title='bbox 472 1075 712 1115; x_wconf 89' lang='lat' dir='ltr'><strong>incredibilis</strong></span> <span class='ocrx_word' id='word_1_86' title='bbox 750 1079 877 1113; x_wconf 87' lang='lat' dir='ltr'><strong>tamen</strong></span> <span class='ocrx_word' id='word_1_87' title='bbox 913 1075 1078 1113; x_wconf 90' lang='lat' dir='ltr'><strong>omnium</strong></span> <span class='ocrx_word' id='word_1_88' title='bbox 1109 1073 1248 1112; x_wconf 87' lang='lat' dir='ltr'><strong>artium</strong></span> <span class='ocrx_word' id='word_1_89' title='bbox 1284 1073 1433 1111; x_wconf 78' lang='lat' dir='ltr'><strong>ruditas</strong></span> <span class='ocrx_word' id='word_1_90' title='bbox 1462 1084 1585 1124; x_wconf 84' lang='lat' dir='ltr'><strong>usque</strong></span> <span class='ocrx_word' id='word_1_91' title='bbox 1615 1073 1665 1112; x_wconf 90' lang='lat' dir='ltr'><strong>ad</strong></span> 
     </span>
     <span class='ocr_line' id='line_1_14' title="bbox 277 1139 1665 1193; baseline -0.003 -10"><span class='ocrx_word' id='word_1_92' title='bbox 277 1143 476 1184; x_wconf 87' lang='lat' dir='ltr'><strong>Ciceronis</strong></span> <span class='ocrx_word' id='word_1_93' title='bbox 522 1146 687 1181; x_wconf 88' lang='lat' dir='ltr'><strong>aetatem</strong></span> <span class='ocrx_word' id='word_1_94' title='bbox 730 1140 851 1180; x_wconf 86' lang='lat' dir='ltr'><strong>fuisse</strong></span> <span class='ocrx_word' id='word_1_95' title='bbox 891 1139 1064 1193; x_wconf 89' lang='lat' dir='ltr'><strong>putanda</strong></span> <span class='ocrx_word' id='word_1_96' title='bbox 1102 1145 1170 1179; x_wconf 89' lang='lat' dir='ltr'><strong>est.</strong></span> <span class='ocrx_word' id='word_1_97' title='bbox 1229 1140 1392 1179; x_wconf 79' lang='lat' dir='ltr'><strong>Praeter</strong></span> <span class='ocrx_word' id='word_1_98' title='bbox 1432 1141 1665 1180; x_wconf 88' lang='lat' dir='ltr'><strong>comicorum</strong></span> 
     </span>
     <span class='ocr_line' id='line_1_15' title="bbox 277 1206 1665 1263; baseline -0.003 -13"><span class='ocrx_word' id='word_1_99' title='bbox 277 1210 519 1263; x_wconf 83' lang='lat' dir='ltr'><strong>quorundam</strong></span> <span class='ocrx_word' id='word_1_100' title='bbox 555 1208 711 1247; x_wconf 87' lang='lat' dir='ltr'><strong>fabulas</strong></span> <span class='ocrx_word' id='word_1_101' title='bbox 748 1207 846 1246; x_wconf 89' lang='lat' dir='ltr'><strong>nihil</strong></span> <span class='ocrx_word' id='word_1_102' title='bbox 875 1208 1053 1246; x_wconf 85' lang='lat' dir='ltr'><strong>exstabat</strong></span> <span class='ocrx_word' id='word_1_103' title='bbox 1083 1207 1243 1257; x_wconf 79' lang='lat' dir='ltr'><strong>elegans</strong></span> <span class='ocrx_word' id='word_1_104' title='bbox 1275 1212 1311 1246; x_wconf 89' lang='lat' dir='ltr'><strong>et</strong></span> <span class='ocrx_word' id='word_1_105' title='bbox 1340 1206 1530 1255; x_wconf 88' lang='lat' dir='ltr'><strong>facetum,</strong></span> <span class='ocrx_word' id='word_1_106' title='bbox 1568 1207 1665 1246; x_wconf 89' lang='lat' dir='ltr'><strong>nihil</strong></span> 
     </span>
     <span class='ocr_line' id='line_1_16' title="bbox 276 1274 1665 1326; baseline -0.003 -8"><span class='ocrx_word' id='word_1_107' title='bbox 276 1277 474 1318; x_wconf 89' lang='lat' dir='ltr'><strong>sententiis</strong></span> <span class='ocrx_word' id='word_1_108' title='bbox 503 1281 540 1315; x_wconf 92' lang='lat' dir='ltr'><strong>et</strong></span> <span class='ocrx_word' id='word_1_109' title='bbox 567 1275 696 1315; x_wconf 86' lang='lat' dir='ltr'><strong>verbis</strong></span> <span class='ocrx_word' id='word_1_110' title='bbox 727 1274 883 1324; x_wconf 89' lang='lat' dir='ltr'><strong>dignum</strong></span> <span class='ocrx_word' id='word_1_111' title='bbox 911 1274 1044 1326; x_wconf 89' lang='lat' dir='ltr'><strong>politis</strong></span> <span class='ocrx_word' id='word_1_112' title='bbox 1075 1274 1251 1321; x_wconf 88' lang='lat' dir='ltr'><strong>auribus,</strong></span> <span class='ocrx_word' id='word_1_113' title='bbox 1282 1274 1378 1312; x_wconf 89' lang='lat' dir='ltr'><strong>nihil</strong></span> <span class='ocrx_word' id='word_1_114' title='bbox 1409 1274 1512 1325; x_wconf 87' lang='lat' dir='ltr'><strong>quod</strong></span> <span class='ocrx_word' id='word_1_115' title='bbox 1542 1275 1665 1314; x_wconf 88' lang='lat' dir='ltr'><strong>Grae-</strong></span> 
     </span>
     <span class='ocr_line' id='line_1_17' title="bbox 277 1340 1666 1393; baseline -0.002 -9"><span class='ocrx_word' id='word_1_116' title='bbox 277 1357 410 1384; x_wconf 90' lang='lat' dir='ltr'><strong>corum</strong></span> <span class='ocrx_word' id='word_1_117' title='bbox 447 1344 675 1383; x_wconf 84' lang='lat' dir='ltr'><strong>suavitatem</strong></span> <span class='ocrx_word' id='word_1_118' title='bbox 704 1341 889 1390; x_wconf 81' lang='lat' dir='ltr'><strong>referret,</strong></span> <span class='ocrx_word' id='word_1_119' title='bbox 932 1354 956 1380; x_wconf 89' lang='lat' dir='ltr'><strong>a</strong></span> <span class='ocrx_word' id='word_1_120' title='bbox 986 1341 1123 1393; x_wconf 88' lang='lat' dir='ltr'><strong>quibus</strong></span> <span class='ocrx_word' id='word_1_121' title='bbox 1162 1340 1257 1379; x_wconf 91' lang='lat' dir='ltr'><strong>solis</strong></span> <span class='ocrx_word' id='word_1_122' title='bbox 1288 1341 1417 1379; x_wconf 91' lang='lat' dir='ltr'><strong>omnia</strong></span> <span class='ocrx_word' id='word_1_123' title='bbox 1446 1341 1595 1380; x_wconf 89' lang='lat' dir='ltr'><strong>dicendi</strong></span> <span class='ocrx_word' id='word_1_124' title='bbox 1629 1348 1666 1382; x_wconf 90' lang='lat' dir='ltr'><strong>et</strong></span> 
     </span>
     <span class='ocr_line' id='line_1_18' title="bbox 275 1407 1666 1460; baseline -0.002 -10"><span class='ocrx_word' id='word_1_125' title='bbox 275 1410 471 1451; x_wconf 88' lang='lat' dir='ltr'><strong>scribendi</strong></span> <span class='ocrx_word' id='word_1_126' title='bbox 509 1409 687 1460; x_wconf 85' lang='lat' dir='ltr'><strong>exempla</strong></span> <span class='ocrx_word' id='word_1_127' title='bbox 726 1409 988 1447; x_wconf 83' lang='lat' dir='ltr'><strong>sumebantur.</strong></span> <span class='ocrx_word' id='word_1_128' title='bbox 1048 1407 1213 1447; x_wconf 80' lang='lat' dir='ltr'><strong>Carmen</strong></span> <span class='ocrx_word' id='word_1_129' title='bbox 1250 1408 1398 1459; x_wconf 88' lang='lat' dir='ltr'><strong>epicum</strong></span> <span class='ocrx_word' id='word_1_130' title='bbox 1434 1409 1531 1446; x_wconf 91' lang='lat' dir='ltr'><strong>nihil</strong></span> <span class='ocrx_word' id='word_1_131' title='bbox 1569 1414 1666 1456; x_wconf 88' lang='lat' dir='ltr'><strong>erat,</strong></span> 
     </span>
     <span class='ocr_line' id='line_1_19' title="bbox 276 1474 1667 1526; baseline -0.002 -9"><span class='ocrx_word' id='word_1_132' title='bbox 276 1479 352 1517; x_wconf 89' lang='lat' dir='ltr'><strong>nisi</strong></span> <span class='ocrx_word' id='word_1_133' title='bbox 387 1477 519 1516; x_wconf 88' lang='lat' dir='ltr'><strong>ieiuna</strong></span> <span class='ocrx_word' id='word_1_134' title='bbox 555 1476 603 1515; x_wconf 98' lang='grc'><strong>(16</strong></span> <span class='ocrx_word' id='word_1_135' title='bbox 640 1475 756 1514; x_wconf 89' lang='lat' dir='ltr'><strong>bellis</strong></span> <span class='ocrx_word' id='word_1_136' title='bbox 794 1479 830 1513; x_wconf 90' lang='lat' dir='ltr'><strong>et</strong></span> <span class='ocrx_word' id='word_1_137' title='bbox 867 1474 1030 1526; x_wconf 86' lang='lat' dir='ltr'><strong>praeliis</strong></span> <span class='ocrx_word' id='word_1_138' title='bbox 1068 1474 1325 1521; x_wconf 82' lang='lat' dir='ltr'><strong>versificati03</strong></span> <span class='ocrx_word' id='word_1_139' title='bbox 1367 1474 1574 1524; x_wconf 84' lang='lat' dir='ltr'><strong>tragoedia</strong></span> <span class='ocrx_word' id='word_1_140' title='bbox 1610 1476 1667 1514; x_wconf 89' lang='lat' dir='ltr'><strong>ita</strong></span> 
     </span>
     <span class='ocr_line' id='line_1_20' title="bbox 276 1541 1665 1594; baseline -0.001 -10"><span class='ocrx_word' id='word_1_141' title='bbox 276 1546 465 1585; x_wconf 88' lang='lat' dir='ltr'><strong>duntaxat</strong></span> <span class='ocrx_word' id='word_1_142' title='bbox 494 1543 541 1582; x_wconf 89' lang='lat' dir='ltr'><strong>de</strong></span> <span class='ocrx_word' id='word_1_143' title='bbox 567 1543 726 1583; x_wconf 90' lang='lat' dir='ltr'><strong>Graecis</strong></span> <span class='ocrx_word' id='word_1_144' title='bbox 759 1553 963 1594; x_wconf 85' lang='lat' dir='ltr'><strong>expressa,</strong></span> <span class='ocrx_word' id='word_1_145' title='bbox 991 1546 1032 1580; x_wconf 86' lang='lat' dir='ltr'><strong>ut</strong></span> <span class='ocrx_word' id='word_1_146' title='bbox 1061 1541 1164 1593; x_wconf 89' lang='lat' dir='ltr'><strong>quod</strong></span> <span class='ocrx_word' id='word_1_147' title='bbox 1191 1542 1232 1580; x_wconf 91' lang='lat' dir='ltr'><strong>hi</strong></span> <span class='ocrx_word' id='word_1_148' title='bbox 1255 1553 1378 1592; x_wconf 74' lang='lat' dir='ltr'><strong>grave</strong></span> <span class='ocrx_word' id='word_1_149' title='bbox 1405 1546 1441 1580; x_wconf 91' lang='lat' dir='ltr'><strong>et</strong></span> <span class='ocrx_word' id='word_1_150' title='bbox 1461 1542 1665 1582; x_wconf 83' lang='lat' dir='ltr'><strong>vehemens</strong></span> 
     </span>
     <span class='ocr_line' id='line_1_21' title="bbox 274 1608 1664 1662; baseline -0.004 -9"><span class='ocrx_word' id='word_1_151' title='bbox 274 1613 463 1653; x_wconf 90' lang='lat' dir='ltr'><strong>haberent</strong></span> <span class='ocrx_word' id='word_1_152' title='bbox 501 1610 604 1662; x_wconf 85' lang='lat' dir='ltr'><strong>apud</strong></span> <span class='ocrx_word' id='word_1_153' title='bbox 640 1610 836 1650; x_wconf 89' lang='lat' dir='ltr'><strong>Romanos</strong></span> <span class='ocrx_word' id='word_1_154' title='bbox 880 1608 1080 1648; x_wconf 88' lang='lat' dir='ltr'><strong>horridum</strong></span> <span class='ocrx_word' id='word_1_155' title='bbox 1117 1612 1219 1647; x_wconf 88' lang='lat' dir='ltr'><strong>esset</strong></span> <span class='ocrx_word' id='word_1_156' title='bbox 1255 1613 1292 1647; x_wconf 91' lang='lat' dir='ltr'><strong>et</strong></span> <span class='ocrx_word' id='word_1_157' title='bbox 1326 1620 1505 1660; x_wconf 88' lang='lat' dir='ltr'><strong>asperum</strong></span> <span class='ocrx_word' id='word_1_158' title='bbox 1518 1623 1528 1656; x_wconf 91' lang='lat'>;</span> <span class='ocrx_word' id='word_1_159' title='bbox 1573 1621 1664 1648; x_wconf 88' lang='lat' dir='ltr'><strong>ora-</strong></span> 
     </span>
     <span class='ocr_line' id='line_1_22' title="bbox 276 1675 1665 1730; baseline -0.002 -11"><span class='ocrx_word' id='word_1_160' title='bbox 276 1685 380 1719; x_wconf 87' lang='lat' dir='ltr'><strong>tores</strong></span> <span class='ocrx_word' id='word_1_161' title='bbox 420 1677 576 1730; x_wconf 86' lang='lat' dir='ltr'><strong>quidam</strong></span> <span class='ocrx_word' id='word_1_162' title='bbox 612 1676 853 1723; x_wconf 86' lang='lat' dir='ltr'><strong>laudabiles,</strong></span> <span class='ocrx_word' id='word_1_163' title='bbox 890 1675 959 1715; x_wconf 91' lang='lat' dir='ltr'><strong>sed</strong></span> <span class='ocrx_word' id='word_1_164' title='bbox 1000 1676 1117 1714; x_wconf 90' lang='lat' dir='ltr'><strong>nullis</strong></span> <span class='ocrx_word' id='word_1_165' title='bbox 1155 1675 1308 1727; x_wconf 89' lang='lat' dir='ltr'><strong>scriptis</strong></span> <span class='ocrx_word' id='word_1_166' title='bbox 1347 1675 1450 1727; x_wconf 86' lang='lat' dir='ltr'><strong>apud</strong></span> <span class='ocrx_word' id='word_1_167' title='bbox 1485 1681 1665 1728; x_wconf 87' lang='lat' dir='ltr'><strong>posteros</strong></span> 
     </span>
     <span class='ocr_line' id='line_1_23' title="bbox 276 1742 1665 1795; baseline -0.002 -9"><span class='ocrx_word' id='word_1_168' title='bbox 276 1747 393 1793; x_wconf 91' lang='lat' dir='ltr'><strong>clari;</strong></span> <span class='ocrx_word' id='word_1_169' title='bbox 422 1744 610 1784; x_wconf 84' lang='lat' dir='ltr'><strong>historiae</strong></span> <span class='ocrx_word' id='word_1_170' title='bbox 636 1743 794 1795; x_wconf 89' lang='lat' dir='ltr'><strong>scriptio</strong></span> <span class='ocrx_word' id='word_1_171' title='bbox 818 1742 938 1782; x_wconf 89' lang='lat' dir='ltr'><strong>nulla.</strong></span> <span class='ocrx_word' id='word_1_172' title='bbox 984 1743 1063 1783; x_wconf 87' lang='lat' dir='ltr'><strong>Sed</strong></span> <span class='ocrx_word' id='word_1_173' title='bbox 1089 1743 1278 1782; x_wconf 81' lang='lat' dir='ltr'><strong>Cicerone</strong></span> <span class='ocrx_word' id='word_1_174' title='bbox 1306 1742 1553 1782; x_wconf 88' lang='lat' dir='ltr'><strong>adolescente</strong></span> <span class='ocrx_word' id='word_1_175' title='bbox 1577 1743 1665 1783; x_wconf 88' lang='lat' dir='ltr'><strong>lite-</strong></span> 
     </span>
     <span class='ocr_line' id='line_1_24' title="bbox 275 1809 1664 1861; baseline -0.001 -9"><span class='ocrx_word' id='word_1_176' title='bbox 275 1824 407 1852; x_wconf 88' lang='lat' dir='ltr'><strong>rarum</strong></span> <span class='ocrx_word' id='word_1_177' title='bbox 432 1812 669 1851; x_wconf 88' lang='lat' dir='ltr'><strong>Graecarum</strong></span> <span class='ocrx_word' id='word_1_178' title='bbox 699 1809 870 1860; x_wconf 85' lang='lat' dir='ltr'><strong>cognitio</strong></span> <span class='ocrx_word' id='word_1_179' title='bbox 901 1822 970 1861; x_wconf 89' lang='lat' dir='ltr'><strong>per</strong></span> <span class='ocrx_word' id='word_1_180' title='bbox 995 1810 1204 1859; x_wconf 87' lang='lat' dir='ltr'><strong>magistros</strong></span> <span class='ocrx_word' id='word_1_181' title='bbox 1222 1810 1383 1849; x_wconf 87' lang='lat' dir='ltr'><strong>Romam</strong></span> <span class='ocrx_word' id='word_1_182' title='bbox 1409 1816 1664 1850; x_wconf 86' lang='lat' dir='ltr'><strong>commeantes</strong></span> 
     </span>
     <span class='ocr_line' id='line_1_25' title="bbox 277 1876 1664 1928; baseline -0.003 -8"><span class='ocrx_word' id='word_1_183' title='bbox 277 1885 314 1921; x_wconf 90' lang='lat' dir='ltr'><strong>et</strong></span> <span class='ocrx_word' id='word_1_184' title='bbox 342 1879 544 1919; x_wconf 89' lang='lat' dir='ltr'><strong>itineribus</strong></span> <span class='ocrx_word' id='word_1_185' title='bbox 568 1877 856 1916; x_wconf 87' lang='lat' dir='ltr'><strong>adolescentum</strong></span> <span class='ocrx_word' id='word_1_186' title='bbox 882 1876 1176 1928; x_wconf 86' lang='lat' dir='ltr'><strong>publicanorum</strong></span> <span class='ocrx_word' id='word_1_187' title='bbox 1205 1877 1501 1926; x_wconf 84' lang='lat' dir='ltr'><strong>magistratuum</strong></span> <span class='ocrx_word' id='word_1_188' title='bbox 1531 1889 1578 1916; x_wconf 92' lang='lat' dir='ltr'><strong>ea</strong></span> <span class='ocrx_word' id='word_1_189' title='bbox 1603 1879 1664 1916; x_wconf 91' lang='lat' dir='ltr'><strong>in-</strong></span> 
     </span>
     <span class='ocr_line' id='line_1_26' title="bbox 276 1943 1664 1997; baseline -0.002 -10"><span class='ocrx_word' id='word_1_190' title='bbox 276 1951 471 1987; x_wconf 90' lang='lat' dir='ltr'><strong>crementa</strong></span> <span class='ocrx_word' id='word_1_191' title='bbox 514 1945 637 1997; x_wconf 86' lang='lat' dir='ltr'><strong>cepit,</strong></span> <span class='ocrx_word' id='word_1_192' title='bbox 681 1949 740 1991; x_wconf 91' lang='lat' dir='ltr'><strong>ut,</strong></span> <span class='ocrx_word' id='word_1_193' title='bbox 786 1955 869 1983; x_wconf 90' lang='lat' dir='ltr'><strong>cum</strong></span> <span class='ocrx_word' id='word_1_194' title='bbox 905 1943 1018 1983; x_wconf 91' lang='lat' dir='ltr'><strong>Molo</strong></span> <span class='ocrx_word' id='word_1_195' title='bbox 1059 1943 1231 1983; x_wconf 86' lang='lat' dir='ltr'><strong>Rhodius</strong></span> <span class='ocrx_word' id='word_1_196' title='bbox 1277 1943 1323 1982; x_wconf 93' lang='lat' dir='ltr'><strong>de</strong></span> <span class='ocrx_word' id='word_1_197' title='bbox 1362 1945 1527 1984; x_wconf 65' lang='lat' dir='ltr'><strong>civitatis</strong></span> <span class='ocrx_word' id='word_1_198' title='bbox 1569 1957 1664 1984; x_wconf 89' lang='lat' dir='ltr'><strong>suae</strong></span> 
     </span>
     <span class='ocr_line' id='line_1_27' title="bbox 274 2010 1663 2066; baseline -0.001 -13"><span class='ocrx_word' id='word_1_199' title='bbox 274 2014 458 2066; x_wconf 88' lang='lat' dir='ltr'><strong>praemiis</strong></span> <span class='ocrx_word' id='word_1_200' title='bbox 489 2012 604 2053; x_wconf 88' lang='lat' dir='ltr'><strong>Sulla</strong></span> <span class='ocrx_word' id='word_1_201' title='bbox 633 2011 822 2050; x_wconf 88' lang='lat' dir='ltr'><strong>dictatore</strong></span> <span class='ocrx_word' id='word_1_202' title='bbox 857 2010 986 2050; x_wconf 88' lang='lat' dir='ltr'><strong>dicens</strong></span> <span class='ocrx_word' id='word_1_203' title='bbox 1015 2011 1161 2062; x_wconf 90' lang='lat' dir='ltr'><strong>primus</strong></span> <span class='ocrx_word' id='word_1_204' title='bbox 1198 2011 1236 2049; x_wconf 92' lang='lat' dir='ltr'><strong>in</strong></span> <span class='ocrx_word' id='word_1_205' title='bbox 1268 2017 1404 2050; x_wconf 88' lang='lat' dir='ltr'><strong>senatu</strong></span> <span class='ocrx_word' id='word_1_206' title='bbox 1431 2012 1514 2051; x_wconf 85' lang='lat' dir='ltr'><strong>sine</strong></span> <span class='ocrx_word' id='word_1_207' title='bbox 1543 2013 1663 2051; x_wconf 91' lang='lat' dir='ltr'><strong>inter-</strong></span> 
     </span>
     <span class='ocr_line' id='line_1_28' title="bbox 274 2074 1663 2133; baseline -0.001 -13"><span class='ocrx_word' id='word_1_208' title='bbox 274 2086 385 2133; x_wconf 87' lang='lat' dir='ltr'><strong>prete</strong></span> <span class='ocrx_word' id='word_1_209' title='bbox 422 2084 523 2119; x_wconf 89' lang='lat' dir='ltr'><strong>esset</strong></span> <span class='ocrx_word' id='word_1_210' title='bbox 558 2077 710 2117; x_wconf 89' lang='lat' dir='ltr'><strong>auditus</strong></span> <span class='ocrx_word' id='word_1_211' title='bbox 739 2074 826 2127; x_wconf 73' lang='lat'><strong>(⁶⁰),</strong></span> <span class='ocrx_word' id='word_1_212' title='bbox 863 2090 953 2116; x_wconf 84' lang='lat' dir='ltr'><strong>mox</strong></span> <span class='ocrx_word' id='word_1_213' title='bbox 987 2078 1167 2117; x_wconf 88' lang='lat' dir='ltr'><strong>horridus</strong></span> <span class='ocrx_word' id='word_1_214' title='bbox 1197 2078 1393 2118; x_wconf 73' lang='lat' dir='ltr'><strong>videretur</strong></span> <span class='ocrx_word' id='word_1_215' title='bbox 1431 2084 1468 2117; x_wconf 92' lang='lat' dir='ltr'><strong>et</strong></span> <span class='ocrx_word' id='word_1_216' title='bbox 1505 2092 1529 2117; x_wconf 90' lang='lat' dir='ltr'><strong>a</strong></span> <span class='ocrx_word' id='word_1_217' title='bbox 1559 2091 1663 2119; x_wconf 88' lang='lat' dir='ltr'><strong>com-</strong></span> 
     </span>
     <span class='ocr_line' id='line_1_29' title="bbox 275 2144 1663 2195; baseline -0.001 -9"><span class='ocrx_word' id='word_1_218' title='bbox 275 2148 379 2186; x_wconf 90' lang='lat' dir='ltr'><strong>muni</strong></span> <span class='ocrx_word' id='word_1_219' title='bbox 410 2146 647 2185; x_wconf 84' lang='lat' dir='ltr'><strong>humanitate</strong></span> <span class='ocrx_word' id='word_1_220' title='bbox 676 2144 862 2182; x_wconf 87' lang='lat' dir='ltr'><strong>remotior</strong></span> <span class='ocrx_word' id='word_1_221' title='bbox 891 2145 957 2195; x_wconf 90' lang='lat' dir='ltr'><strong>qui</strong></span> <span class='ocrx_word' id='word_1_222' title='bbox 989 2145 1140 2183; x_wconf 87' lang='lat' dir='ltr'><strong>Graeca</strong></span> <span class='ocrx_word' id='word_1_223' title='bbox 1167 2145 1305 2195; x_wconf 85' lang='lat' dir='ltr'><strong>lingua</strong></span> <span class='ocrx_word' id='word_1_224' title='bbox 1332 2158 1408 2184; x_wconf 92' lang='lat' dir='ltr'><strong>non</strong></span> <span class='ocrx_word' id='word_1_225' title='bbox 1438 2151 1515 2184; x_wconf 86' lang='lat' dir='ltr'><strong>tam</strong></span> <span class='ocrx_word' id='word_1_226' title='bbox 1544 2146 1663 2185; x_wconf 88' lang='lat' dir='ltr'><strong>facile</strong></span> 
     </span>
     <span class='ocr_line' id='line_1_30' title="bbox 276 2211 1665 2266; baseline -0.001 -13"><span class='ocrx_word' id='word_1_227' title='bbox 276 2227 392 2266; x_wconf 86' lang='lat' dir='ltr'><strong>qnam</strong></span> <span class='ocrx_word' id='word_1_228' title='bbox 422 2212 634 2252; x_wconf 87' lang='lat' dir='ltr'><strong>domestica</strong></span> <span class='ocrx_word' id='word_1_229' title='bbox 661 2216 697 2249; x_wconf 91' lang='lat' dir='ltr'><strong>et</strong></span> <span class='ocrx_word' id='word_1_230' title='bbox 725 2211 909 2263; x_wconf 86' lang='lat' dir='ltr'><strong>populari</strong></span> <span class='ocrx_word' id='word_1_231' title='bbox 936 2216 1120 2251; x_wconf 89' lang='lat' dir='ltr'><strong>uteretur.</strong></span> <span class='ocrx_word' id='word_1_232' title='bbox 1179 2212 1306 2251; x_wconf 86' lang='lat' dir='ltr'><strong>Tanta</strong></span> <span class='ocrx_word' id='word_1_233' title='bbox 1337 2217 1463 2251; x_wconf 87' lang='lat' dir='ltr'><strong>autem</strong></span> <span class='ocrx_word' id='word_1_234' title='bbox 1491 2213 1576 2252; x_wconf 81' lang='lat' dir='ltr'><strong>visa</strong></span> <span class='ocrx_word' id='word_1_235' title='bbox 1607 2218 1665 2252; x_wconf 89' lang='lat' dir='ltr'><strong>est</strong></span> 
     </span>
     <span class='ocr_line' id='line_1_31' title="bbox 279 2279 1664 2331; baseline -0.001 -10"><span class='ocrx_word' id='word_1_236' title='bbox 279 2282 517 2322; x_wconf 85' lang='lat' dir='ltr'><strong>Graecorum</strong></span> <span class='ocrx_word' id='word_1_237' title='bbox 553 2279 743 2318; x_wconf 88' lang='lat' dir='ltr'><strong>librorum</strong></span> <span class='ocrx_word' id='word_1_238' title='bbox 785 2280 1027 2330; x_wconf 84' lang='lat' dir='ltr'><strong>praestantia</strong></span> <span class='ocrx_word' id='word_1_239' title='bbox 1060 2284 1245 2330; x_wconf 87' lang='lat' dir='ltr'><strong>tantaque</strong></span> <span class='ocrx_word' id='word_1_240' title='bbox 1287 2279 1518 2331; x_wconf 87' lang='lat' dir='ltr'><strong>optimorum</strong></span> <span class='ocrx_word' id='word_1_241' title='bbox 1559 2280 1664 2331; x_wconf 86' lang='lat' dir='ltr'><strong>apud</strong></span> 
     </span>
     <span class='ocr_line' id='line_1_32' title="bbox 278 2346 1663 2399; baseline -0.001 -12"><span class='ocrx_word' id='word_1_242' title='bbox 278 2360 345 2387; x_wconf 87' lang='lat' dir='ltr'><strong>eos</strong></span> <span class='ocrx_word' id='word_1_243' title='bbox 376 2348 640 2399; x_wconf 83' lang='lat' dir='ltr'><strong>exemplorum</strong></span> <span class='ocrx_word' id='word_1_244' title='bbox 673 2347 788 2398; x_wconf 87' lang='lat' dir='ltr'><strong>copia</strong></span> <span class='ocrx_word' id='word_1_245' title='bbox 816 2347 1092 2398; x_wconf 86' lang='lat' dir='ltr'><strong>quaerentibus</strong></span> <span class='ocrx_word' id='word_1_246' title='bbox 1123 2346 1420 2395; x_wconf 86' lang='lat' dir='ltr'><strong>ostendebatur,</strong></span> <span class='ocrx_word' id='word_1_247' title='bbox 1455 2351 1497 2385; x_wconf 89' lang='lat' dir='ltr'><strong>ut</strong></span> <span class='ocrx_word' id='word_1_248' title='bbox 1529 2347 1663 2385; x_wconf 90' lang='lat' dir='ltr'><strong>mirari</strong></span> 
     </span>
     <span class='ocr_line' id='line_1_33' title="bbox 277 2413 1662 2466; baseline -0.001 -12"><span class='ocrx_word' id='word_1_249' title='bbox 277 2415 386 2455; x_wconf 87' lang='lat' dir='ltr'><strong>nullo</strong></span> <span class='ocrx_word' id='word_1_250' title='bbox 424 2415 536 2454; x_wconf 86' lang='lat' dir='ltr'><strong>modo</strong></span> <span class='ocrx_word' id='word_1_251' title='bbox 573 2415 786 2466; x_wconf 87' lang='lat' dir='ltr'><strong>possimus,</strong></span> <span class='ocrx_word' id='word_1_252' title='bbox 823 2413 928 2466; x_wconf 85' lang='lat' dir='ltr'><strong>quod</strong></span> <span class='ocrx_word' id='word_1_253' title='bbox 958 2414 1123 2453; x_wconf 87' lang='lat' dir='ltr'><strong>Romani</strong></span> <span class='ocrx_word' id='word_1_254' title='bbox 1160 2415 1284 2464; x_wconf 87' lang='lat' dir='ltr'><strong>magis</strong></span> <span class='ocrx_word' id='word_1_255' title='bbox 1322 2413 1506 2453; x_wconf 89' lang='lat' dir='ltr'><strong>imitando</strong></span> <span class='ocrx_word' id='word_1_256' title='bbox 1547 2426 1662 2464; x_wconf 83' lang='lat' dir='ltr'><strong>quam</strong></span> 
     </span>
     <span class='ocr_line' id='line_1_34' title="bbox 277 2481 1662 2533; baseline 0 -13"><span class='ocrx_word' id='word_1_257' title='bbox 277 2481 505 2522; x_wconf 88' lang='lat' dir='ltr'><strong>inveniendo</strong></span> <span class='ocrx_word' id='word_1_258' title='bbox 536 2482 657 2523; x_wconf 82' lang='lat' dir='ltr'><strong>validi</strong></span> <span class='ocrx_word' id='word_1_259' title='bbox 684 2482 843 2521; x_wconf 89' lang='lat' dir='ltr'><strong>illorum</strong></span> <span class='ocrx_word' id='word_1_260' title='bbox 871 2481 1039 2531; x_wconf 81' lang='lat' dir='ltr'><strong>vestigia</strong></span> <span class='ocrx_word' id='word_1_261' title='bbox 1067 2492 1261 2533; x_wconf 87' lang='lat' dir='ltr'><strong>premere,</strong></span> <span class='ocrx_word' id='word_1_262' title='bbox 1301 2493 1417 2533; x_wconf 83' lang='lat' dir='ltr'><strong>quam</strong></span> <span class='ocrx_word' id='word_1_263' title='bbox 1445 2493 1554 2521; x_wconf 90' lang='lat' dir='ltr'><strong>suam</strong></span> <span class='ocrx_word' id='word_1_264' title='bbox 1588 2481 1662 2520; x_wconf 90' lang='lat' dir='ltr'><strong>sibi</strong></span> 
     </span>
    </p>
   </div>
   <div class='ocr_carea' id='block_1_6' title="bbox 277 2574 505 2580">
    <p class='ocr_par' dir='ltr' id='par_1_6' title="bbox 277 2574 505 2580">
     <span class='ocr_line' id='line_1_35' title="bbox 277 2574 505 2580; baseline 0 0"><span class='ocrx_word' id='word_1_265' title='bbox 277 2574 505 2580; x_wconf 95' lang='lat' dir='ltr'><strong> </strong></span> 
     </span>
    </p>
   </div>
   <div class='ocr_carea' id='block_1_7' title="bbox 282 2632 1660 2735">
    <p class='ocr_par' dir='ltr' id='par_1_7' title="bbox 282 2632 1660 2735">
     <span class='ocr_line' id='line_1_36' title="bbox 369 2632 1660 2681; baseline 0.001 -15"><span class='ocrx_word' id='word_1_266' title='bbox 369 2632 430 2676; x_wconf 78' lang='lat'><strong>60)</strong></span> <span class='ocrx_word' id='word_1_267' title='bbox 458 2633 535 2665; x_wconf 81' lang='lat' dir='ltr'><strong>Val.</strong></span> <span class='ocrx_word' id='word_1_268' title='bbox 557 2633 657 2670; x_wconf 73' lang='lat' dir='ltr'><strong>Max.</strong></span> <span class='ocrx_word' id='word_1_269' title='bbox 685 2634 727 2669; x_wconf 90' lang='grc'><strong>11.</strong></span> <span class='ocrx_word' id='word_1_270' title='bbox 754 2635 795 2677; x_wconf 74' lang='lat'><strong>2,</strong></span> <span class='ocrx_word' id='word_1_271' title='bbox 820 2635 850 2668; x_wconf 86' lang='lat'><strong>3.</strong></span> <span class='ocrx_word' id='word_1_272' title='bbox 900 2634 1046 2680; x_wconf 78' lang='lat' dir='ltr'><strong>{guarus</strong></span> <span class='ocrx_word' id='word_1_273' title='bbox 1072 2634 1165 2668; x_wconf 82' lang='lat' dir='ltr'><strong>enim</strong></span> <span class='ocrx_word' id='word_1_274' title='bbox 1190 2632 1296 2668; x_wconf 85' lang='lat' dir='ltr'><strong>Molo</strong></span> <span class='ocrx_word' id='word_1_275' title='bbox 1331 2635 1475 2681; x_wconf 79' lang='lat' dir='ltr'><strong>linguae</strong></span> <span class='ocrx_word' id='word_1_276' title='bbox 1504 2635 1660 2669; x_wconf 82' lang='lat' dir='ltr'><strong>latinae:</strong></span> 
     </span>
     <span class='ocr_line' id='line_1_37' title="bbox 282 2689 1008 2735; baseline 0.006 -13"><span class='ocrx_word' id='word_1_277' title='bbox 282 2701 316 2725; x_wconf 87' lang='lat' dir='ltr'><strong>v.</strong></span> <span class='ocrx_word' id='word_1_278' title='bbox 341 2689 525 2735; x_wconf 76' lang='lat' dir='ltr'><strong>Spalding.</strong></span> <span class='ocrx_word' id='word_1_279' title='bbox 555 2691 599 2725; x_wconf 86' lang='lat' dir='ltr'><strong>ad</strong></span> <span class='ocrx_word' id='word_1_280' title='bbox 624 2691 772 2729; x_wconf 77' lang='lat' dir='ltr'><strong>Quintil.</strong></span> <span class='ocrx_word' id='word_1_281' title='bbox 798 2690 860 2727; x_wconf 85' lang='lat' dir='ltr'><strong>Vl.</strong></span> <span class='ocrx_word' id='word_1_282' title='bbox 889 2691 927 2734; x_wconf 93' lang='lat' dir='ltr'><strong>l,</strong></span> <span class='ocrx_word' id='word_1_283' title='bbox 957 2692 1008 2726; x_wconf 74' lang='lat'><strong>14.</strong></span> 
     </span>
    </p>
   </div>
   <div class='ocr_carea' id='block_1_8' title="bbox 1811 1301 1828 2166">
    <p class='ocr_par' dir='ltr' id='par_1_8' title="bbox 1811 1301 1828 2166">
     <span class='ocr_line' id='line_1_38' title="bbox 1811 1301 1828 2166; baseline 0 0"><span class='ocrx_word' id='word_1_284' title='bbox 1811 1301 1828 2166; x_wconf 95' lang='lat' dir='ltr'><strong> </strong></span> 
     </span>
    </p>
   </div>
   <div class='ocr_carea' id='block_1_9' title="bbox 1801 1301 1829 2392">
    <p class='ocr_par' dir='ltr' id='par_1_9' title="bbox 1801 1301 1829 2392">
     <span class='ocr_line' id='line_1_39' title="bbox 1801 1301 1829 2392; baseline 0 0"><span class='ocrx_word' id='word_1_285' title='bbox 1801 1301 1829 2392; x_wconf 95' lang='lat' dir='ltr'><strong> </strong></span> 
     </span>
    </p>
   </div>
   <div class='ocr_carea' id='block_1_10' title="bbox 1782 2508 1812 3126">
    <p class='ocr_par' dir='ltr' id='par_1_10' title="bbox 1782 2508 1812 3126">
     <span class='ocr_line' id='line_1_40' title="bbox 1782 2508 1812 3126; baseline 0 0"><span class='ocrx_word' id='word_1_286' title='bbox 1782 2508 1812 3126; x_wconf 95' lang='lat' dir='ltr'><strong> </strong></span> 
     </span>
    </p>
   </div>
  </div>
 </body>
</html>
