1835 3126
554 183 815 227 BRUTUS
855 183 975 227 CAP.
999 184 1073 260 Ν41.
1103 185 1172 228 42.
1427 185 1556 230 223

170 297 376 355 profectus
406 301 487 346 est,
519 309 598 351 quo
630 295 778 338 melior
805 302 917 339 esset
946 304 985 339 et
1015 297 1196 347 doctior3
1227 303 1267 340 et
1296 296 1390 338 iude
1420 302 1463 337 ut
1489 309 1557 338 re-

171 377 265 425 diit,
300 375 461 417 videtur
490 373 589 416 mihi
621 376 663 416 in
695 375 880 418 secunda
910 382 997 418 arte
1032 378 1186 432 primus
1217 388 1312 417 esso
1344 374 1558 425 maluisse,

168 466 290 509 quam
326 454 369 495 iu
397 455 530 509 prima
561 453 781 496 secundus.
843 460 962 510 atque
993 454 1101 496 haud
1134 456 1222 497 scio
1254 467 1307 496 an
1342 465 1418 509 par
1446 454 1559 508 prin-

169 531 329 588 cipibus
361 545 456 574 esse
493 533 716 588 potuisset:
761 532 836 575 sed
868 533 1046 575 sortasse
1076 533 1237 582 maluit,
1276 531 1318 574 id
1357 530 1465 587 quod
1495 536 1560 572 est

167 609 358 666 adeptus,
395 610 520 665 longe
553 613 750 661 omnium,
787 625 871 653 non
901 612 1085 654 eiusdem
1121 611 1242 653 modo
1275 611 1444 660 aetatis,
1483 608 1560 651 sed

168 701 311 730 eorum
350 690 493 740 etiam,
533 691 601 745 qui
642 689 834 739 fuissent,
875 692 917 731 in
954 691 1042 732 iure
1077 690 1189 732 civili
1227 702 1321 731 esse
1351 689 1558 744 princeps.

168 766 263 808 152.
300 765 378 809 Hic
404 766 572 817 Brutus,
604 767 698 809 Ain’
730 771 797 808 tu?
833 768 975 822 inquit.
1035 769 1212 809 etiamne
1244 766 1293 817 Q.
1322 765 1559 808 Scaevolae

168 842 357 887 Servium
397 852 581 888 nostrum
613 845 857 899 anteponis?
918 842 991 885 Sic
1024 845 1155 892 euim,
1196 845 1382 898 inquam,
1420 842 1561 892 Brute,

167 925 387 973 existumo,
425 923 527 963 iuris
558 921 694 964 civilis
724 934 919 975 magnum
948 934 1067 962 usum
1098 926 1138 962 et
1168 920 1274 976 apud
1307 919 1561 962 Scaevolam

166 1006 206 1042 et
236 999 340 1055 apud
372 999 521 1042 multos
551 999 701 1050 fuisse,
733 1006 861 1041 artem
891 1000 935 1040 in
962 998 1042 1041 hoc
1072 1012 1177 1041 uuo:
1214 999 1323 1054 quod
1351 1011 1560 1055 nunquam

165 1076 374 1119 effecisset
411 1078 541 1134 ipsius
578 1078 681 1120 iuris
719 1078 916 1128 scientia,
956 1078 1039 1119 nisi
1075 1090 1167 1119 eam
1204 1083 1423 1134 praeterea
1454 1076 1563 1118 didi-

164 1156 293 1197 cisset
333 1162 482 1206 artem,
529 1169 636 1212 quae
681 1156 849 1199 doceret
891 1168 978 1198 rem
1017 1157 1255 1198 universam
1293 1156 1474 1198 tribuere
1517 1156 1562 1196 in

163 1240 322 1290 partes,
352 1233 548 1277 latentem
571 1235 780 1291 explicare
806 1233 1057 1285 definiendo,
1089 1234 1309 1277 obscuram
1335 1234 1563 1290 explanare

163 1313 490 1369 interpretando,
516 1313 712 1368 ambigua
733 1315 907 1370 primum
927 1313 1091 1363 videre,
1120 1313 1267 1355 deinde
1291 1313 1564 1367 distinguere,

164 1397 372 1446 postremo
403 1391 560 1433 habere
582 1392 790 1446 regulam,
823 1405 905 1447 qua
933 1405 1036 1434 vera
1064 1398 1104 1434 et
1127 1391 1240 1433 falsa
1266 1391 1561 1440 iudicarentur,

166 1475 206 1510 et
236 1482 341 1524 quae
374 1468 521 1525 quibus
547 1471 770 1526 propositis
796 1476 936 1512 essent
967 1482 1154 1525 quaeque
1183 1483 1266 1512 non
1291 1475 1432 1512 essent
1461 1482 1565 1511 con·

165 1548 395 1603 sequentia.
469 1547 563 1589 153.
616 1547 684 1591 hic
729 1549 838 1591 enim
862 1548 1015 1591 ‘attulit
1055 1548 1164 1590 hanc
1209 1538 1338 1590 artem
1383 1549 1564 1590 omnium

166 1627 313 1668 artium
353 1639 585 1668 maxumam
627 1628 748 1682 quasi
777 1627 913 1669 lucem
951 1626 1004 1668 ad
1036 1639 1106 1676 ea,
1150 1639 1256 1681 quae
1296 1626 1468 1669 confuse
1507 1625 1562 1668 ab

167 1704 265 1747 aliis
297 1710 365 1747 aut
392 1704 749 1761 respondebantur
779 1711 848 1746 aut
878 1704 1121 1759 agebantur.

279 1781 409 1825 XLII.
441 1781 711 1826 Dialecticam
738 1781 845 1848 milii
862 1782 1019 1826 videris
1040 1782 1210 1839 dicere&
1231 1781 1374 1837 inquit.
1419 1780 1562 1833 Recte,

1046 1830 1151 1840 „nura-vv«,

253 1927 311 1954 152.
344 1928 535 1964 propositis]
556 1929 678 1963 positis.

255 2038 353 2075 XLI.
405 2040 478 2075 151.
529 2041 661 2078 dicere
679 2041 794 2086 m'lzz‘l]
815 2054 884 2077 om.
907 2042 1021 2077 Gu.l.
1036 2061 1081 2066 —
1105 2052 1222 2086 quem
1241 2040 1431 2084 dixerim]
1450 2051 1562 2084 quem

165 2107 284 2142 quam
308 2096 436 2131 Lamb.
462 2117 507 2122 —
539 2100 682 2142 omnis]
708 2100 760 2133 sic
782 2099 849 2145 Lg.
873 2099 906 2135 8.
933 2098 987 2132 39.
1011 2097 1066 2131 51.
1091 2098 1147 2133 56.
1174 2117 1216 2122 —
1249 2108 1330 2131 una
1354 2095 1561 2140 Rhodam]

164 2153 237 2186 inv.
263 2152 389 2187 Aldus.
412 2172 458 2179 —

260 2208 336 2242 152.
388 2208 591 2255 antbiyua]
613 2208 841 2254 ambianum
860 2208 916 2242 ed.
931 2219 984 2253 pr.
1003 2214 1038 2243 et
1057 2209 1174 2252 codd„
1191 2215 1230 2243 ut
1244 2208 1400 2250 videtur,
1422 2220 1561 2245 omnes.

165 2264 392 2305 Vocabulum
415 2272 519 2300 sueto
538 2266 628 2300 vitio
648 2266 828 2311 prioribus
849 2265 1157 2300 accommodatum
1177 2272 1241 2300 est.
1256 2284 1303 2293 ι-
1320 2267 1562 2312 propositis]

166 2321 217 2355 sic
242 2320 324 2354 libri
350 2326 385 2354 et
411 2322 465 2357 ed.
488 2333 563 2366 p1·.;
585 2324 734 2368 positis
758 2320 884 2365 Lamb.
911 2326 947 2355 et
971 2321 1053 2356 hinc
1077 2322 1311 2357 recentiores.
1359 2321 1563 2367 Utrumque

167 2383 203 2411 et
235 2377 281 2411 de
304 2377 411 2411 rebus
446 2378 491 2411 ad
519 2378 798 2423 disputationem
822 2377 972 2412 delectis
1005 2385 1040 2413 et
1071 2379 1116 2413 de
1140 2379 1344 2424 sumptione
1371 2378 1562 2413 dialectica

167 2434 236 2468 dici
262 2435 380 2468 lexica
405 2434 553 2475 docent3
578 2435 660 2469 libri
685 2435 791 2480 igitur
815 2434 1001 2480 sequendi.
1026 2455 1067 2460 —

260 2490 336 2524 153.
385 2492 633 2535 maxumam]
653 2494 892 2538 maqistram
913 2491 1004 2525 coni.
1018 2491 1124 2534 Sch.‚
1144 2491 1242 2536 quod
1262 2490 1450 2525 dialectica
1463 2491 1562 2525 dicta

166 2557 238 2580 non
263 2547 310 2580 sit
336 2551 484 2582 artium
503 2551 698 2584 maxima.
735 2548 811 2583 Sed
835 2551 1034 2594 mayz'stra
1056 2548 1153 2583 dicta
1169 2559 1242 2582 non
1264 2548 1376 2594 magis
1396 2553 1467 2590 est,
1493 2548 1560 2582 etsi

165 2602 397 2648 philosophia
421 2611 573 2640 vocatur
596 2608 793 2651 massis-tra
816 2606 933 2640 vitae.
986 2604 1234 2640 Mammam
1256 2604 1323 2651 Lg.
1344 2604 1377 2640 8.
1397 2605 1454 2639 51.
1474 2624 1519 2629 -

189 2684 194 2688 -
258 2658 371 2695 XLII.
423 2660 572 2704 (licere,
610 2663 754 2708 inquit]
789 2662 841 2697 sic
874 2661 953 2696 libri
985 2667 1130 2708 praeter
1161 2660 1229 2696 Gu.
1258 2662 1288 2696 1.
1320 2666 1357 2696 et
1388 2661 1446 2696 ed.
1481 2673 1558 2706 pr.;

164 2715 274 2761 longe
308 2716 381 2752 alia
410 2719 504 2754 ratio
535 2723 589 2754 est
618 2719 682 2763 32,
709 2719 807 2762 l23.;
841 2719 964 2765 itaque
1000 2718 1128 2754 iniuria
1150 2716 1327 2763 Meyerus
1357 2730 1379 2754 a
1409 2718 1557 2764 vulgato
