<?xml version="1.0" encoding="UTF-8"?>
<!DOCTYPE html PUBLIC "-//W3C//DTD XHTML 1.0 Transitional//EN"
    "http://www.w3.org/TR/xhtml1/DTD/xhtml1-transitional.dtd">
<html xmlns="http://www.w3.org/1999/xhtml" xml:lang="en" lang="en">
 <head>
  <title>
</title>
<meta http-equiv="Content-Type" content="text/html;charset=utf-8" />
  <meta name='ocr-system' content='tesseract 3.04.00' />
  <meta name='ocr-capabilities' content='ocr_page ocr_carea ocr_par ocr_line ocrx_word'/>
</head>
<body>
  <div class='ocr_page' id='page_1' title='image "./brutussivedeclar00ciceuoft/brutussivedeclar00ciceuoft_0264.png"; bbox 0 0 1835 3126; ppageno 0'>
   <div class='ocr_carea' id='block_1_1' title="bbox 269 156 1148 208">
    <p class='ocr_par' dir='ltr' id='par_1_1' title="bbox 269 156 1148 208">
     <span class='ocr_line' id='line_1_1' title="bbox 269 156 1148 208; baseline -0.008 0"><span class='ocrx_word' id='word_1_1' title='bbox 269 158 397 208; x_wconf 72' lang='lat'>244</span> <span class='ocrx_word' id='word_1_2' title='bbox 787 156 1148 201; x_wconf 81' lang='lat' dir='ltr'>CICERONIS</span> 
     </span>
    </p>
   </div>
   <div class='ocr_carea' id='block_1_2' title="bbox 273 266 1683 1875">
    <p class='ocr_par' dir='ltr' id='par_1_2' title="bbox 273 266 1678 1179">
     <span class='ocr_line' id='line_1_2' title="bbox 273 266 1665 323; baseline -0.004 -10"><span class='ocrx_word' id='word_1_3' title='bbox 273 272 346 313; x_wconf 90' lang='lat' dir='ltr'>ille</span> <span class='ocrx_word' id='word_1_4' title='bbox 377 282 460 311; x_wconf 91' lang='lat' dir='ltr'>non</span> <span class='ocrx_word' id='word_1_5' title='bbox 490 267 590 308; x_wconf 83' lang='lat' dir='ltr'>dixit</span> <span class='ocrx_word' id='word_1_6' title='bbox 619 266 668 307; x_wconf 86' lang='lat' dir='ltr'>de</span> <span class='ocrx_word' id='word_1_7' title='bbox 701 273 1038 311; x_wconf 80' lang='lat' dir='ltr'><strong>testamentorum</strong></span> <span class='ocrx_word' id='word_1_8' title='bbox 1067 271 1179 319; x_wconf 85' lang='lat' dir='ltr'>iure,</span> <span class='ocrx_word' id='word_1_9' title='bbox 1220 269 1269 310; x_wconf 91' lang='lat' dir='ltr'>de</span> <span class='ocrx_word' id='word_1_10' title='bbox 1302 268 1480 323; x_wconf 77' lang='lat' dir='ltr'>antiquis</span> <span class='ocrx_word' id='word_1_11' title='bbox 1512 267 1665 309; x_wconf 85' lang='lat' dir='ltr'>sormu-</span> 
     </span>
     <span class='ocr_line' id='line_1_3' title="bbox 274 344 1667 402; baseline -0.003 -12"><span class='ocrx_word' id='word_1_12' title='bbox 274 349 355 390; x_wconf 58' lang='lat' dir='ltr'>lis}</span> <span class='ocrx_word' id='word_1_13' title='bbox 416 358 534 402; x_wconf 88' lang='lat' dir='ltr'>quem</span> <span class='ocrx_word' id='word_1_14' title='bbox 574 344 625 386; x_wconf 87' lang='lat' dir='ltr'>ad</span> <span class='ocrx_word' id='word_1_15' title='bbox 664 344 827 386; x_wconf 90' lang='lat' dir='ltr'>modum</span> <span class='ocrx_word' id='word_1_16' title='bbox 873 345 1000 386; x_wconf 84' lang='lat' dir='ltr'>scribi</span> <span class='ocrx_word' id='word_1_17' title='bbox 1040 348 1307 400; x_wconf 79' lang='lat' dir='ltr'>oportuisset,</span> <span class='ocrx_word' id='word_1_18' title='bbox 1347 348 1382 387; x_wconf 91' lang='lat' dir='ltr'>si</span> <span class='ocrx_word' id='word_1_19' title='bbox 1420 347 1542 388; x_wconf 87' lang='lat' dir='ltr'>etiam</span> <span class='ocrx_word' id='word_1_20' title='bbox 1582 345 1667 386; x_wconf 87' lang='lat' dir='ltr'>filio</span> 
     </span>
     <span class='ocr_line' id='line_1_4' title="bbox 276 422 1667 479; baseline -0.001 -13"><span class='ocrx_word' id='word_1_21' title='bbox 276 438 356 467; x_wconf 91' lang='lat' dir='ltr'>non</span> <span class='ocrx_word' id='word_1_22' title='bbox 392 431 489 466; x_wconf 89' lang='lat' dir='ltr'>nato</span> <span class='ocrx_word' id='word_1_23' title='bbox 520 422 643 465; x_wconf 90' lang='lat' dir='ltr'>heres</span> <span class='ocrx_word' id='word_1_24' title='bbox 674 424 979 464; x_wconf 61' lang='lat' dir='ltr'>instituereturf}</span> <span class='ocrx_word' id='word_1_25' title='bbox 1031 422 1127 465; x_wconf 76' lang='lat'>196.</span> <span class='ocrx_word' id='word_1_26' title='bbox 1165 436 1285 477; x_wconf 88' lang='lat' dir='ltr'>quam</span> <span class='ocrx_word' id='word_1_27' title='bbox 1316 426 1539 479; x_wconf 90' lang='lat' dir='ltr'>captiosum</span> <span class='ocrx_word' id='word_1_28' title='bbox 1573 436 1667 465; x_wconf 91' lang='lat' dir='ltr'>esse</span> 
     </span>
     <span class='ocr_line' id='line_1_5' title="bbox 277 500 1669 559; baseline -0.001 -16"><span class='ocrx_word' id='word_1_29' title='bbox 277 502 427 559; x_wconf 88' lang='lat' dir='ltr'>populo</span> <span class='ocrx_word' id='word_1_30' title='bbox 470 501 577 556; x_wconf 85' lang='lat' dir='ltr'>quod</span> <span class='ocrx_word' id='word_1_31' title='bbox 622 503 814 557; x_wconf 89' lang='lat' dir='ltr'>scriptum</span> <span class='ocrx_word' id='word_1_32' title='bbox 855 506 966 542; x_wconf 91' lang='lat' dir='ltr'>esset</span> <span class='ocrx_word' id='word_1_33' title='bbox 1004 500 1172 554; x_wconf 75' lang='lat' dir='ltr'>neglegi</span> <span class='ocrx_word' id='word_1_34' title='bbox 1214 507 1252 541; x_wconf 88' lang='lat' dir='ltr'>et</span> <span class='ocrx_word' id='word_1_35' title='bbox 1294 502 1483 555; x_wconf 87' lang='lat' dir='ltr'>opinione</span> <span class='ocrx_word' id='word_1_36' title='bbox 1526 502 1669 556; x_wconf 88' lang='lat' dir='ltr'>quaeri</span> 
     </span>
     <span class='ocr_line' id='line_1_6' title="bbox 279 577 1671 634; baseline -0.002 -12"><span class='ocrx_word' id='word_1_37' title='bbox 279 580 513 622; x_wconf 83' lang='lat' dir='ltr'>voluntates</span> <span class='ocrx_word' id='word_1_38' title='bbox 544 586 583 621; x_wconf 88' lang='lat' dir='ltr'>et</span> <span class='ocrx_word' id='word_1_39' title='bbox 613 579 948 634; x_wconf 79' lang='lat' dir='ltr'>interpretatione</span> <span class='ocrx_word' id='word_1_40' title='bbox 984 577 1227 619; x_wconf 82' lang='lat' dir='ltr'>disertorum</span> <span class='ocrx_word' id='word_1_41' title='bbox 1252 578 1405 632; x_wconf 86' lang='lat' dir='ltr'>scripta.</span> <span class='ocrx_word' id='word_1_42' title='bbox 1427 579 1671 634; x_wconf 90' lang='lat' dir='ltr'>simplicium</span> 
     </span>
     <span class='ocr_line' id='line_1_7' title="bbox 281 655 1673 712; baseline -0.001 -13"><span class='ocrx_word' id='word_1_43' title='bbox 281 657 485 699; x_wconf 88' lang='lat' dir='ltr'>hominum</span> <span class='ocrx_word' id='word_1_44' title='bbox 525 661 787 712; x_wconf 61' lang='lat' dir='ltr'>pervertere?</span> <span class='ocrx_word' id='word_1_45' title='bbox 849 656 943 698; x_wconf 82' lang='lat'>197.</span> <span class='ocrx_word' id='word_1_46' title='bbox 986 669 1107 711; x_wconf 90' lang='lat' dir='ltr'>quam</span> <span class='ocrx_word' id='word_1_47' title='bbox 1145 655 1216 697; x_wconf 91' lang='lat' dir='ltr'>ille</span> <span class='ocrx_word' id='word_1_48' title='bbox 1257 655 1384 696; x_wconf 77' lang='lat' dir='ltr'>multa</span> <span class='ocrx_word' id='word_1_49' title='bbox 1415 655 1463 696; x_wconf 88' lang='lat' dir='ltr'>de</span> <span class='ocrx_word' id='word_1_50' title='bbox 1496 658 1673 698; x_wconf 88' lang='lat' dir='ltr'>auctori-</span> 
     </span>
     <span class='ocr_line' id='line_1_8' title="bbox 280 732 1673 790; baseline -0.001 -13"><span class='ocrx_word' id='word_1_51' title='bbox 280 742 364 777; x_wconf 89' lang='lat' dir='ltr'>tate</span> <span class='ocrx_word' id='word_1_52' title='bbox 410 736 537 790; x_wconf 89' lang='lat' dir='ltr'>patris</span> <span class='ocrx_word' id='word_1_53' title='bbox 583 736 669 784; x_wconf 80' lang='lat' dir='ltr'>sui,</span> <span class='ocrx_word' id='word_1_54' title='bbox 717 736 783 789; x_wconf 89' lang='lat' dir='ltr'>qui</span> <span class='ocrx_word' id='word_1_55' title='bbox 828 747 990 789; x_wconf 87' lang='lat' dir='ltr'>semper</span> <span class='ocrx_word' id='word_1_56' title='bbox 1028 736 1092 776; x_wconf 91' lang='lat' dir='ltr'>ius</span> <span class='ocrx_word' id='word_1_57' title='bbox 1130 733 1232 775; x_wconf 91' lang='lat' dir='ltr'>illud</span> <span class='ocrx_word' id='word_1_58' title='bbox 1272 746 1366 774; x_wconf 91' lang='lat' dir='ltr'>esse</span> <span class='ocrx_word' id='word_1_59' title='bbox 1406 732 1673 775; x_wconf 61' lang='lat' dir='ltr'>defenderat?</span> 
     </span>
     <span class='ocr_line' id='line_1_9' title="bbox 284 810 1674 869; baseline -0.002 -15"><span class='ocrx_word' id='word_1_60' title='bbox 284 826 405 869; x_wconf 87' lang='lat' dir='ltr'>quam</span> <span class='ocrx_word' id='word_1_61' title='bbox 450 813 614 854; x_wconf 89' lang='lat' dir='ltr'>omnino</span> <span class='ocrx_word' id='word_1_62' title='bbox 661 811 790 853; x_wconf 84' lang='lat' dir='ltr'>multa</span> <span class='ocrx_word' id='word_1_63' title='bbox 826 812 876 854; x_wconf 90' lang='lat' dir='ltr'>de</span> <span class='ocrx_word' id='word_1_64' title='bbox 913 811 1199 854; x_wconf 82' lang='lat' dir='ltr'>conservando</span> <span class='ocrx_word' id='word_1_65' title='bbox 1240 812 1328 852; x_wconf 92' lang='lat' dir='ltr'>iure</span> <span class='ocrx_word' id='word_1_66' title='bbox 1366 810 1477 852; x_wconf 86' lang='lat' dir='ltr'>civili</span> <span class='ocrx_word' id='word_1_67' title='bbox 1495 814 1511 852; x_wconf 70' lang='grc' dir='ltr'>’Ξ</span> <span class='ocrx_word' id='word_1_68' title='bbox 1571 823 1674 866; x_wconf 88' lang='lat' dir='ltr'>quae</span> 
     </span>
     <span class='ocr_line' id='line_1_10' title="bbox 285 887 1678 947; baseline -0.003 -14"><span class='ocrx_word' id='word_1_69' title='bbox 285 891 447 947; x_wconf 87' lang='lat' dir='ltr'>quidem</span> <span class='ocrx_word' id='word_1_70' title='bbox 486 891 625 932; x_wconf 87' lang='lat' dir='ltr'>onmia</span> <span class='ocrx_word' id='word_1_71' title='bbox 669 903 759 931; x_wconf 91' lang='lat' dir='ltr'>cum</span> <span class='ocrx_word' id='word_1_72' title='bbox 803 891 932 945; x_wconf 86' lang='lat' dir='ltr'>perite</span> <span class='ocrx_word' id='word_1_73' title='bbox 978 896 1017 931; x_wconf 86' lang='lat' dir='ltr'>et</span> <span class='ocrx_word' id='word_1_74' title='bbox 1054 891 1234 931; x_wconf 81' lang='lat' dir='ltr'>scienter</span> <span class='ocrx_word' id='word_1_75' title='bbox 1276 896 1358 930; x_wconf 83' lang='lat' dir='ltr'>turn</span> <span class='ocrx_word' id='word_1_76' title='bbox 1403 889 1461 929; x_wconf 86' lang='lat' dir='ltr'>ita</span> <span class='ocrx_word' id='word_1_77' title='bbox 1497 887 1678 930; x_wconf 82' lang='lat' dir='ltr'>breviter</span> 
     </span>
     <span class='ocr_line' id='line_1_11' title="bbox 288 966 1678 1024; baseline -0.002 -14"><span class='ocrx_word' id='word_1_78' title='bbox 288 976 327 1011; x_wconf 89' lang='lat' dir='ltr'>et</span> <span class='ocrx_word' id='word_1_79' title='bbox 367 981 511 1024; x_wconf 89' lang='lat' dir='ltr'>presse</span> <span class='ocrx_word' id='word_1_80' title='bbox 560 974 600 1009; x_wconf 86' lang='lat' dir='ltr'>et</span> <span class='ocrx_word' id='word_1_81' title='bbox 635 969 737 1009; x_wconf 89' lang='lat' dir='ltr'>satis</span> <span class='ocrx_word' id='word_1_82' title='bbox 779 974 922 1009; x_wconf 87' lang='lat' dir='ltr'>ornate</span> <span class='ocrx_word' id='word_1_83' title='bbox 965 974 1004 1008; x_wconf 93' lang='lat' dir='ltr'>et</span> <span class='ocrx_word' id='word_1_84' title='bbox 1039 967 1331 1022; x_wconf 77' lang='lat' dir='ltr'>pereleganter</span> <span class='ocrx_word' id='word_1_85' title='bbox 1371 966 1544 1016; x_wconf 86' lang='lat' dir='ltr'>diceret,</span> <span class='ocrx_word' id='word_1_86' title='bbox 1587 968 1678 1021; x_wconf 91' lang='lat' dir='ltr'>quis</span> 
     </span>
     <span class='ocr_line' id='line_1_12' title="bbox 288 1044 1677 1101; baseline -0.001 -13"><span class='ocrx_word' id='word_1_87' title='bbox 288 1053 401 1088; x_wconf 85' lang='lat' dir='ltr'>esset</span> <span class='ocrx_word' id='word_1_88' title='bbox 434 1047 476 1087; x_wconf 94' lang='lat' dir='ltr'>in</span> <span class='ocrx_word' id='word_1_89' title='bbox 505 1045 675 1101; x_wconf 88' lang='lat' dir='ltr'>populo,</span> <span class='ocrx_word' id='word_1_90' title='bbox 706 1046 775 1100; x_wconf 89' lang='lat' dir='ltr'>qui</span> <span class='ocrx_word' id='word_1_91' title='bbox 807 1052 876 1087; x_wconf 87' lang='lat' dir='ltr'>aut</span> <span class='ocrx_word' id='word_1_92' title='bbox 904 1051 1162 1100; x_wconf 83' lang='lat' dir='ltr'>exspectaret</span> <span class='ocrx_word' id='word_1_93' title='bbox 1197 1051 1264 1086; x_wconf 88' lang='lat' dir='ltr'>aut</span> <span class='ocrx_word' id='word_1_94' title='bbox 1293 1044 1381 1085; x_wconf 89' lang='lat' dir='ltr'>fieri</span> <span class='ocrx_word' id='word_1_95' title='bbox 1412 1057 1536 1100; x_wconf 89' lang='lat' dir='ltr'>posse</span> <span class='ocrx_word' id='word_1_96' title='bbox 1563 1046 1677 1099; x_wconf 88' lang='lat' dir='ltr'>quic-</span> 
     </span>
     <span class='ocr_line' id='line_1_13' title="bbox 288 1123 800 1179; baseline -0.006 -14"><span class='ocrx_word' id='word_1_97' title='bbox 288 1137 410 1179; x_wconf 86' lang='lat' dir='ltr'>quam</span> <span class='ocrx_word' id='word_1_98' title='bbox 441 1123 588 1164; x_wconf 88' lang='lat' dir='ltr'>melius</span> <span class='ocrx_word' id='word_1_99' title='bbox 616 1126 800 1177; x_wconf 60' lang='lat' dir='ltr'>putaret?</span> 
     </span>
    </p>

    <p class='ocr_par' dir='ltr' id='par_1_3' title="bbox 289 1197 1683 1875">
     <span class='ocr_line' id='line_1_14' title="bbox 402 1197 1678 1249; baseline -0.001 -8"><span class='ocrx_word' id='word_1_100' title='bbox 402 1199 509 1241; x_wconf 90' lang='lat' dir='ltr'>LllI.</span> <span class='ocrx_word' id='word_1_101' title='bbox 564 1199 620 1241; x_wconf 80' lang='lat' dir='ltr'>At</span> <span class='ocrx_word' id='word_1_102' title='bbox 662 1212 780 1249; x_wconf 84' lang='lat' dir='ltr'>vero,</span> <span class='ocrx_word' id='word_1_103' title='bbox 824 1205 866 1239; x_wconf 88' lang='lat' dir='ltr'>ut</span> <span class='ocrx_word' id='word_1_104' title='bbox 909 1205 1053 1239; x_wconf 87' lang='lat' dir='ltr'>contra</span> <span class='ocrx_word' id='word_1_105' title='bbox 1089 1197 1267 1239; x_wconf 83' lang='lat' dir='ltr'>Crassus</span> <span class='ocrx_word' id='word_1_106' title='bbox 1312 1198 1363 1239; x_wconf 82' lang='lat' dir='ltr'>ab</span> <span class='ocrx_word' id='word_1_107' title='bbox 1413 1199 1678 1241; x_wconf 79' lang='lat' dir='ltr'>adolescente</span> 
     </span>
     <span class='ocr_line' id='line_1_15' title="bbox 291 1274 1679 1331; baseline -0.001 -11"><span class='ocrx_word' id='word_1_108' title='bbox 291 1278 491 1326; x_wconf 84' lang='lat' dir='ltr'>delicato,</span> <span class='ocrx_word' id='word_1_109' title='bbox 533 1277 600 1331; x_wconf 90' lang='lat' dir='ltr'>qui</span> <span class='ocrx_word' id='word_1_110' title='bbox 639 1279 681 1316; x_wconf 89' lang='lat' dir='ltr'>in</span> <span class='ocrx_word' id='word_1_111' title='bbox 711 1276 832 1317; x_wconf 88' lang='lat' dir='ltr'>litore</span> <span class='ocrx_word' id='word_1_112' title='bbox 870 1274 1087 1316; x_wconf 85' lang='lat' dir='ltr'>ambulans</span> <span class='ocrx_word' id='word_1_113' title='bbox 1120 1274 1318 1316; x_wconf 87' lang='lat' dir='ltr'>scalmum</span> <span class='ocrx_word' id='word_1_114' title='bbox 1348 1277 1598 1331; x_wconf 86' lang='lat' dir='ltr'>repperisset</span> <span class='ocrx_word' id='word_1_115' title='bbox 1628 1277 1679 1318; x_wconf 89' lang='lat' dir='ltr'>ob</span> 
     </span>
     <span class='ocr_line' id='line_1_16' title="bbox 290 1353 1680 1410; baseline -0.001 -14"><span class='ocrx_word' id='word_1_116' title='bbox 290 1368 463 1410; x_wconf 88' lang='lat' dir='ltr'>eamque</span> <span class='ocrx_word' id='word_1_117' title='bbox 489 1367 575 1396; x_wconf 88' lang='lat' dir='ltr'>rem</span> <span class='ocrx_word' id='word_1_118' title='bbox 604 1353 826 1396; x_wconf 84' lang='lat' dir='ltr'>aedificare</span> <span class='ocrx_word' id='word_1_119' title='bbox 857 1366 1005 1395; x_wconf 88' lang='lat' dir='ltr'>navem</span> <span class='ocrx_word' id='word_1_120' title='bbox 1041 1354 1362 1409; x_wconf 83' lang='lat' dir='ltr'>concupivisset,</span> <span class='ocrx_word' id='word_1_121' title='bbox 1401 1365 1573 1395; x_wconf 82' lang='lat' dir='ltr'>exorsus</span> <span class='ocrx_word' id='word_1_122' title='bbox 1605 1360 1680 1404; x_wconf 83' lang='lat' dir='ltr'>est,</span> 
     </span>
     <span class='ocr_line' id='line_1_17' title="bbox 290 1431 1680 1487; baseline -0.001 -13"><span class='ocrx_word' id='word_1_123' title='bbox 290 1433 482 1475; x_wconf 88' lang='lat' dir='ltr'>similiter</span> <span class='ocrx_word' id='word_1_124' title='bbox 508 1431 760 1474; x_wconf 85' lang='lat' dir='ltr'>Scaevolam</span> <span class='ocrx_word' id='word_1_125' title='bbox 791 1445 842 1474; x_wconf 83' lang='lat' dir='ltr'>ex</span> <span class='ocrx_word' id='word_1_126' title='bbox 870 1445 951 1473; x_wconf 89' lang='lat' dir='ltr'>uno</span> <span class='ocrx_word' id='word_1_127' title='bbox 979 1431 1137 1473; x_wconf 84' lang='lat' dir='ltr'>scalmo</span> <span class='ocrx_word' id='word_1_128' title='bbox 1163 1432 1363 1487; x_wconf 89' lang='lat' dir='ltr'>captionis</span> <span class='ocrx_word' id='word_1_129' title='bbox 1388 1432 1680 1473; x_wconf 87' lang='lat' dir='ltr'>centumvirale</span> 
     </span>
     <span class='ocr_line' id='line_1_18' title="bbox 289 1509 1681 1553; baseline -0.001 -1"><span class='ocrx_word' id='word_1_130' title='bbox 289 1511 485 1553; x_wconf 87' lang='lat' dir='ltr'>iudicium</span> <span class='ocrx_word' id='word_1_131' title='bbox 522 1510 764 1552; x_wconf 89' lang='lat' dir='ltr'>hereditatis</span> <span class='ocrx_word' id='word_1_132' title='bbox 803 1509 1017 1551; x_wconf 80' lang='lat' dir='ltr'>effecisse:</span> <span class='ocrx_word' id='word_1_133' title='bbox 1057 1509 1134 1551; x_wconf 89' lang='lat' dir='ltr'>hoc</span> <span class='ocrx_word' id='word_1_134' title='bbox 1171 1509 1242 1551; x_wconf 91' lang='lat' dir='ltr'>ille</span> <span class='ocrx_word' id='word_1_135' title='bbox 1282 1511 1397 1551; x_wconf 88' lang='lat' dir='ltr'>initio</span> <span class='ocrx_word' id='word_1_136' title='bbox 1437 1517 1681 1552; x_wconf 87' lang='lat' dir='ltr'>consecutus</span> 
     </span>
     <span class='ocr_line' id='line_1_19' title="bbox 290 1587 1680 1643; baseline -0.001 -13"><span class='ocrx_word' id='word_1_137' title='bbox 290 1589 428 1631; x_wconf 88' lang='lat' dir='ltr'>multis</span> <span class='ocrx_word' id='word_1_138' title='bbox 472 1589 657 1630; x_wconf 87' lang='lat' dir='ltr'>eiusdem</span> <span class='ocrx_word' id='word_1_139' title='bbox 700 1589 868 1642; x_wconf 79' lang='lat' dir='ltr'>generis</span> <span class='ocrx_word' id='word_1_140' title='bbox 914 1588 1128 1629; x_wconf 86' lang='lat' dir='ltr'>sententiis</span> <span class='ocrx_word' id='word_1_141' title='bbox 1175 1587 1393 1630; x_wconf 72' lang='lat' dir='ltr'>delectavit</span> <span class='ocrx_word' id='word_1_142' title='bbox 1440 1589 1680 1643; x_wconf 88' lang='lat' dir='ltr'>animosque</span> 
     </span>
     <span class='ocr_line' id='line_1_20' title="bbox 293 1646 1679 1721; baseline 0 -14"><span class='ocrx_word' id='word_1_143' title='bbox 293 1669 491 1716; x_wconf 88' lang='lat' dir='ltr'>omnium,</span> <span class='ocrx_word' id='word_1_144' title='bbox 519 1646 589 1721; x_wconf 53' lang='lat' dir='ltr'>‘qui</span> <span class='ocrx_word' id='word_1_145' title='bbox 616 1666 805 1715; x_wconf 85' lang='lat' dir='ltr'>aderant,</span> <span class='ocrx_word' id='word_1_146' title='bbox 837 1667 877 1707; x_wconf 91' lang='lat' dir='ltr'>in</span> <span class='ocrx_word' id='word_1_147' title='bbox 900 1665 1150 1707; x_wconf 86' lang='lat' dir='ltr'>hilaritatem</span> <span class='ocrx_word' id='word_1_148' title='bbox 1183 1679 1208 1707; x_wconf 83' lang='lat' dir='ltr'>a</span> <span class='ocrx_word' id='word_1_149' title='bbox 1233 1667 1452 1707; x_wconf 87' lang='lat' dir='ltr'>severitate</span> <span class='ocrx_word' id='word_1_150' title='bbox 1483 1666 1679 1707; x_wconf 82' lang='lat' dir='ltr'>traduxit:</span> 
     </span>
     <span class='ocr_line' id='line_1_21' title="bbox 292 1743 1682 1798; baseline 0 -14"><span class='ocrx_word' id='word_1_151' title='bbox 292 1743 401 1798; x_wconf 86' lang='lat' dir='ltr'>quod</span> <span class='ocrx_word' id='word_1_152' title='bbox 445 1750 507 1784; x_wconf 87' lang='lat' dir='ltr'>est</span> <span class='ocrx_word' id='word_1_153' title='bbox 550 1757 673 1784; x_wconf 90' lang='lat' dir='ltr'>unum</span> <span class='ocrx_word' id='word_1_154' title='bbox 720 1757 769 1784; x_wconf 85' lang='lat' dir='ltr'>ex</span> <span class='ocrx_word' id='word_1_155' title='bbox 804 1743 957 1793; x_wconf 82' lang='lat' dir='ltr'>tribus,</span> <span class='ocrx_word' id='word_1_156' title='bbox 1004 1756 1109 1798; x_wconf 88' lang='lat' dir='ltr'>quae</span> <span class='ocrx_word' id='word_1_157' title='bbox 1155 1743 1238 1784; x_wconf 81' lang='lat' dir='ltr'>dixi</span> <span class='ocrx_word' id='word_1_158' title='bbox 1277 1743 1328 1784; x_wconf 88' lang='lat' dir='ltr'>ab</span> <span class='ocrx_word' id='word_1_159' title='bbox 1370 1750 1534 1786; x_wconf 85' lang='lat' dir='ltr'>oratore</span> <span class='ocrx_word' id='word_1_160' title='bbox 1573 1743 1682 1785; x_wconf 88' lang='lat' dir='ltr'>effici</span> 
     </span>
     <span class='ocr_line' id='line_1_22' title="bbox 295 1819 1683 1875; baseline 0.001 -13"><span class='ocrx_word' id='word_1_161' title='bbox 295 1820 459 1862; x_wconf 84' lang='lat' dir='ltr'>debere.</span> <span class='ocrx_word' id='word_1_162' title='bbox 521 1820 668 1861; x_wconf 87' lang='lat' dir='ltr'>deinde</span> <span class='ocrx_word' id='word_1_163' title='bbox 707 1819 785 1861; x_wconf 89' lang='lat' dir='ltr'>hoc</span> <span class='ocrx_word' id='word_1_164' title='bbox 823 1820 1008 1862; x_wconf 89' lang='lat' dir='ltr'>voluisse</span> <span class='ocrx_word' id='word_1_165' title='bbox 1045 1834 1156 1871; x_wconf 80' lang='lat' dir='ltr'>euin⁷</span> <span class='ocrx_word' id='word_1_166' title='bbox 1196 1822 1264 1875; x_wconf 89' lang='lat' dir='ltr'>qui</span> <span class='ocrx_word' id='word_1_167' title='bbox 1296 1828 1581 1863; x_wconf 83' lang='lat' dir='ltr'>testamentum</span> <span class='ocrx_word' id='word_1_168' title='bbox 1621 1821 1683 1863; x_wconf 87' lang='lat' dir='ltr'>fe-</span> 
     </span>
    </p>
   </div>
   <div class='ocr_carea' id='block_1_3' title="bbox 381 1929 1036 1963">
    <p class='ocr_par' dir='ltr' id='par_1_4' title="bbox 381 1929 1036 1963">
     <span class='ocr_line' id='line_1_23' title="bbox 381 1929 1036 1963; baseline 0 -8"><span class='ocrx_word' id='word_1_169' title='bbox 381 1930 437 1955; x_wconf 65' lang='grc'><strong>1116.</strong></span> <span class='ocrx_word' id='word_1_170' title='bbox 475 1930 644 1963; x_wconf 74' lang='lat' dir='ltr'>captiosum</span> <span class='ocrx_word' id='word_1_171' title='bbox 663 1929 739 1963; x_wconf 81' lang='lat' dir='ltr'>esse]</span> <span class='ocrx_word' id='word_1_172' title='bbox 761 1930 924 1963; x_wconf 78' lang='lat' dir='ltr'>captiosum</span> <span class='ocrx_word' id='word_1_173' title='bbox 945 1931 1036 1955; x_wconf 86' lang='lat' dir='ltr'>esset.</span> 
     </span>
    </p>
   </div>
   <div class='ocr_carea' id='block_1_4' title="bbox 293 2006 1686 2278">
    <p class='ocr_par' dir='ltr' id='par_1_5' title="bbox 293 2006 1685 2221">
     <span class='ocr_line' id='line_1_24' title="bbox 297 2006 1684 2053; baseline 0.001 -11"><span class='ocrx_word' id='word_1_174' title='bbox 297 2007 352 2042; x_wconf 72' lang='lat' dir='ltr'>acl</span> <span class='ocrx_word' id='word_1_175' title='bbox 374 2009 550 2052; x_wconf 73' lang='lat' dir='ltr'>modum]</span> <span class='ocrx_word' id='word_1_176' title='bbox 576 2009 692 2053; x_wconf 75' lang='lat' dir='ltr'>quid?</span> <span class='ocrx_word' id='word_1_177' title='bbox 719 2020 753 2053; x_wconf 81' lang='lat' dir='ltr'>q.</span> <span class='ocrx_word' id='word_1_178' title='bbox 781 2020 816 2043; x_wconf 85' lang='lat' dir='ltr'>a.</span> <span class='ocrx_word' id='word_1_179' title='bbox 841 2020 892 2041; x_wconf 87' lang='lat' dir='ltr'>m.</span> <span class='ocrx_word' id='word_1_180' title='bbox 919 2009 973 2042; x_wconf 85' lang='lat' dir='ltr'>ed.</span> <span class='ocrx_word' id='word_1_181' title='bbox 994 2020 1047 2052; x_wconf 89' lang='lat' dir='ltr'>pr.</span> <span class='ocrx_word' id='word_1_182' title='bbox 1073 2014 1248 2052; x_wconf 79' lang='lat' dir='ltr'>sequente</span> <span class='ocrx_word' id='word_1_183' title='bbox 1274 2006 1338 2043; x_wconf 91' lang='lat' dir='ltr'>Or.</span> <span class='ocrx_word' id='word_1_184' title='bbox 1363 2014 1398 2043; x_wconf 86' lang='lat' dir='ltr'>et</span> <span class='ocrx_word' id='word_1_185' title='bbox 1417 2009 1592 2053; x_wconf 70' lang='lat' dir='ltr'>Meyer03</span> <span class='ocrx_word' id='word_1_186' title='bbox 1618 2011 1684 2044; x_wconf 87' lang='lat' dir='ltr'>sed</span> 
     </span>
     <span class='ocr_line' id='line_1_25' title="bbox 293 2064 1684 2110; baseline 0.001 -13"><span class='ocrx_word' id='word_1_187' title='bbox 293 2064 384 2097; x_wconf 84' lang='lat' dir='ltr'>liber</span> <span class='ocrx_word' id='word_1_188' title='bbox 417 2064 554 2106; x_wconf 71' lang='lat' dir='ltr'>nullus,</span> <span class='ocrx_word' id='word_1_189' title='bbox 589 2070 625 2098; x_wconf 87' lang='lat' dir='ltr'>ut</span> <span class='ocrx_word' id='word_1_190' title='bbox 658 2065 820 2103; x_wconf 80' lang='lat' dir='ltr'>videtnr3</span> <span class='ocrx_word' id='word_1_191' title='bbox 858 2075 926 2097; x_wconf 88' lang='lat' dir='ltr'>nec</span> <span class='ocrx_word' id='word_1_192' title='bbox 957 2065 1051 2097; x_wconf 82' lang='lat' dir='ltr'>ratio</span> <span class='ocrx_word' id='word_1_193' title='bbox 1086 2070 1161 2105; x_wconf 80' lang='lat' dir='ltr'>est,</span> <span class='ocrx_word' id='word_1_194' title='bbox 1194 2069 1229 2096; x_wconf 77' lang='lat' dir='ltr'>et</span> <span class='ocrx_word' id='word_1_195' title='bbox 1261 2064 1344 2107; x_wconf 80' lang='lat' dir='ltr'>quia</span> <span class='ocrx_word' id='word_1_196' title='bbox 1373 2065 1531 2109; x_wconf 82' lang='lat' dir='ltr'>sequitui·</span> <span class='ocrx_word' id='word_1_197' title='bbox 1565 2078 1684 2110; x_wconf 77' lang='lat' dir='ltr'>qnam</span> 
     </span>
     <span class='ocr_line' id='line_1_26' title="bbox 296 2120 1685 2167; baseline 0.002 -14"><span class='ocrx_word' id='word_1_198' title='bbox 296 2122 519 2165; x_wconf 78' lang='lat' dir='ltr'>captiosum</span> <span class='ocrx_word' id='word_1_199' title='bbox 540 2131 643 2160; x_wconf 80' lang='lat' dir='ltr'>esse,</span> <span class='ocrx_word' id='word_1_200' title='bbox 669 2132 739 2153; x_wconf 87' lang='lat' dir='ltr'>non</span> <span class='ocrx_word' id='word_1_201' title='bbox 759 2120 881 2164; x_wconf 79' lang='lat' dir='ltr'>quid?</span> <span class='ocrx_word' id='word_1_202' title='bbox 906 2132 1023 2164; x_wconf 78' lang='lat' dir='ltr'>quam</span> <span class='ocrx_word' id='word_1_203' title='bbox 1040 2122 1283 2165; x_wconf 76' lang='lat' dir='ltr'>captiosum,</span> <span class='ocrx_word' id='word_1_204' title='bbox 1306 2126 1339 2153; x_wconf 86' lang='lat' dir='ltr'>et</span> <span class='ocrx_word' id='word_1_205' title='bbox 1359 2121 1441 2163; x_wconf 83' lang='lat' dir='ltr'>quia</span> <span class='ocrx_word' id='word_1_206' title='bbox 1459 2122 1509 2155; x_wconf 88' lang='lat' dir='ltr'>sic</span> <span class='ocrx_word' id='word_1_207' title='bbox 1526 2123 1685 2167; x_wconf 83' lang='lat' dir='ltr'>legentes</span> 
     </span>
     <span class='ocr_line' id='line_1_27' title="bbox 295 2176 1408 2221; baseline 0.003 -14"><span class='ocrx_word' id='word_1_208' title='bbox 295 2185 339 2208; x_wconf 80' lang='lat' dir='ltr'>ex</span> <span class='ocrx_word' id='word_1_209' title='bbox 365 2176 547 2220; x_wconf 83' lang='lat' dir='ltr'>prioribus</span> <span class='ocrx_word' id='word_1_210' title='bbox 571 2176 794 2210; x_wconf 67' lang='lat' dir='ltr'>subauditur-i</span> <span class='ocrx_word' id='word_1_211' title='bbox 820 2182 940 2210; x_wconf 82' lang='lat' dir='ltr'>essent</span> <span class='ocrx_word' id='word_1_212' title='bbox 966 2177 1061 2221; x_wconf 69' lang='lat' dir='ltr'>quid</span> <span class='ocrx_word' id='word_1_213' title='bbox 1087 2176 1152 2210; x_wconf 79' lang='lat' dir='ltr'>ille</span> <span class='ocrx_word' id='word_1_214' title='bbox 1176 2187 1253 2209; x_wconf 79' lang='lat' dir='ltr'>non</span> <span class='ocrx_word' id='word_1_215' title='bbox 1279 2176 1408 2210; x_wconf 57' lang='lat' dir='ltr'>dixit?</span> 
     </span>
    </p>

    <p class='ocr_par' dir='ltr' id='par_1_6' title="bbox 388 2231 1686 2278">
     <span class='ocr_line' id='line_1_28' title="bbox 388 2231 1686 2278; baseline 0.004 -15"><span class='ocrx_word' id='word_1_216' title='bbox 388 2231 461 2266; x_wconf 77' lang='lat'>196.</span> <span class='ocrx_word' id='word_1_217' title='bbox 513 2235 736 2278; x_wconf 75' lang='lat' dir='ltr'>captiosum</span> <span class='ocrx_word' id='word_1_218' title='bbox 756 2233 852 2275; x_wconf 79' lang='lat' dir='ltr'>esse]</span> <span class='ocrx_word' id='word_1_219' title='bbox 881 2237 981 2266; x_wconf 78' lang='lat' dir='ltr'>esset</span> <span class='ocrx_word' id='word_1_220' title='bbox 1006 2233 1178 2267; x_wconf 86' lang='lat' dir='ltr'>Ernestus</span> <span class='ocrx_word' id='word_1_221' title='bbox 1204 2235 1235 2266; x_wconf 67' lang='lat' dir='ltr'>sc</span> <span class='ocrx_word' id='word_1_222' title='bbox 1258 2238 1384 2266; x_wconf 83' lang='lat' dir='ltr'>contra</span> <span class='ocrx_word' id='word_1_223' title='bbox 1403 2233 1558 2267; x_wconf 82' lang='lat' dir='ltr'>oninium</span> <span class='ocrx_word' id='word_1_224' title='bbox 1578 2233 1686 2268; x_wconf 81' lang='lat' dir='ltr'>libro-</span> 
     </span>
    </p>
   </div>
   <div class='ocr_carea' id='block_1_5' title="bbox 292 2285 1686 2445">
    <p class='ocr_par' dir='ltr' id='par_1_7' title="bbox 292 2285 1686 2445">
     <span class='ocr_line' id='line_1_29' title="bbox 292 2285 1686 2335; baseline 0.005 -17"><span class='ocrx_word' id='word_1_225' title='bbox 292 2297 368 2319; x_wconf 79' lang='lat' dir='ltr'>ruin</span> <span class='ocrx_word' id='word_1_226' title='bbox 394 2285 504 2322; x_wconf 74' lang='lat' dir='ltr'>fidem</span> <span class='ocrx_word' id='word_1_227' title='bbox 531 2294 566 2322; x_wconf 88' lang='lat' dir='ltr'>et</span> <span class='ocrx_word' id='word_1_228' title='bbox 591 2300 669 2322; x_wconf 87' lang='lat' dir='ltr'>cum</span> <span class='ocrx_word' id='word_1_229' title='bbox 695 2289 797 2333; x_wconf 77' lang='lat' dir='ltr'>gravi</span> <span class='ocrx_word' id='word_1_230' title='bbox 822 2288 1051 2323; x_wconf 86' lang='lat' dir='ltr'>soloecismo.</span> <span class='ocrx_word' id='word_1_231' title='bbox 1077 2308 1122 2315; x_wconf 89' lang='lat'>·-</span> <span class='ocrx_word' id='word_1_232' title='bbox 1159 2292 1351 2335; x_wconf 73' lang='lat' dir='ltr'>seriptum</span> <span class='ocrx_word' id='word_1_233' title='bbox 1376 2290 1491 2333; x_wconf 75' lang='lat' dir='ltr'>esset]</span> <span class='ocrx_word' id='word_1_234' title='bbox 1524 2301 1598 2325; x_wconf 80' lang='lat' dir='ltr'>scr.</span> <span class='ocrx_word' id='word_1_235' title='bbox 1629 2294 1686 2325; x_wconf 74' lang='lat' dir='ltr'>est</span> 
     </span>
     <span class='ocr_line' id='line_1_30' title="bbox 292 2341 1204 2390; baseline 0.003 -15"><span class='ocrx_word' id='word_1_236' title='bbox 292 2341 349 2376; x_wconf 88' lang='lat' dir='ltr'>ed.</span> <span class='ocrx_word' id='word_1_237' title='bbox 376 2353 428 2386; x_wconf 82' lang='lat' dir='ltr'>pr.</span> <span class='ocrx_word' id='word_1_238' title='bbox 455 2363 500 2368; x_wconf 80' lang='lat'><strong>—</strong></span> <span class='ocrx_word' id='word_1_239' title='bbox 536 2345 702 2390; x_wconf 69' lang='lat' dir='ltr'>neyleyz‘]</span> <span class='ocrx_word' id='word_1_240' title='bbox 730 2346 781 2378; x_wconf 89' lang='lat' dir='ltr'>sic</span> <span class='ocrx_word' id='word_1_241' title='bbox 806 2344 871 2389; x_wconf 82' lang='lat' dir='ltr'>Lg.</span> <span class='ocrx_word' id='word_1_242' title='bbox 898 2344 931 2378; x_wconf 82' lang='grc'>8.</span> <span class='ocrx_word' id='word_1_243' title='bbox 957 2345 1010 2379; x_wconf 88' lang='lat'>51.</span> <span class='ocrx_word' id='word_1_244' title='bbox 1037 2345 1090 2379; x_wconf 80' lang='lat'>58.</span> <span class='ocrx_word' id='word_1_245' title='bbox 1129 2343 1204 2379; x_wconf 82' lang='lat' dir='ltr'>Ott.</span> 
     </span>
     <span class='ocr_line' id='line_1_31' title="bbox 388 2398 1686 2445; baseline 0.004 -15"><span class='ocrx_word' id='word_1_246' title='bbox 388 2398 462 2432; x_wconf 80' lang='lat'>197.</span> <span class='ocrx_word' id='word_1_247' title='bbox 513 2402 688 2444; x_wconf 79' lang='lat' dir='ltr'>omnino]</span> <span class='ocrx_word' id='word_1_248' title='bbox 724 2403 858 2435; x_wconf 81' lang='lat' dir='ltr'>omnia</span> <span class='ocrx_word' id='word_1_249' title='bbox 890 2400 946 2434; x_wconf 85' lang='lat' dir='ltr'>ed.</span> <span class='ocrx_word' id='word_1_250' title='bbox 972 2412 1023 2444; x_wconf 86' lang='lat' dir='ltr'>pr.</span> <span class='ocrx_word' id='word_1_251' title='bbox 1049 2421 1093 2425; x_wconf 96' lang='lat'>—</span> <span class='ocrx_word' id='word_1_252' title='bbox 1127 2403 1184 2435; x_wconf 77' lang='lat' dir='ltr'>ita</span> <span class='ocrx_word' id='word_1_253' title='bbox 1212 2400 1392 2445; x_wconf 74' lang='lat' dir='ltr'>breviter]</span> <span class='ocrx_word' id='word_1_254' title='bbox 1429 2402 1479 2436; x_wconf 84' lang='lat' dir='ltr'>sic</span> <span class='ocrx_word' id='word_1_255' title='bbox 1512 2402 1615 2437; x_wconf 84' lang='lat' dir='ltr'>codd.</span> <span class='ocrx_word' id='word_1_256' title='bbox 1651 2408 1686 2436; x_wconf 86' lang='lat' dir='ltr'>et</span> 
     </span>
    </p>
   </div>
   <div class='ocr_carea' id='block_1_6' title="bbox 293 2453 1686 2614">
    <p class='ocr_par' dir='ltr' id='par_1_8' title="bbox 293 2453 1686 2614">
     <span class='ocr_line' id='line_1_32' title="bbox 293 2453 1684 2502; baseline 0.004 -15"><span class='ocrx_word' id='word_1_257' title='bbox 293 2453 395 2495; x_wconf 71' lang='lat' dir='ltr'>edd.9</span> <span class='ocrx_word' id='word_1_258' title='bbox 416 2462 561 2499; x_wconf 85' lang='lat' dir='ltr'>praeter</span> <span class='ocrx_word' id='word_1_259' title='bbox 578 2456 644 2502; x_wconf 83' lang='lat' dir='ltr'>Lg.</span> <span class='ocrx_word' id='word_1_260' title='bbox 666 2457 739 2499; x_wconf 79' lang='lat'>51.‚</span> <span class='ocrx_word' id='word_1_261' title='bbox 758 2458 817 2501; x_wconf 86' lang='lat' dir='ltr'>qni</span> <span class='ocrx_word' id='word_1_262' title='bbox 837 2459 895 2491; x_wconf 79' lang='lat' dir='ltr'>ita</span> <span class='ocrx_word' id='word_1_263' title='bbox 916 2461 1048 2497; x_wconf 74' lang='lat' dir='ltr'>caute5</span> <span class='ocrx_word' id='word_1_264' title='bbox 1073 2457 1217 2501; x_wconf 76' lang='lat' dir='ltr'>explica</span> <span class='ocrx_word' id='word_1_265' title='bbox 1237 2460 1317 2497; x_wconf 77' lang='lat' dir='ltr'>ila,</span> <span class='ocrx_word' id='word_1_266' title='bbox 1339 2463 1383 2492; x_wconf 80' lang='lat' dir='ltr'>ut</span> <span class='ocrx_word' id='word_1_267' title='bbox 1403 2461 1530 2498; x_wconf 77' lang='lat' dir='ltr'>nosti,</span> <span class='ocrx_word' id='word_1_268' title='bbox 1551 2470 1578 2492; x_wconf 84' lang='lat' dir='ltr'>s.</span> <span class='ocrx_word' id='word_1_269' title='bbox 1601 2459 1684 2499; x_wconf 70' lang='lat' dir='ltr'><em>illa,</em></span> 
     </span>
     <span class='ocr_line' id='line_1_33' title="bbox 294 2512 1686 2560; baseline 0.004 -17"><span class='ocrx_word' id='word_1_270' title='bbox 294 2520 414 2553; x_wconf 79' lang='lat' dir='ltr'>quam</span> <span class='ocrx_word' id='word_1_271' title='bbox 437 2514 562 2552; x_wconf 78' lang='lat' dir='ltr'>nosti,</span> <span class='ocrx_word' id='word_1_272' title='bbox 589 2512 800 2554; x_wconf 70' lang='lat' dir='ltr'>brevitate,</span> <span class='ocrx_word' id='word_1_273' title='bbox 824 2512 979 2556; x_wconf 45' lang='lat' dir='ltr'>flammas:</span> <span class='ocrx_word' id='word_1_274' title='bbox 1006 2525 1040 2548; x_wconf 91' lang='lat' dir='ltr'>v.</span> <span class='ocrx_word' id='word_1_275' title='bbox 1067 2512 1185 2548; x_wconf 83' lang='lat' dir='ltr'>Hand.</span> <span class='ocrx_word' id='word_1_276' title='bbox 1213 2513 1365 2549; x_wconf 76' lang='lat' dir='ltr'>Tui-sell.</span> <span class='ocrx_word' id='word_1_277' title='bbox 1387 2513 1447 2550; x_wconf 86' lang='grc'><strong>111.</strong></span> <span class='ocrx_word' id='word_1_278' title='bbox 1474 2527 1508 2560; x_wconf 90' lang='lat' dir='ltr'>p.</span> <span class='ocrx_word' id='word_1_279' title='bbox 1529 2514 1606 2549; x_wconf 76' lang='lat'>490.</span> <span class='ocrx_word' id='word_1_280' title='bbox 1648 2519 1686 2549; x_wconf 75' lang='lat' dir='ltr'>ec</span> 
     </span>
     <span class='ocr_line' id='line_1_34' title="bbox 296 2564 884 2614; baseline 0.01 -17"><span class='ocrx_word' id='word_1_281' title='bbox 296 2564 462 2601; x_wconf 75' lang='lat' dir='ltr'>breviter</span> <span class='ocrx_word' id='word_1_282' title='bbox 484 2567 616 2611; x_wconf 83' lang='lat' dir='ltr'>Aldus3</span> <span class='ocrx_word' id='word_1_283' title='bbox 644 2569 775 2614; x_wconf 83' lang='lat' dir='ltr'>probat</span> <span class='ocrx_word' id='word_1_284' title='bbox 800 2568 884 2603; x_wconf 82' lang='lat' dir='ltr'>sch.</span> 
     </span>
    </p>
   </div>
   <div class='ocr_carea' id='block_1_7' title="bbox 292 2621 1686 2729">
    <p class='ocr_par' dir='ltr' id='par_1_9' title="bbox 292 2621 1686 2729">
     <span class='ocr_line' id='line_1_35' title="bbox 388 2621 1686 2671; baseline 0.002 -16"><span class='ocrx_word' id='word_1_285' title='bbox 388 2621 481 2658; x_wconf 83' lang='lat' dir='ltr'>Llll.</span> <span class='ocrx_word' id='word_1_286' title='bbox 531 2629 575 2659; x_wconf 77' lang='lat' dir='ltr'>uc</span> <span class='ocrx_word' id='word_1_287' title='bbox 600 2630 739 2661; x_wconf 72' lang='lat' dir='ltr'>contra</span> <span class='ocrx_word' id='word_1_288' title='bbox 765 2625 945 2667; x_wconf 76' lang='lat' dir='ltr'>Crassus]</span> <span class='ocrx_word' id='word_1_289' title='bbox 971 2628 1108 2659; x_wconf 77' lang='lat' dir='ltr'>contra</span> <span class='ocrx_word' id='word_1_290' title='bbox 1137 2624 1301 2660; x_wconf 72' lang='lat' dir='ltr'>Crassus</span> <span class='ocrx_word' id='word_1_291' title='bbox 1325 2631 1367 2660; x_wconf 76' lang='lat' dir='ltr'>uc</span> <span class='ocrx_word' id='word_1_292' title='bbox 1391 2626 1458 2660; x_wconf 89' lang='lat' dir='ltr'>Gu.</span> <span class='ocrx_word' id='word_1_293' title='bbox 1480 2627 1509 2661; x_wconf 93' lang='lat' dir='ltr'>l.</span> <span class='ocrx_word' id='word_1_294' title='bbox 1533 2646 1576 2651; x_wconf 86' lang='lat'><em>-</em></span> <span class='ocrx_word' id='word_1_295' title='bbox 1603 2636 1686 2671; x_wconf 74' lang='lat' dir='ltr'>rep-</span> 
     </span>
     <span class='ocr_line' id='line_1_36' title="bbox 292 2680 1684 2729; baseline 0.004 -18"><span class='ocrx_word' id='word_1_296' title='bbox 292 2680 479 2723; x_wconf 73' lang='lat' dir='ltr'>perisset]</span> <span class='ocrx_word' id='word_1_297' title='bbox 505 2681 557 2715; x_wconf 83' lang='lat' dir='ltr'>sic</span> <span class='ocrx_word' id='word_1_298' title='bbox 581 2693 647 2728; x_wconf 87' lang='lat' dir='ltr'>per</span> <span class='ocrx_word' id='word_1_299' title='bbox 666 2693 723 2729; x_wconf 74' lang='lat' dir='ltr'>pp</span> <span class='ocrx_word' id='word_1_300' title='bbox 747 2681 814 2728; x_wconf 85' lang='lat' dir='ltr'>Lg.</span> <span class='ocrx_word' id='word_1_301' title='bbox 841 2686 987 2727; x_wconf 82' lang='lat' dir='ltr'>praeter</span> <span class='ocrx_word' id='word_1_302' title='bbox 1010 2680 1066 2715; x_wconf 81' lang='lat'>39.</span> <span class='ocrx_word' id='word_1_303' title='bbox 1091 2680 1146 2718; x_wconf 81' lang='lat'>58.</span> <span class='ocrx_word' id='word_1_304' title='bbox 1170 2681 1246 2724; x_wconf 84' lang='lat'>70.‚</span> <span class='ocrx_word' id='word_1_305' title='bbox 1272 2682 1357 2717; x_wconf 87' lang='lat' dir='ltr'>item</span> <span class='ocrx_word' id='word_1_306' title='bbox 1380 2683 1471 2719; x_wconf 76' lang='lat' dir='ltr'>Ven.</span> <span class='ocrx_word' id='word_1_307' title='bbox 1489 2683 1518 2717; x_wconf 92' lang='lat' dir='ltr'>l.</span> <span class='ocrx_word' id='word_1_308' title='bbox 1545 2680 1620 2717; x_wconf 86' lang='lat' dir='ltr'>Ott.</span> <span class='ocrx_word' id='word_1_309' title='bbox 1641 2701 1684 2707; x_wconf 86' lang='lat'><em>-</em></span> 
     </span>
    </p>
   </div>
   <div class='ocr_carea' id='block_1_8' title="bbox 1795 1023 1806 1821">
    <p class='ocr_par' dir='ltr' id='par_1_10' title="bbox 1795 1023 1806 1821">
     <span class='ocr_line' id='line_1_37' title="bbox 1795 1023 1806 1821; baseline 0 0"><span class='ocrx_word' id='word_1_310' title='bbox 1795 1023 1806 1821; x_wconf 95' lang='lat' dir='ltr'> </span> 
     </span>
    </p>
   </div>
  </div>
 </body>
</html>
