1835 3126
237 231 325 276 28
440 223 635 269 BREVIS
666 221 1059 275 ELOQUENTIAE
1089 223 1224 268 ROM.
1255 223 1398 267 HIST.

240 348 347 389 erat;
385 352 498 392 quam
537 339 585 377 oh
623 348 703 376 rem
741 342 778 377 et
814 339 1053 390 optimatium
1090 338 1276 379 adversus
1312 337 1375 377 Ti.
1409 337 1622 378 Gracchum

238 409 390 448 affinem
428 404 681 456 gravissimus
707 408 894 456 patronus
925 406 1089 453 exstitit,
1126 410 1168 444 ut
1196 417 1245 444 ne
1275 404 1441 443 adversa
1471 404 1624 456 quidem

237 473 373 526 populi
426 471 706 512 acclamatione
756 471 805 509 ab
856 471 1091 511 insectandis
1138 471 1395 524 popularibus
1451 470 1625 510 deterre-

238 546 345 580 retur
367 536 459 590 (65),
505 544 542 577 et
584 549 669 576 cum
709 535 886 588 plurimis
925 538 1142 578 hominihus
1186 538 1399 578 simultates
1439 537 1626 584 exercuit,

239 619 402 658 quorum
437 609 595 657 praeter
628 603 834 644 Metellum
871 609 1217 643 commemorantur
1247 604 1292 653 Q.
1324 605 1530 656 Pompeius
1553 600 1626 653 (⁶5)

237 674 283 713 L.
314 672 521 712 Mummius
551 671 597 711 L.
627 670 810 710 Aurelius
842 669 957 710 Cotta
993 670 1127 709 consul
1158 683 1193 709 a.
1224 671 1325 718 610,
1361 683 1474 721 quem
1511 681 1626 708 accu-

238 740 337 779 savit
366 738 530 778 Metello
563 737 791 777 defendente
815 734 907 788 (67),
944 741 980 776 et
1008 736 1070 776 Ti.
1106 734 1293 777 Claudius
1322 736 1479 775 Asellus
1512 736 1626 774 homo

237 807 318 847 vita
347 817 512 857 nequam
543 809 580 843 et
608 804 730 856 turpis
758 800 842 854 (⁶⁸).
901 802 981 843 Sed
1009 803 1158 853 ingenii
1188 803 1293 842 cultu
1323 807 1359 842 et
1389 814 1537 841 morum
1568 801 1628 840 iu-

239 872 432 912 cunditate
462 872 517 910 ita
540 882 656 922 pares
686 870 841 909 suerunt
866 870 998 922 Scipio
1031 875 1068 909 et
1090 870 1270 917 Laelius,
1300 874 1342 908 ut
1368 869 1496 908 nentri
1519 868 1628 920 prio-

238 951 301 978 res
340 938 530 979 vindicari
559 941 736 989 possent:
774 937 959 976 maiorem
993 941 1120 976 tamen
1149 936 1196 976 de
1225 936 1364 976 Laelio
1399 936 1521 975 fuisse
1561 945 1628 974 sa-

238 1006 408 1058 pientiae
444 1005 588 1044 famam
624 1003 761 1043 Cicero
800 1008 936 1042 narrat
963 1000 1048 1053 (⁶9).
1107 1002 1225 1043 Cuius
1263 1003 1322 1041 rei
1358 1013 1514 1040 causam
1551 1012 1630 1039 non

238 1073 327 1111 hinc
372 1083 455 1110 cum
486 1070 674 1110 Cicerone
713 1074 867 1120 repeto,
918 1069 1021 1120 quod
1064 1081 1141 1108 non
1185 1069 1251 1107 uni
1290 1068 1419 1107 omnia
1457 1067 1629 1106 tribuere

238 1138 433 1178 voluerint
456 1137 648 1184 homines,
683 1135 752 1174 sed
782 1134 885 1187 quod
907 1135 1039 1187 Scipio
1070 1134 1286 1186 longinqua
1310 1134 1450 1174 militia
1479 1139 1516 1173 et
1546 1133 1629 1172 cla-

239 1205 402 1244 rissimis
450 1203 565 1242 bellis
599 1201 810 1254 'patrandis
854 1202 913 1241 rei
949 1202 1132 1254 publicae
1169 1201 1271 1241 domi
1313 1200 1510 1252 gerendae
1552 1210 1627 1239 non

240 1276 405 1318 tantam,
451 1275 632 1321 quantam
668 1269 850 1316 Laelius,
894 1269 1067 1308 tribuere
1105 1267 1264 1321 operam
1305 1268 1489 1320 potuerit.
1545 1267 1629 1306 Hoc

241 1337 518 1390 quadamtenus
560 1335 760 1393 confirmat
800 1335 1001 1375 Ciceronis
1042 1336 1217 1375 narratio
1243 1332 1335 1385 <⁷⁰):
1379 1335 1419 1373 in
1461 1333 1631 1373 amicitia

241 1416 374 1443 eorum
397 1403 510 1454 quasi
537 1401 730 1453 quoddam
751 1402 811 1441 ius
835 1402 935 1441 inter
960 1413 1026 1441 eos
1050 1402 1190 1451 fuisse,
1220 1407 1261 1442 ut
1285 1401 1445 1441 militiae
1470 1405 1631 1452 propter

242 1470 421 1509 eximiam
458 1468 554 1507 belli
590 1468 759 1518 gloriam
786 1468 1012 1508 Africanum
1049 1474 1091 1508 ut
1128 1468 1240 1507 deum
1277 1468 1424 1507 coleret
1453 1467 1629 1513 Laelius,

242 1536 345 1575 domi
373 1535 544 1575 vicissim
572 1534 771 1582 Laelium,
803 1534 905 1585 quod
937 1540 1065 1573 aetate
1095 1534 1366 1582 antecedebat,
1404 1534 1631 1573 observaret

242 1604 280 1642 in
309 1602 481 1655 parentis
512 1601 601 1640 loco
628 1601 774 1652 Scipio.
825 1600 927 1650 Quin
951 1601 1173 1653 Scipionem
1203 1614 1228 1640 a
1248 1600 1388 1641 Laelio
1418 1601 1458 1639 in
1482 1600 1629 1639 oratio-

241 1671 353 1708 nibus
385 1668 562 1708 adiuvari
593 1668 724 1719 opinio
763 1668 957 1707 hominum
988 1672 1072 1707 erat
1109 1668 1227 1720 paulo
1263 1667 1516 1716 invidiosior,
1558 1678 1629 1706 nec

243 1748 292 1774 ea
321 1741 448 1774 tamen
479 1735 672 1773 amicitiae
703 1745 836 1772 eorum
866 1733 996 1773 offecit
1019 1731 1102 1784 (⁷¹).

356 1801 577 1841 Orator-iam
606 1800 759 1838 laudem
785 1800 979 1852 Scipionis
1010 1802 1126 1839 habet
1147 1797 1286 1839 Cicero
1318 1800 1416 1840 locis
1441 1799 1631 1851 plurimiS,

242 1868 298 1907 ita
327 1867 499 1919 quidem,
527 1872 569 1905 ut
599 1866 644 1905 de
667 1866 805 1906 Laelio
837 1867 962 1906 maior
987 1867 1138 1919 quidem
1161 1867 1267 1905 fama
1288 1867 1481 1906 hominum
1501 1866 1631 1914 fuerit,

243 1935 440 1974 orationes
479 1939 606 1972 autem
642 1933 819 1972 Africani
855 1934 977 1972 minus
1016 1946 1131 1985 quam
1159 1934 1287 1974 Laelii
1316 1933 1497 1973 redolere
1531 1932 1631 1971 anti-

244 2002 426 2053 quitatem
468 1997 751 2049 dica1itui·(⁷‘·').
811 1998 905 2040 Cum
944 2001 1111 2051 exiguae
1151 2001 1267 2040 hodie
1305 2001 1506 2051 utriusque
1535 1999 1630 2038 reli-

244 2069 360 2119 quiae
399 2072 569 2115 exstent‚
609 2079 686 2106 non
723 2066 817 2105 satis
855 2067 1021 2105 iudicari
1058 2066 1106 2106 de
1134 2079 1265 2107 eorum
1293 2067 1498 2107 virtutihus
1528 2066 1633 2106 licet.

245 2135 393 2173 Tamen
428 2138 586 2185 praeter
627 2133 883 2173 elocutionem
918 2146 1056 2185 puram
1095 2138 1131 2172 ct
1167 2134 1365 2181 Latinam,
1405 2145 1507 2184 quae
1547 2137 1632 2171 erat

243 2201 382 2240 aetatis
423 2200 530 2238 illius
570 2200 656 2238 laus
685 2196 776 2247 (⁷3),
816 2200 898 2238 sinc
935 2199 1051 2238 dubio
1089 2200 1214 2249 magis
1244 2212 1474 2238 summarum
1503 2210 1633 2238 rerum

243 2268 468 2319 prudentia,
524 2278 639 2317 quam
683 2271 767 2304 arte
811 2265 1089 2304 excelluerunt.
1165 2267 1400 2306 Gravitatem
1444 2265 1631 2316 Scipioni,

243 2335 439 2372 lenitatem
467 2333 606 2373 Laelio
643 2333 777 2372 tribuit
806 2332 943 2373 Cicero
968 2330 1038 2381 (⁷⁴)
1075 2334 1200 2385 magis
1239 2333 1432 2372 hominum
1460 2332 1631 2382 ingenia,

337 2463 397 2504 ot»)
423 2461 518 2495 Vell-
540 2462 582 2496 11.
605 2465 636 2497 4.
755 2464 813 2506 66)
841 2463 916 2499 Cic.
934 2462 1035 2497 Lael.
1056 2462 1113 2504 21,
1133 2463 1186 2497 77.
1223 2462 1314 2496 Huic
1333 2463 1457 2508 Scipio
1478 2468 1629 2507 propter

247 2519 466 2552 consulatum
485 2518 611 2551 Laelio
638 2524 800 2563 ereptum
833 2519 1064 2553 irascebatur.
1180 2519 1239 2561 67)
1269 2518 1342 2554 Cic.
1363 2518 1465 2553 Brut.
1483 2519 1524 2552 21
1540 2545 1548 2559 .
1573 2518 1629 2553 81.

246 2576 307 2617 08)
343 2587 376 2609 v.
409 2586 492 2607 mox
529 2580 564 2607 et
599 2580 671 2608 not.
699 2575 750 2608 78.
870 2576 930 2618 69)
964 2576 1038 2610 Cic.
1069 2574 1172 2608 Brut.
1204 2575 1267 2617 21,
1291 2576 1347 2610 84.
1465 2575 1525 2618 70)
1558 2576 1630 2609 Cic.

248 2631 398 2675 Repuhl.
424 2629 448 2664 l.
468 2629 519 2663 12.
636 2630 695 2673 71)
721 2632 793 2665 Cic.
812 2632 969 2677 Philipp.
995 2630 1036 2665 11.
1061 2632 1112 2664 14.
1147 2631 1245 2667 Plut.
1269 2631 1328 2665 An
1354 2630 1451 2667 Seni
1475 2634 1528 2665 sit
1550 2642 1630 2677 θεν.

248 2698 347 2731 resp.
375 2698 409 2731 p.
436 2686 509 2721 135.
536 2690 570 2718 ct
592 2697 721 2731 praec.
746 2688 858 2733 polit.
887 2700 922 2734 p.
950 2687 1025 2723 156.
1051 2687 1147 2722 lluu.
1271 2687 1330 2730 72)
1355 2687 1459 2723 Brut.
1485 2688 1550 2730 21,
1573 2687 1628 2721 83.

248 2742 306 2784 73)
332 2743 357 2786 ξ.
384 2743 435 2778 12.
553 2742 612 2784 7-1)
640 2742 742 2777 Brut.
768 2744 788 2778 1.
813 2756 841 2779 c.
