1835 3126
348 227 477 308 :350
770 255 1298 302 EXPLIGATIONES

346 370 607 414 Wachsmutb.
639 368 736 409 Hist.
768 369 814 409 R.
843 382 882 421 p.
919 372 982 408 14.
1041 371 1100 409 Ab
1132 374 1330 412 oratoriae
1361 373 1455 412 artis
1487 372 1730 424 praestantia

344 438 601 478 alienissimas
648 436 770 474 fuisse
813 436 845 474 si
891 436 1072 475 Ciceroni
1114 437 1355 477 concedimus
1394 439 1446 487 (v.
1488 439 1535 478 de
1573 440 1639 480 Or.
1679 438 1727 478 ΙΙ.

342 507 409 545 84.
441 503 573 554 341.),
613 514 696 541 cum
724 502 890 552 Polybio
921 507 1048 542 tamen
1075 503 1381 542 efficacissimum
1408 505 1560 544 virtutis
1588 506 1727 544 incita-

344 577 507 611 mentum
535 571 658 609 fuisse
686 568 906 607 fatebimur.
1431 579 1435 583 ’

454 639 520 676 62.
580 636 629 673 ad
656 635 794 684 plebem
816 635 1067 684 transitiones]
1101 635 1166 686 qui
1190 634 1407 673 maluerunt
1429 648 1453 671 a
1475 636 1593 685 plebe,
1623 638 1729 678 velut

340 704 544 750 Ernestus,
582 701 621 740 id
650 702 897 753 spectabant,
938 701 1041 752 quod
1070 701 1304 740 transeundo
1341 713 1365 739 a
1394 705 1509 750 gente
1538 702 1660 741 nobili
1687 705 1728 742 in

340 770 553 820 ignobilem
582 768 774 807 illustrari
798 780 907 807 nemo
933 768 1044 807 solet.
1092 768 1238 807 Tamen
1259 780 1283 807 a
1306 768 1481 820 patribus
1506 768 1556 807 ad
1576 769 1729 820 plebem

341 836 527 888 quosdam
563 836 749 874 transisse
791 841 827 874 et
861 840 1041 874 testatum
1072 840 1147 883 est,
1183 835 1290 876 velut
1319 835 1365 874 de
1395 840 1511 886 gente
1539 836 1729 884 Minucia,

338 917 374 943 v.
405 904 489 943 Liv.
519 903 581 943 IV.
614 903 676 941 16.
721 901 821 941 Plin.
849 902 895 941 H.
926 902 972 942 N.
1001 902 1138 943 XVIII.
1166 903 1205 941 4.
1250 902 1298 941 cf.
1329 902 1450 953 intpp.
1480 903 1583 941 Livii
1604 902 1727 942 XLII.

340 972 413 1017 49,
444 972 505 1017 9.,
546 974 582 1008 et
610 969 649 1007 in
680 980 746 1008 eos
780 968 902 1017 cadit,
945 969 1011 1021 qui
1042 974 1152 1008 erant
1177 969 1430 1021 patriciarum
1457 968 1629 1020 quidem,
1659 968 1729 1009 sed

338 1036 617 1087 ignobiliorum
643 1038 832 1087 gentium3
858 1037 960 1077 velut
982 1036 1235 1076 Claudiorum
1249 1035 1479 1083 Marcellos,
1504 1036 1569 1087 qui
1583 1036 1729 1087 plebeii

339 1108 468 1151 erant,
505 1103 624 1153 longe
653 1104 867 1143 nobiliores
904 1103 1026 1141 fuisse
1053 1103 1231 1142 Pulchris
1264 1104 1300 1141 et
1330 1103 1563 1142 Centonibus
1598 1107 1727 1142 notum

338 1174 413 1207 est:
441 1169 545 1219 quod
570 1170 603 1206 si
631 1170 752 1218 igitur
782 1171 866 1220 quis
895 1170 1082 1221 patricius
1113 1169 1299 1208 Claudius
1329 1180 1414 1208 sese
1443 1169 1482 1207 in
1508 1169 1727 1208 Marcello-

338 1247 421 1273 rum
455 1235 612 1285 stirpem
650 1235 883 1282 insinuaret,
923 1246 1030 1272 suam
1058 1235 1351 1283 ignobilitatem
1377 1235 1515 1273 alienis
1544 1235 1725 1274 laudibus

334 1301 599 1340 illustraturus
632 1305 728 1339 erat.
772 1301 869 1339 Hinc
898 1304 1059 1351 propter
1080 1301 1245 1349 Augusti
1273 1301 1474 1351 imperium
1502 1301 1726 1341 adulatores

335 1367 527 1406 finxerunt
557 1367 740 1406 Octavios
779 1379 803 1405 a
844 1366 930 1406 Ser.
962 1365 1094 1405 Tullio
1133 1366 1172 1404 in
1209 1366 1396 1418 patricios
1437 1366 1599 1406 allectos
1637 1374 1726 1419 post

338 1433 387 1472 ad
409 1433 561 1485 plebem
584 1434 789 1472 transisse:
821 1446 855 1473 v.
885 1433 990 1473 Suet.
1016 1433 1150 1472 octav.
1178 1436 1216 1471 2.
1260 1432 1319 1471 De
1341 1433 1505 1485 plebeiis
1531 1435 1722 1480 Corneliis,

336 1501 375 1539 in
419 1500 555 1551 quibus
585 1500 821 1539 Dolabellae
861 1504 989 1546 erant,
1029 1503 1065 1537 et
1097 1502 1223 1536 Furtts
1259 1499 1365 1539 velut
1393 1500 1723 1552 Purpureonibus,

334 1570 522 1612 Maeuiis,
559 1568 734 1612 Maehts,
773 1567 946 1604 Pnbmtts
975 1565 1067 1616 (hae
1105 1570 1240 1616 gentes
1276 1567 1466 1618 patriciae
1504 1567 1608 1619 apud
1636 1568 1721 1608 Liv.

333 1634 377 1674 V.
413 1636 475 1673 12.
508 1633 705 1682 dicuntur,
748 1645 830 1673 cum
866 1633 1042 1685 plebeias
1074 1633 1189 1672 etiam
1224 1632 1346 1672 fuisse
1374 1634 1611 1673 notissimum
1641 1634 1721 1685 sit),

333 1702 463 1738 Attttts
486 1700 587 1749 (Liv.
612 1701 675 1741 IV.
704 1700 784 1752 7.),
820 1702 1019 1749 Virylniis,
1053 1700 1211 1745 Cassiis,
1247 1702 1439 1746 Genuctis,
1473 1702 1628 1747 Curtiis,
1656 1703 1722 1739 St-

334 1770 461 1813 ctntts,
493 1769 744 1816 Semproniis,
778 1779 939 1819 quorum
955 1767 1123 1806 Atratini
1149 1767 1305 1818 patricii
1326 1767 1496 1814 fuerunt,
1527 1768 1719 1817 Sulpiciis,

333 1845 495 1884 quorum
541 1833 690 1873 Galbae
734 1834 913 1884 patricii,
955 1833 1049 1873 Rufi
1090 1833 1255 1885 plebeii,
1300 1833 1487 1872 incertum
1532 1839 1589 1873 est
1631 1846 1720 1873 num

332 1900 472 1951 stirpes
510 1900 645 1938 harum
681 1900 851 1949 gentium
887 1900 1027 1950 impari
1064 1911 1147 1938 cum
1176 1900 1340 1951 plebeiis
1379 1901 1569 1940 connubio
1609 1906 1720 1941 ortae

332 1966 406 2004 sint
446 1978 495 2004 an
531 1966 756 2004 transierint
793 1965 843 2003 ad
878 1965 1044 2016 plebem.
1101 1966 1307 2016 Legendus
1343 1968 1457 2006 etiam
1485 1967 1719 2007 Niebuhrius

330 2032 408 2072 vol.
439 2032 468 2071 I.
498 2044 535 2082 p.
569 2033 662 2071 367.
723 2031 923 2071 Sententia
951 2032 1048 2071 haec
1079 2037 1155 2078 est,
1194 2036 1235 2071 ut
1262 2033 1450 2082 ignobilis
1483 2034 1717 2084 posterioris

331 2098 470 2137 aetatis
508 2098 681 2136 homines
715 2098 1000 2147 ignobilitatem
1038 2110 1145 2137 suam
1189 2099 1401 2150 splendidis
1440 2101 1611 2150 gentium
1642 2113 1715 2154 pa-

328 2165 527 2203 triciarum
568 2164 839 2214 cognominum
877 2164 1092 2203 nominibus
1127 2166 1435 2216 praetexuerint‚
1480 2179 1576 2217 quas
1621 2167 1713 2206 olim

329 2231 379 2270 ad
406 2231 560 2282 plebem
588 2230 776 2269 transisse
806 2230 990 2269 dicerent.

440 2311 464 2334 a
486 2300 545 2333 M’
570 2297 708 2345 Tullio]
739 2297 873 2336 consul
898 2309 980 2336 cum
1007 2298 1092 2337 Ser.
1110 2297 1284 2348 Sulpicio
1309 2310 1344 2335 a.
1370 2299 1451 2337 254
1473 2298 1557 2337 suit.
1603 2298 1715 2347 Quod

327 2364 441 2404 Tusc.
474 2364 501 2402 Ι.
535 2364 610 2410 16,
641 2364 706 2403 38.
745 2375 829 2402 eum
867 2376 976 2402 suum
1012 2364 1194 2413 gentilem
1232 2370 1363 2411 vocat,
1402 2375 1526 2415 neque
1562 2364 1717 2403 iocatur

328 2430 488 2476 Cicero,
525 2435 566 2468 nt
596 2430 745 2470 Orellio
776 2430 1009 2482 Klotzioque
1037 2431 1181 2478 visum,
1217 2441 1342 2481 neque
1378 2431 1417 2469 id
1448 2442 1530 2470 cum
1559 2431 1633 2470 hoc
1666 2431 1713 2470 de

326 2497 573 2547 ignobilitate
599 2509 670 2534 sua
694 2497 913 2537 testimonio
939 2502 1105 2549 pugnat3
1130 2497 1169 2536 id
1190 2497 1292 2548 quod
1315 2498 1408 2537 satis
1428 2509 1476 2537 ex
1491 2497 1713 2537 definitione

325 2564 544 2612 gentilitatis
574 2567 741 2610 constat,
776 2576 890 2615 quam
920 2564 1024 2604 dedit
1053 2564 1153 2616 Top.
1183 2565 1231 2611 6,
1263 2566 1330 2604 29.

439 2631 505 2669 63.
567 2630 730 2679 Catonis]
771 2630 831 2670 De
860 2632 917 2671 M.
947 2630 1095 2671 Catone
1126 2630 1266 2670 dictum
1301 2631 1341 2669 in
1368 2630 1551 2682 prolegg.
1579 2628 1613 2683 ξ.
1646 2633 1709 2671 13.

438 2700 541 2734 culus
575 2696 738 2734 arbitror
765 2698 949 2747 plurimas
978 2697 1068 2746 esse]
1100 2697 1326 2737 serebantur
1347 2698 1490 2749 Lysiae
1512 2699 1709 2737 orationes

327 2762 601 2810 CCCCXXV.,
647 2775 809 2815 quarum
858 2765 1049 2814 genuinae
1093 2778 1117 2803 a
1159 2766 1346 2816 Dionysio
1395 2765 1707 2816 agnoscebantur
