1835 3126
360 215 558 260 BREVlS
588 213 983 267 ELOQUENTIAE
1015 214 1150 259 ROM.
1180 215 1323 258 HIST.
1486 218 1547 261 11

163 332 340 372 oratione
377 331 576 371 senatoria
612 330 825 370 discussum
840 328 925 381 (²²⁹).
985 330 1084 370 Huic
1121 335 1306 386 nontam
1342 328 1549 370 consulare

162 399 376 450 ingenium,
414 411 528 450 quam
571 398 648 437 iuri
687 396 938 449 disceptando
982 403 1111 437 natum
1151 398 1198 438 L.
1226 397 1423 439 Volumnii
1457 409 1549 437 con-

161 466 256 505 sulis
281 466 456 516 graviter
477 465 526 504 ab
555 476 600 504 eo
628 464 729 504 laesi
753 476 821 504 ore
844 465 977 505 Livius
994 466 1129 505 tribuit
1145 462 1233 517 (3⁰);
1264 470 1391 504 tamen
1407 464 1550 504 famam

160 532 407 585 eloquentiae
449 532 499 571 ad
530 544 601 571 sua
629 544 752 584 usque
781 537 957 584 tempora
986 534 1173 574 mansisse
1203 538 1240 572 et
1269 533 1353 585 ipse
1386 537 1551 572 testatur
1586 561 1592 565 -

161 605 198 639 et
248 599 317 638 alii
361 600 443 639 eius
482 600 621 639 aetatis
666 599 876 651 scriptores
909 596 993 651 (3¹).
1061 600 1142 640 Nec
1184 600 1328 639 minimi
1372 599 1422 639 ad
1465 611 1550 638 eam

162 666 317 706 laudem
353 667 534 706 momenti
569 666 797 706 censendum
834 667 932 706 illud
962 672 1036 715 est,
1079 667 1182 720 quod
1210 668 1374 720 primum
1404 667 1550 707 Roma-

161 745 297 773 norum
335 746 456 786 prosa
492 734 670 774 oratione
707 746 816 772 usum
852 734 1023 774 Isidorus
1063 739 1216 782 narrat,
1258 735 1400 786 quippe
1442 734 1550 772 cuius

161 801 273 840 unius
302 812 349 839 ex
378 813 425 840 ea
456 805 583 840 aetate
613 811 750 838 nomen
780 800 933 851 scriptis
964 800 1201 838 illustratum
1231 800 1301 838 ille
1331 801 1450 838 sciret
1466 797 1549 850 (³³²).

163 868 387 907 Orationem
435 866 482 904 de
526 865 686 904 foedere
727 866 886 915 Pyrrhi,
939 866 1047 904 cuius
1089 870 1221 916 partes
1267 865 1455 917 quaedam
1500 867 1550 905 ab

159 933 284 973 Ennio
315 933 355 971 iu
382 931 598 972 Annalibus
632 942 843 983 expressae
873 937 1042 979 exstant,
1076 931 1213 971 Cicero
1245 932 1398 984 quidem
1427 933 1552 973 haud-

161 1011 357 1051 quaquam
403 997 672 1038 delectabilem
718 997 842 1038 videri
881 997 1099 1049 legentibus
1136 996 1434 1050 signifieat(³³);
1479 1013 1550 1040 nos

158 1066 273 1106 rudia
311 1066 433 1106 verba
476 1066 599 1105 minus
648 1065 789 1105 acerbe
832 1065 1047 1106 iudicantes
1091 1066 1263 1106 fortasse
1306 1068 1551 1109 severitatem

160 1134 436 1174 sententiarum
468 1133 723 1185 probaremus
740 1129 822 1184 (3⁴¹).
882 1132 1048 1174 Carmen
1078 1134 1160 1173 eius
1192 1134 1405 1186 quoddam,
1444 1131 1550 1188 γνώ-

159 1214 246 1252 μας
283 1206 379 1253 puta
407 1200 546 1249 fuisse,
577 1211 815 1252 magnopere
843 1200 1019 1242 laudavit
1046 1202 1257 1241 Panaetius
1286 1202 1441 1243 Stoicus
1460 1200 1549 1254 (³5):

158 1267 271 1306 huius
294 1268 372 1306 tria
397 1266 734 1319 deprehenduntur
753 1268 922 1319 vestigia
937 1268 1041 1322 apud
1055 1274 1305 1322 personatum
1320 1270 1551 1311 Sallustium

158 1334 313 1374 Festum
341 1335 583 1374 Priscianum
600 1331 682 1387 (3⁶).

272 1402 478 1453 Sequentis
515 1403 653 1442 aetatis
691 1403 864 1443 virorum
904 1404 950 1449 Q.
979 1405 1151 1441 Maximi
1190 1404 1425 1443 Cunctator-ts
1460 1406 1550 1446 lau-

161 1467 266 1507 datio
303 1468 375 1507 filii
412 1474 499 1509 ante
535 1470 661 1521 ipsum
699 1470 869 1510 defuncti
907 1471 1086 1510 exstabat
1101 1466 1172 1522 (37)
1210 1472 1432 1522 ingentibus
1462 1473 1549 1512 lau-

162 1534 274 1574 dibus
311 1541 450 1574 ornata
481 1548 504 1574 a
532 1537 742 1576 Plutarcho
761 1534 828 1588 (33)
858 1543 1020 1590 propter
1049 1539 1281 1588 gravitatem
1311 1544 1348 1578 et
1380 1539 1550 1591 pruden-

162 1602 255 1641 tiam
291 1603 502 1654 selltiendi3
540 1607 584 1641 P.
616 1605 804 1654 Scipionis
832 1605 1009 1652 Africani
1048 1605 1175 1644 oratio
1211 1605 1436 1656 legebatur,
1472 1620 1550 1659 qua

162 1669 348 1709 adversus
394 1675 661 1710 accusatorem
704 1683 812 1709 suum
855 1684 948 1710 usus
991 1677 1048 1710 est
1064 1669 1154 1721 (39),
1198 1673 1428 1713 brevissima
1468 1675 1550 1713 sine

162 1736 278 1776 dubio
318 1742 354 1776 et
390 1737 503 1786 levis,
542 1738 684 1789 quippe
723 1750 802 1789 qua
827 1749 875 1776 ne
905 1750 1042 1777 nomen
1072 1739 1225 1791 quidem
1253 1741 1418 1780 hominis
1448 1752 1552 1780 com—

160 1810 452 1844 memoraretur.
531 1804 591 1843 De
629 1807 673 1842 P.
714 1807 863 1842 Licinio
906 1806 1043 1844 Crasso
1080 1809 1206 1844 Divite
1252 1804 1351 1846 nihil
1394 1813 1552 1860 praeter

159 1871 418 1910 testimonium
458 1869 707 1923 eloquentiae
742 1871 936 1923 reliquum
975 1878 1032 1912 est
1049 1870 1130 1925 (⁴¹⁰).
1199 1874 1278 1914 Sed
1321 1875 1363 1920 Q.
1394 1876 1552 1925 Metellis,

161 1937 227 1989 qui
270 1949 354 1976 cum
389 1938 434 1978 L.
475 1938 635 1979 Veturio
680 1938 816 1978 consul
851 1939 925 1979 fuit
966 1953 1001 1980 a.
1046 1942 1164 1990 548„
1211 1943 1396 1993 egregius
1440 1943 1551 1983 locus

158 2003 396 2044 laudationis
424 2005 600 2045 funebris
638 2006 676 2045 in
705 2006 892 2046 honorem
921 2009 1045 2060 patris
1074 2009 1134 2048 bis
1166 2009 1335 2049 consulis
1363 2015 1399 2049 et
1429 2010 1552 2050 dicta—

158 2072 256 2111 toris
304 2077 431 2112 exstat
474 2072 577 2125 apud
614 2073 795 2113 Plinium.
863 2074 999 2116 Oratio
1042 2076 1089 2116 de
1126 2076 1366 2129 Carthagine
1407 2079 1552 2118 rectius

159 2138 209 2178 ad
238 2139 537 2179 Macedonicum
568 2140 738 2180 refertur
755 2138 836 2191 (⁴¹).

251 2246 311 2290 29)
343 2247 425 2282 Liv.
459 2249 542 2292 epit.
570 2248 667 2283 XIII.
710 2249 785 2284 Cic.
809 2249 913 2285 Brut.
943 2250 1004 2292 14,
1030 2250 1085 2284 55.
1126 2250 1203 2285 Cat.
1230 2249 1284 2286 M.
1310 2252 1350 2295 6,
1378 2252 1429 2287 16.
1470 2253 1551 2288 Val.

160 2301 261 2337 Max.
278 2302 376 2337 V111.
401 2303 462 2345 13,
481 2304 512 2339 5.
539 2303 635 2338 Plut.
650 2304 781 2350 Pyrrh.
804 2305 855 2341 18.
972 2306 1031 2349 30)
1052 2306 1132 2342 Liv.
1151 2307 1196 2341 X.
1216 2307 1270 2342 22.
1387 2308 1445 2352 3l)
1465 2309 1549 2346 Liv.

160 2358 204 2392 X.
227 2358 279 2394 19.
314 2359 388 2394 Cic.
406 2359 509 2395 Brut.
529 2361 552 2395 1.
571 2373 600 2395 c,
635 2361 713 2396 Cat.
732 2361 754 2396 l.
775 2374 804 2397 c.
920 2363 980 2406 3⁶2)
1006 2360 1129 2409 Origg.
1148 2362 1192 2397 11.
1209 2364 1243 2398 2.
1361 2365 1420 2409 33)
1446 2366 1548 2403 Brut.

164 2415 224 2458 16,
249 2414 304 2450 61.
425 2416 483 2460 34)
515 2428 550 2452 v.
576 2417 753 2454 Niebuhr.
782 2418 826 2455 H.
852 2419 895 2453 R.
928 2420 1001 2454 vol.
1028 2419 1088 2455 HI.
1126 2432 1160 2465 p.
1186 2420 1262 2455 571.
1382 2422 1441 2466 35)
1476 2424 1550 2460 Cic.

162 2471 266 2506 Tusc.
285 2471 344 2506 lv.
367 2472 406 2514 2,
424 2473 456 2508 4.
571 2474 630 2517 36)
655 2474 784 2509 Festus
804 2488 840 2511 v.
861 2475 1061 2523 stuprum.
1096 2476 1184 2512 Sall.
1203 2477 1249 2512 de
1268 2477 1336 2523 Rp.
1360 2479 1437 2514 ord.
1457 2480 1493 2523 1,
1518 2481 1547 2516 l.

162 2527 279 2563 Prisc.
306 2527 401 2563 Vlll.
428 2540 461 2574 p.
489 2529 565 2566 792.
614 2531 714 2566 Nihil
739 2531 928 2577 proficitur
960 2545 1007 2567 ex
1031 2534 1237 2569 auctoribus
1267 2535 1356 2578 illis,
1389 2548 1477 2581 quos
1504 2538 1550 2571 de

162 2585 271 2629 Appii
291 2585 506 2621 carminibus
523 2587 644 2622 laudat
659 2588 836 2634 Bleyerus
852 2590 895 2625 fr.
916 2588 981 2626 Or.
997 2590 1039 2624 R.
1058 2601 1092 2635 p.
1107 2590 1140 2626 3.
1158 2591 1214 2626 ed.
1231 2591 1274 2626 ΙΙ.
1391 2593 1450 2637 37)
1477 2595 1550 2629 Cic.

164 2641 240 2676 Cat.
260 2643 293 2684 4,
312 2642 362 2678 12.
474 2643 534 2688 38)
553 2644 649 2679 Plut.
666 2644 755 2680 Fab.
774 2646 802 2681 l.
913 2646 972 2690 39)
989 2645 1071 2682 Liv.
1089 2647 1292 2685 XXXVIII.
1313 2650 1369 2686 56.
1398 2651 1441 2685 cs.
1459 2651 1549 2685 Gell.

163 2697 224 2733 lV.
252 2698 304 2734 18.
423 2700 481 2744 40)
514 2700 596 2739 Liv.
622 2701 736 2739 XXX.
766 2704 793 2740 l.
914 2704 972 2749 41)
1003 2704 1097 2741 Plin.
1125 2705 1169 2743 H.
1193 2705 1240 2742 Ν.
1270 2706 1344 2744 Vll.
1371 2708 1425 2743 43.
1467 2708 1546 2744 Val.

162 2753 266 2791 Max.
291 2754 370 2792 Vll.
396 2756 436 2800 2.
461 2758 493 2794 3.

1254 2944 1279 2969 (9
