1835 3126
270 232 386 283 414
702 232 1223 279 EXPLICATIONES

385 348 479 387 256.
540 349 672 384 minant
694 347 950 396 imperatores]
978 347 1187 397 ignobiles.
1227 353 1398 387 Minutas
1421 349 1660 399 philosophos

271 416 422 469 pariter
459 413 552 452 dicti
590 412 637 451 de
667 413 794 452 Divin.
825 413 855 452 I.
889 415 954 453 30.
999 413 1083 453 Cat.
1113 414 1171 454 M.
1203 416 1278 463 23,
1307 417 1395 464 85„
1433 416 1499 467 qui
1537 415 1660 454 eidem

270 483 401 533 plebeiis
430 481 545 520 Tusc.
580 480 607 518 l.
639 481 713 528 23,
743 480 808 519 55.

382 561 426 585 ae
450 547 541 583 mihi
565 547 789 595 acclametis]
817 545 1021 585 adversam
1045 545 1363 585 acclamationem
1385 545 1476 585 (licit
1497 548 1660 587 similem

270 616 350 663 illi,
379 626 457 666 qua
488 618 623 652 orator
650 613 846 661 turbatur,
879 613 944 664 qui
975 614 1145 652 contioni
1176 613 1371 664 displicet:
1415 613 1454 650 in
1484 625 1558 664 quo
1590 626 1660 664 ge-

271 693 363 721 nere
392 682 431 719 in
454 681 587 732 primis
618 680 799 731 frequens
828 685 886 719 est
916 679 1019 732 apud
1040 680 1335 719 Demosthenem
1363 678 1461 717 illud
1489 676 1563 719 καί
1583 693 1661 728 μοι

269 746 329 802 μὴ
361 742 643 800 θορυβήσητε
680 744 836 801 μηδέν,
877 739 911 786 ὦ
943 740 1099 801 ἄνδρες
1125 747 1373 800 Αθηναῖοι.
1436 746 1574 785 Cicero
1612 745 1662 783 ad

271 816 317 865 Q.
346 816 410 855 Fr.
439 813 486 853 II.
519 815 565 852 3:
607 814 703 851 (lixit
739 816 937 863 Pompeias
972 817 1049 852 sive
1085 815 1224 852 voluit:
1262 827 1372 858 nam,
1410 819 1451 849 at
1483 815 1660 857 surrexit,

271 895 405 932 operae
423 881 626 918 Clodianae
650 881 849 918 clamorem
867 881 1094 918 sustulerant
1118 881 1227 930 itique
1249 882 1282 917 ci
1302 884 1479 930 perpetua
1495 882 1662 917 oratione

270 952 445 997 contigit,
476 961 549 985 non
579 947 688 984 modo
717 952 758 983 ut
786 947 1076 992 acclamatione,
1116 948 1181 984 sed
1209 953 1250 984 at
1279 949 1443 984 convicio
1478 952 1511 983 et
1543 947 1662 983 nuile-

270 1016 379 1053 dictis
407 1014 657 1063 tomacla-etur.
716 1014 826 1053 Hanc
855 1014 973 1053 vitari
999 1014 1107 1053 iubet
1136 1014 1182 1053 (le
1214 1015 1279 1054 Or.
1311 1014 1359 1053 II.
1389 1014 1465 1061 83,
1496 1013 1590 1052 339.

382 1082 468 1131 plns
496 1081 676 1130 interfuit]
713 1081 823 1119 illam
853 1081 1073 1132 opinionem
1104 1081 1217 1133 quasi
1246 1081 1333 1133 plus
1363 1080 1488 1132 prosit
1517 1079 1663 1119 civitati

270 1150 483 1200 imperator
522 1159 637 1197 quam
672 1148 733 1185 vir
764 1159 893 1186 rerum
930 1148 1097 1187 civilium
1139 1159 1285 1198 gnarus
1322 1147 1494 1186 studiose
1529 1146 1663 1185 minuit

271 1215 411 1256 Cicero
428 1212 500 1253 Off.
517 1213 546 1251 I.
564 1214 630 1250 22.
676 1212 725 1251 Et
750 1212 796 1252 de
820 1214 904 1252 viro
928 1226 971 1252 re
993 1214 1152 1264 publica
1175 1214 1277 1252 domi
1301 1214 1475 1264 gerenda
1500 1213 1662 1263 egregie

270 1282 406 1321 merito
438 1279 687 1326 assentimur3
727 1280 787 1318 sin
816 1280 849 1317 is
881 1285 1016 1319 orator
1046 1280 1152 1318 solus
1186 1280 1277 1327 erit,
1314 1280 1502 1318 malumus
1534 1279 1661 1318 Catuli

269 1348 497 1389 sententiam
535 1347 707 1398 probare
744 1358 792 1385 ex
819 1346 1027 1386 Hortensio
1067 1346 1267 1387 Ciceronis
1304 1351 1493 1385 retentam
1530 1358 1554 1384 a
1582 1346 1662 1385 La-

271 1416 415 1456 ctantio
442 1414 507 1456 VI.
537 1416 583 1461 2,
612 1413 682 1453 15:
718 1414 839 1459 malo,
869 1414 1012 1465 inquit,
1041 1414 1098 1451 vel
1127 1427 1241 1451 namn
1274 1426 1433 1463 parvam
1462 1413 1506 1450 cle
1536 1411 1662 1459 officio

270 1483 452 1526 libellum,
484 1494 596 1531 qaam
619 1481 769 1529 lonyam
794 1484 1000 1519 orationem
1028 1494 1097 1530 pro
1117 1481 1292 1518 seditioso
1315 1481 1461 1518 homine
1479 1480 1659 1517 Cornelio.

381 1547 512 1597 batuli]
554 1547 676 1587 eidem
711 1548 847 1600 peritis
885 1552 922 1587 et
960 1547 1120 1587 eruditis
1161 1552 1407 1601 opponuntur
1442 1547 1482 1586 in
1515 1544 1660 1586 Parad.

268 1616 333 1656 ΙΙΙ.
366 1618 412 1663 2,
443 1617 509 1653 23.

380 1681 555 1722 LXXIV.
609 1681 703 1721 258.
752 1681 966 1731 Caeciliam]
991 1681 1139 1722 Statius
1162 1680 1358 1720 Caecilius
1381 1679 1543 1720 Insuber
1567 1678 1661 1720 Gal-

268 1750 329 1789 lus
373 1761 408 1788 a.
440 1750 523 1789 586
562 1749 642 1788 vita
680 1749 858 1788 excessit.
925 1749 1112 1789 Errorem
1151 1748 1373 1796 Ciceronis,
1421 1746 1525 1800 quod
1560 1747 1661 1786 hunc

268 1816 398 1856 Laelii
439 1821 476 1854 et
515 1815 710 1866 Scipionis
752 1816 956 1867 aequalem
995 1817 1156 1864 dixerit,
1201 1827 1312 1868 quem
1353 1813 1548 1867 reperisse
1586 1814 1661 1853 sibi

268 1883 454 1933 Meyerus
492 1881 664 1928 videtur,
706 1893 780 1931 ego
821 1882 969 1920 nullum
1004 1883 1283 1923 animadverto.
1342 1882 1426 1922 Etsi
1465 1882 1564 1921 enim
1600 1881 1661 1920 illi

269 1951 375 1989 circa
405 1961 545 1987 annum
574 1948 657 1988 570
686 1948 767 1987 nati
797 1953 901 1996 sunt,
934 1949 1020 1988 iure
1048 1954 1175 1988 tamen
1206 1949 1399 1988 Caecilius
1430 1961 1562 1988 eorum
1592 1960 1661 1987 ae-

269 2016 397 2068 qualis
429 2015 504 2054 dici
537 2015 683 2066 potuit,
722 2015 790 2065 qui
827 2027 910 2054 cum
939 2016 1019 2054 illis
1050 2016 1224 2067 quamvis
1259 2015 1475 2054 iunioribus
1505 2015 1660 2055 vixerit.

268 2083 402 2123 Malus
439 2079 645 2121 latinitatis
682 2086 818 2120 auctor
854 2087 1016 2121 vocatur
1045 2083 1160 2121 etiam
1190 2081 1240 2120 ad
1264 2083 1341 2120 Att.
1369 2081 1451 2122 VII.
1481 2082 1519 2119 3.
1579 2085 1660 2119 Pa-

268 2153 397 2188 cuvius
421 2153 564 2196 autem,
596 2148 661 2200 qui
682 2147 766 2187 fere
788 2149 1004 2199 nonaginta
1025 2160 1147 2188 annos
1171 2152 1285 2187 natus
1311 2146 1475 2187 decessit
1504 2160 1540 2186 a.
1564 2148 1659 2197 625,

269 2229 353 2256 cum
381 2215 637 2255 Brundisinus
661 2219 772 2254 ⁴esset
798 2227 869 2254 nec
899 2220 1081 2267 quantum
1111 2215 1258 2255 Ennius
1289 2215 1371 2254 eius
1401 2219 1590 2265 cognatus
1620 2216 1660 2254 in

268 2295 444 2323 sermone
476 2281 713 2323 emendando
752 2282 1014 2333 elaborasset,
1052 2284 1137 2335 ipse
1172 2293 1327 2335 quoque
1362 2282 1563 2334 inquinate
1596 2282 1659 2321 lo-

268 2356 377 2391 cutus
408 2355 478 2391 est.

376 2430 442 2455 nec
468 2417 542 2466 eos]
574 2416 731 2456 inutiles
762 2416 1009 2456 coniecturae
1039 2420 1126 2454 sunt
1151 2415 1345 2456 Gulielmii
1372 2420 1408 2455 et
1432 2415 1587 2456 Ernesti
1616 2429 1658 2454 os

268 2484 566 2535 corrigentium,
596 2485 709 2523 huius
734 2489 942 2536 praeterea
969 2484 1162 2524 inventum
1192 2497 1233 2522 os
1262 2483 1434 2522 barbarie
1458 2484 1659 2522 domestica

266 2553 561 2599 infuscaverant.
620 2551 779 2591 Fefellit
815 2553 886 2591 hos
927 2556 964 2591 et
995 2551 1240 2592 Schuetzium
1276 2564 1338 2589 eos
1373 2555 1464 2603 post
1498 2553 1561 2600 qut
1598 2551 1658 2589 in-

268 2623 436 2669 gestum,
463 2618 568 2670 quod
591 2619 630 2658 in
651 2623 797 2658 mutato
823 2630 916 2659 casu
937 2619 1174 2672 pronominis
1200 2618 1414 2669 legitimum
1435 2622 1472 2656 et
1497 2617 1658 2658 Graecis

270 2690 306 2723 et
334 2686 485 2725 Latinis
517 2691 585 2725 est.
643 2686 703 2726 De
734 2687 894 2727 Graecis
929 2686 1181 2739 expedierunt
1210 2686 1451 2725 Hermannus
1488 2683 1539 2724 ad
1566 2684 1656 2733 vig.

268 2763 307 2790 n.
330 2753 395 2792 28.
426 2765 465 2805 p.
489 2754 583 2793 707.
615 2758 651 2793 et
680 2753 925 2794 Heindorfius
956 2754 1006 2794 ad
1034 2754 1149 2807 Hipp.
1181 2753 1279 2795 Mai.
1311 2751 1346 2805 ὅ.
1376 2755 1440 2794 22.
1451 2767 1462 2801 ;
1492 2751 1656 2793 Latinos
