1835 3126
341 132 538 176 BREVIS
568 131 963 185 ELOQUENTIAE
996 132 1130 176 ROM.
1161 133 1305 178 HIST.
1429 137 1517 181 89

132 254 169 288 et
202 247 392 287 facilitate
430 247 638 288 verborum
681 248 721 286 in
758 252 957 287 oratorum
999 260 1196 288 numerum
1233 249 1410 302 pervenit
1433 246 1518 300 (5⁰).

130 319 174 354 P.
196 315 371 360 Antistii,
405 315 471 366 qui
500 326 583 354 cum
604 314 738 366 priore
763 327 841 354 una
866 320 923 354 est
953 316 1125 364 occisus,
1155 316 1292 356 laudes
1318 328 1395 356 non
1425 328 1517 356 con-

130 381 352 421 temnendas
393 381 531 422 Cicero
569 382 703 429 habet;
749 382 871 421 fuisse
916 383 1014 421 enim
1055 383 1147 422 dicit
1189 388 1341 423 acutum
1381 384 1421 423 in
1458 384 1518 422 in-

128 448 335 496 veniendo,
365 447 588 500 diligentem
612 450 652 487 in
675 450 972 501 compositione,
1004 451 1189 490 memoria
1210 450 1401 499 valuisse,
1429 462 1518 491 ver-

128 516 188 555 bis
219 527 295 555 non
326 516 487 555 abiectis
519 529 652 565 usum3
690 529 767 568 qua
793 529 837 555 re
870 517 1023 556 summis
1055 518 1277 557 oratoribus
1312 519 1393 557 eius
1423 522 1517 557 tem-

128 583 236 635 poris
275 584 472 622 exstinctis
505 583 716 636 plerasque
754 596 892 623 causas
932 584 981 623 ad
1019 596 1103 624 eum
1141 597 1226 625 esse
1259 585 1408 625 delatas
1435 583 1517 636 (⁵7).

128 650 238 689 Hunc
286 651 439 690 minime
484 651 680 703 aequabat
728 652 792 688 Cn.
836 655 1087 701 PompontuS,
1145 653 1310 692 maxime
1359 659 1520 706 propter

130 718 345 757 orati0nem
375 718 491 757 rebus
519 718 736 766 confusam,
767 719 899 759 verbis
929 719 1194 769 perturbatam
1210 717 1292 770 (⁵⁸).
1341 720 1519 772 Denique

130 796 264 824 eorum
299 789 516 832 oratorum,
560 785 627 835 qui
665 789 775 822 extra
814 784 947 821 urbem
986 784 1217 832 floruerunt,
1260 786 1519 837 principatum

131 851 269 891 Cicero
303 854 346 887 Τ.
372 853 524 887 Betucto
549 853 672 887 Bari-o
698 849 895 889 Asculano
927 849 1011 897 dat;
1042 850 1108 901 qui
1138 852 1277 891 ceteris
1307 857 1517 892 memoratu

128 917 303 968 dignior,
336 916 439 968 quod
465 916 608 956 nobilis
630 917 757 956 oratio
789 917 870 955 eius
902 922 1037 956 contra
1061 917 1298 970 Caepionem
1329 920 1518 969 exstabat,

130 985 192 1024 cui
219 985 512 1037 responsionem
542 984 698 1037 scripsit
727 984 773 1024 L.
797 983 933 1024 Aelius
962 984 1061 1025 Stilo
1085 981 1168 1036 (59).

755 1096 789 1151 ς.
822 1099 888 1137 34.

221 1172 364 1210 Quarta
390 1172 621 1217 eloquentiae
645 1173 834 1208 Romanae
861 1179 973 1208 aetas.
1023 1174 1144 1209 Status
1169 1175 1222 1209 rei
1248 1175 1425 1220 publicae.

240 1255 321 1295 Iam
368 1254 418 1294 ad
464 1260 641 1307 quartam
686 1256 934 1308 eloquentiae
973 1257 1173 1297 Romanae
1218 1262 1383 1296 aetatem
1428 1267 1519 1308 per-

128 1323 319 1372 venimus,
359 1335 437 1374 qua
472 1322 523 1361 ad
553 1335 737 1363 summum
767 1325 1032 1376 praestantiae
1068 1324 1269 1375 fastigium
1300 1330 1357 1363 est
1387 1329 1521 1364 evecta

129 1402 207 1429 non
234 1395 313 1429 tam
340 1389 637 1442 praeclarorum
657 1391 831 1431 virorum
860 1391 1016 1440 studiis,
1048 1404 1163 1444 quam
1192 1392 1280 1443 ipsa
1308 1392 1366 1430 rei
1389 1391 1519 1442 publi-

131 1469 201 1496 cae
241 1456 459 1496 conditione
501 1461 539 1496 et
576 1459 820 1497 necessitate.
878 1459 949 1498 Est
984 1459 1083 1497 enim
1122 1470 1268 1497 summa
1298 1458 1521 1509 eloquentia

129 1524 343 1563 liberarum
375 1523 527 1575 quidem
557 1525 753 1565 civitatum
784 1525 956 1574 alumna,
994 1524 1063 1564 sed
1101 1537 1178 1564 non
1212 1526 1453 1576 integrarum
1484 1530 1521 1564 et

128 1591 227 1630 bene
267 1596 524 1639 moratarum‚
566 1591 634 1631 sed
662 1593 853 1631 ruentium
891 1597 927 1631 et
965 1592 1006 1630 in
1040 1604 1148 1630 suam
1177 1593 1388 1643 perniciem
1417 1592 1520 1632 vitiis

128 1658 442 1709 turgescentium.
487 1658 573 1698 Non
597 1659 759 1698 dixerim
787 1658 940 1710 quidem
970 1659 1065 1697 solis
1094 1659 1288 1698 hominum
1317 1664 1354 1698 et
1380 1658 1521 1698 factio-

129 1738 218 1764 num
255 1725 366 1764 malis
405 1730 441 1764 et
482 1725 724 1765 facinoribus
767 1726 907 1775 augeri
951 1737 1113 1777 eamque
1150 1737 1232 1765 rem
1270 1726 1522 1777 praecipuam

129 1792 343 1833 dicentibus
383 1792 581 1831 materiem
619 1791 890 1844 suppeditare:
933 1793 1002 1833 sed
1041 1794 1215 1845 quamvis
1254 1793 1303 1831 sit
1341 1805 1522 1844 magnum

130 1865 167 1900 et
194 1860 346 1909 regium
383 1859 422 1898 in
448 1859 642 1898 hominum
679 1865 824 1899 mentes
863 1872 994 1900 rerum
1031 1861 1237 1913 prudentia
1268 1864 1304 1899 et
1337 1859 1521 1899 facundia

128 1927 335 1968 verborum
359 1926 568 1976 dominari,
598 1927 671 1966 illa
699 1933 828 1967 tamen
854 1940 984 1968 rerum
1005 1929 1259 1968 humanarum
1288 1933 1429 1968 natura
1452 1933 1521 1977 est,

128 1999 169 2034 ut
196 1994 237 2033 id
259 1994 425 2033 maxime
453 1995 493 2033 iu
516 2006 582 2034 eas
609 1995 782 2035 civitates
809 1995 941 2044 cadat,
974 2008 1074 2048 quae
1096 1996 1331 2036 factionibus
1357 2009 1521 2048 quassa-

128 2066 192 2101 tae
221 2062 261 2100 in
288 2063 501 2114 potentium
528 2063 723 2102 hominum
753 2063 956 2103 clientelas
981 2065 1218 2104 scindantur.
1258 2064 1373 2115 Apud
1397 2064 1522 2103 bonos

130 2130 230 2168 enim
266 2130 359 2169 boni
386 2130 519 2170 valent
550 2135 586 2169 et
615 2131 748 2181 magni
779 2132 1066 2177 existimantur3
1106 2132 1146 2168 in
1177 2131 1331 2169 civitate
1368 2130 1522 2181 perdita

131 2197 197 2247 qui
227 2196 314 2235 sola
343 2196 549 2248 prudentia
579 2202 645 2235 aut
672 2209 821 2236 morum
848 2197 1073 2247 integritate
1104 2197 1409 2246 commendatur,
1447 2199 1523 2237 nisi

130 2262 528 2315 accedat=eloque11di
558 2276 644 2312 ars,
685 2276 763 2316 qua
793 2263 1035 2315 decipiantur
1065 2264 1152 2312 alii,
1184 2264 1253 2303 alii
1282 2271 1521 2314 moveantur,

132 2330 260 2369 audiri
286 2342 363 2369 non
393 2330 504 2369 solet.
565 2331 632 2371 Sic
660 2331 806 2378 Attica,
839 2332 894 2370 sic
918 2331 1095 2370 Romana
1127 2332 1247 2372 crevit
1276 2332 1521 2384 eloquentia;

131 2398 319 2437 obmutuit
358 2402 525 2450 utraque
568 2404 606 2438 et
648 2398 827 2438 inanibus
871 2399 1131 2450 sophistarum
1173 2398 1520 2440 declamationibus

223 2561 282 2605 56)
315 2562 388 2597 Cic.
421 2562 566 2598 Divers.
600 2563 660 2598 IX.
693 2566 748 2600 2l.
791 2564 895 2600 Brut.
929 2563 991 2605 62,
1025 2563 1102 2600 221.
1221 2565 1280 2611 57)
1316 2567 1389 2602 Cic.
1416 2566 1518 2600 Brut.

133 2617 197 2660 63,
214 2618 293 2653 226.
411 2620 470 2664 58)
497 2620 570 2656 Cic.
587 2620 692 2657 Brut.
709 2622 771 2667 62,
788 2621 865 2659 221.
895 2621 941 2657 (le
959 2619 1021 2657 Or.
1039 2620 1079 2658 11.
1102 2620 1166 2666 22,
1185 2621 1239 2659 91.
1359 2623 1418 2667 59)
1445 2623 1518 2659 Cic.

135 2673 239 2711 Brut.
265 2676 326 2719 46,
354 2675 426 2712 169.
