<?xml version="1.0" encoding="UTF-8"?>
<!DOCTYPE html PUBLIC "-//W3C//DTD XHTML 1.0 Transitional//EN"
    "http://www.w3.org/TR/xhtml1/DTD/xhtml1-transitional.dtd">
<html xmlns="http://www.w3.org/1999/xhtml" xml:lang="en" lang="en">
 <head>
  <title>
</title>
<meta http-equiv="Content-Type" content="text/html;charset=utf-8" />
  <meta name='ocr-system' content='tesseract 3.04.00' />
  <meta name='ocr-capabilities' content='ocr_page ocr_carea ocr_par ocr_line ocrx_word'/>
</head>
<body>
  <div class='ocr_page' id='page_1' title='image "./brutussivedeclar00ciceuoft/brutussivedeclar00ciceuoft_0204.png"; bbox 0 0 1835 3126; ppageno 0'>
   <div class='ocr_carea' id='block_1_1' title="bbox 290 156 1164 227">
    <p class='ocr_par' dir='ltr' id='par_1_1' title="bbox 290 156 1164 227">
     <span class='ocr_line' id='line_1_1' title="bbox 290 156 1164 227; baseline -0.006 0"><span class='ocrx_word' id='word_1_1' title='bbox 290 156 410 227; x_wconf 65' lang='lat'>154</span> <span class='ocrx_word' id='word_1_2' title='bbox 810 177 1164 223; x_wconf 70' lang='lat' dir='ltr'>(xlcERonls</span> 
     </span>
    </p>
   </div>
   <div class='ocr_carea' id='block_1_2' title="bbox 288 286 1684 813">
    <p class='ocr_par' dir='ltr' id='par_1_2' title="bbox 288 286 1684 813">
     <span class='ocr_line' id='line_1_2' title="bbox 290 286 1682 336; baseline 0.001 -3"><span class='ocrx_word' id='word_1_3' title='bbox 290 292 544 333; x_wconf 85' lang='lat' dir='ltr'>lineamenta</span> <span class='ocrx_word' id='word_1_4' title='bbox 579 286 819 331; x_wconf 86' lang='lat' dir='ltr'>laudamus:</span> <span class='ocrx_word' id='word_1_5' title='bbox 866 297 907 332; x_wconf 87' lang='lat' dir='ltr'>at</span> <span class='ocrx_word' id='word_1_6' title='bbox 947 292 990 332; x_wconf 88' lang='lat' dir='ltr'>in</span> <span class='ocrx_word' id='word_1_7' title='bbox 1021 289 1205 334; x_wconf 84' lang='lat' dir='ltr'>Echione</span> <span class='ocrx_word' id='word_1_8' title='bbox 1242 290 1496 334; x_wconf 80' lang='lat' dir='ltr'>Nicomacho</span> <span class='ocrx_word' id='word_1_9' title='bbox 1536 292 1682 336; x_wconf 90' lang='lat' dir='ltr'>Proto-</span> 
     </span>
     <span class='ocr_line' id='line_1_3' title="bbox 290 365 1683 422; baseline 0.003 -14"><span class='ocrx_word' id='word_1_10' title='bbox 290 380 398 422; x_wconf 86' lang='lat' dir='ltr'>gene</span> <span class='ocrx_word' id='word_1_11' title='bbox 428 365 578 422; x_wconf 85' lang='lat' dir='ltr'>Apelle</span> <span class='ocrx_word' id='word_1_12' title='bbox 609 367 692 408; x_wconf 86' lang='lat' dir='ltr'>iam</span> <span class='ocrx_word' id='word_1_13' title='bbox 721 366 906 422; x_wconf 83' lang='lat' dir='ltr'>perfecta</span> <span class='ocrx_word' id='word_1_14' title='bbox 940 375 1032 409; x_wconf 82' lang='lat' dir='ltr'>sunt</span> <span class='ocrx_word' id='word_1_15' title='bbox 1064 370 1213 410; x_wconf 85' lang='lat' dir='ltr'>omnia.</span> <span class='ocrx_word' id='word_1_16' title='bbox 1272 370 1338 412; x_wconf 89' lang='grc'>71.</span> <span class='ocrx_word' id='word_1_17' title='bbox 1377 368 1428 412; x_wconf 86' lang='lat' dir='ltr'>Et</span> <span class='ocrx_word' id='word_1_18' title='bbox 1456 372 1600 413; x_wconf 86' lang='lat' dir='ltr'>nescio</span> <span class='ocrx_word' id='word_1_19' title='bbox 1630 385 1683 412; x_wconf 85' lang='lat' dir='ltr'>an</span> 
     </span>
     <span class='ocr_line' id='line_1_4' title="bbox 288 444 1682 501; baseline 0.003 -14"><span class='ocrx_word' id='word_1_20' title='bbox 288 445 462 501; x_wconf 88' lang='lat' dir='ltr'>reliquis</span> <span class='ocrx_word' id='word_1_21' title='bbox 502 445 546 486; x_wconf 89' lang='lat' dir='ltr'>in</span> <span class='ocrx_word' id='word_1_22' title='bbox 582 444 706 486; x_wconf 86' lang='lat' dir='ltr'>rebus</span> <span class='ocrx_word' id='word_1_23' title='bbox 739 444 926 487; x_wconf 86' lang='lat' dir='ltr'>omnihus</span> <span class='ocrx_word' id='word_1_24' title='bbox 964 445 1073 486; x_wconf 89' lang='lat' dir='ltr'>idem</span> <span class='ocrx_word' id='word_1_25' title='bbox 1113 447 1293 488; x_wconf 80' lang='lat' dir='ltr'>eveniat:</span> <span class='ocrx_word' id='word_1_26' title='bbox 1333 447 1436 490; x_wconf 89' lang='lat' dir='ltr'>nihil</span> <span class='ocrx_word' id='word_1_27' title='bbox 1476 456 1539 491; x_wconf 85' lang='lat' dir='ltr'>est</span> <span class='ocrx_word' id='word_1_28' title='bbox 1575 451 1682 491; x_wconf 89' lang='lat' dir='ltr'>enim</span> 
     </span>
     <span class='ocr_line' id='line_1_5' title="bbox 290 523 1684 583; baseline 0.002 -17"><span class='ocrx_word' id='word_1_29' title='bbox 290 523 413 566; x_wconf 91' lang='lat' dir='ltr'>simul</span> <span class='ocrx_word' id='word_1_30' title='bbox 454 530 491 564; x_wconf 88' lang='lat' dir='ltr'>et</span> <span class='ocrx_word' id='word_1_31' title='bbox 528 523 734 565; x_wconf 88' lang='lat' dir='ltr'>inventum</span> <span class='ocrx_word' id='word_1_32' title='bbox 773 529 812 565; x_wconf 89' lang='lat' dir='ltr'>et</span> <span class='ocrx_word' id='word_1_33' title='bbox 840 523 1083 579; x_wconf 81' lang='lat' dir='ltr'>perfectum3</span> <span class='ocrx_word' id='word_1_34' title='bbox 1121 536 1199 565; x_wconf 91' lang='lat' dir='ltr'>nec</span> <span class='ocrx_word' id='word_1_35' title='bbox 1233 523 1410 566; x_wconf 85' lang='lat' dir='ltr'>dubitari</span> <span class='ocrx_word' id='word_1_36' title='bbox 1440 526 1559 569; x_wconf 85' lang='lat' dir='ltr'>dehet</span> <span class='ocrx_word' id='word_1_37' title='bbox 1587 529 1684 583; x_wconf 86' lang='lat' dir='ltr'>quin</span> 
     </span>
     <span class='ocr_line' id='line_1_6' title="bbox 289 599 1683 657; baseline 0.003 -14"><span class='ocrx_word' id='word_1_38' title='bbox 289 602 441 644; x_wconf 88' lang='lat' dir='ltr'>fuerint</span> <span class='ocrx_word' id='word_1_39' title='bbox 473 608 566 643; x_wconf 87' lang='lat' dir='ltr'>ante</span> <span class='ocrx_word' id='word_1_40' title='bbox 589 599 809 643; x_wconf 88' lang='lat' dir='ltr'>Homerum</span> <span class='ocrx_word' id='word_1_41' title='bbox 838 608 1007 657; x_wconf 85' lang='lat' dir='ltr'>poetae,</span> <span class='ocrx_word' id='word_1_42' title='bbox 1039 601 1147 657; x_wconf 89' lang='lat' dir='ltr'>quod</span> <span class='ocrx_word' id='word_1_43' title='bbox 1177 614 1226 643; x_wconf 88' lang='lat' dir='ltr'>ex</span> <span class='ocrx_word' id='word_1_44' title='bbox 1256 603 1307 642; x_wconf 86' lang='lat' dir='ltr'>iis</span> <span class='ocrx_word' id='word_1_45' title='bbox 1340 604 1590 646; x_wconf 79' lang='lat' dir='ltr'>carminibus</span> <span class='ocrx_word' id='word_1_46' title='bbox 1620 607 1683 647; x_wconf 86' lang='lat' dir='ltr'>in-</span> 
     </span>
     <span class='ocr_line' id='line_1_7' title="bbox 290 678 1682 737; baseline 0.001 -15"><span class='ocrx_word' id='word_1_47' title='bbox 290 679 433 734; x_wconf 83' lang='lat' dir='ltr'>tellegi</span> <span class='ocrx_word' id='word_1_48' title='bbox 464 685 616 735; x_wconf 88' lang='lat' dir='ltr'>potest‚</span> <span class='ocrx_word' id='word_1_49' title='bbox 645 692 749 734; x_wconf 88' lang='lat' dir='ltr'>quae</span> <span class='ocrx_word' id='word_1_50' title='bbox 779 680 885 735; x_wconf 82' lang='lat' dir='ltr'>apud</span> <span class='ocrx_word' id='word_1_51' title='bbox 909 680 1025 722; x_wconf 91' lang='lat' dir='ltr'>illum</span> <span class='ocrx_word' id='word_1_52' title='bbox 1056 687 1095 721; x_wconf 88' lang='lat' dir='ltr'>et</span> <span class='ocrx_word' id='word_1_53' title='bbox 1127 681 1169 721; x_wconf 91' lang='lat' dir='ltr'>in</span> <span class='ocrx_word' id='word_1_54' title='bbox 1189 678 1425 722; x_wconf 86' lang='lat' dir='ltr'>Phaeacum</span> <span class='ocrx_word' id='word_1_55' title='bbox 1455 687 1494 721; x_wconf 86' lang='lat' dir='ltr'>et</span> <span class='ocrx_word' id='word_1_56' title='bbox 1523 682 1565 722; x_wconf 90' lang='lat' dir='ltr'>in</span> <span class='ocrx_word' id='word_1_57' title='bbox 1588 695 1682 737; x_wconf 85' lang='lat' dir='ltr'>pro-</span> 
     </span>
     <span class='ocr_line' id='line_1_8' title="bbox 289 757 1682 813; baseline 0.001 -13"><span class='ocrx_word' id='word_1_58' title='bbox 289 771 429 800; x_wconf 86' lang='lat' dir='ltr'>corum</span> <span class='ocrx_word' id='word_1_59' title='bbox 446 757 578 813; x_wconf 90' lang='lat' dir='ltr'>epulis</span> <span class='ocrx_word' id='word_1_60' title='bbox 597 763 806 799; x_wconf 86' lang='lat' dir='ltr'>canuntur.</span> <span class='ocrx_word' id='word_1_61' title='bbox 838 757 972 809; x_wconf 70' lang='lat' dir='ltr'>Quid‘.l</span> <span class='ocrx_word' id='word_1_62' title='bbox 994 760 1124 801; x_wconf 85' lang='lat' dir='ltr'>nostri</span> <span class='ocrx_word' id='word_1_63' title='bbox 1141 764 1302 800; x_wconf 84' lang='lat' dir='ltr'>veteres</span> <span class='ocrx_word' id='word_1_64' title='bbox 1317 771 1463 800; x_wconf 84' lang='lat' dir='ltr'>versus</span> <span class='ocrx_word' id='word_1_65' title='bbox 1479 758 1548 800; x_wconf 86' lang='lat' dir='ltr'>uhi</span> <span class='ocrx_word' id='word_1_66' title='bbox 1565 764 1682 802; x_wconf 62' lang='lat' dir='ltr'>sunt?</span> 
     </span>
    </p>
   </div>
   <div class='ocr_carea' id='block_1_3' title="bbox 355 859 1587 1101">
    <p class='ocr_par' dir='ltr' id='par_1_3' title="bbox 356 859 1235 912">
     <span class='ocr_line' id='line_1_9' title="bbox 356 859 1235 912; baseline 0.001 -13"><span class='ocrx_word' id='word_1_67' title='bbox 356 870 459 912; x_wconf 80' lang='lat' dir='ltr'>quos</span> <span class='ocrx_word' id='word_1_68' title='bbox 490 860 589 900; x_wconf 77' lang='lat' dir='ltr'>olim</span> <span class='ocrx_word' id='word_1_69' title='bbox 619 859 760 900; x_wconf 66' lang='lat' dir='ltr'>Fauna·</span> <span class='ocrx_word' id='word_1_70' title='bbox 791 865 983 912; x_wconf 77' lang='lat' dir='ltr'>vatesque</span> <span class='ocrx_word' id='word_1_71' title='bbox 1014 861 1235 907; x_wconf 75' lang='lat' dir='ltr'>canebant,</span> 
     </span>
    </p>

    <p class='ocr_par' dir='ltr' id='par_1_4' title="bbox 355 927 1587 1034">
     <span class='ocr_line' id='line_1_10' title="bbox 357 927 1587 980; baseline 0 -13"><span class='ocrx_word' id='word_1_72' title='bbox 357 938 450 967; x_wconf 81' lang='lat' dir='ltr'>cum</span> <span class='ocrx_word' id='word_1_73' title='bbox 478 939 608 979; x_wconf 76' lang='lat' dir='ltr'>neque</span> <span class='ocrx_word' id='word_1_74' title='bbox 635 927 861 967; x_wconf 74' lang='lat' dir='ltr'>Musarum</span> <span class='ocrx_word' id='word_1_75' title='bbox 890 927 1081 979; x_wconf 80' lang='lat' dir='ltr'>scopulos</span> <span class='ocrx_word' id='word_1_76' title='bbox 1114 928 1334 980; x_wconf 72' lang='lat' dir='ltr'>quisquam</span> <span class='ocrx_word' id='word_1_77' title='bbox 1365 933 1587 978; x_wconf 78' lang='lat' dir='ltr'>superarat</span> 
     </span>
     <span class='ocr_line' id='line_1_11' title="bbox 355 993 997 1034; baseline 0.003 -2"><span class='ocrx_word' id='word_1_78' title='bbox 355 1005 427 1032; x_wconf 72' lang='lat' dir='ltr'>nec</span> <span class='ocrx_word' id='word_1_79' title='bbox 456 993 555 1033; x_wconf 67' lang='lat' dir='ltr'>dicti</span> <span class='ocrx_word' id='word_1_80' title='bbox 585 994 796 1034; x_wconf 70' lang='lat' dir='ltr'>studiosus</span> <span class='ocrx_word' id='word_1_81' title='bbox 825 999 913 1034; x_wconf 78' lang='lat' dir='ltr'>erac</span> <span class='ocrx_word' id='word_1_82' title='bbox 942 1015 997 1021; x_wconf 80' lang='lat'>——</span> 
     </span>
    </p>

    <p class='ocr_par' dir='ltr' id='par_1_5' title="bbox 360 1060 614 1101">
     <span class='ocr_line' id='line_1_12' title="bbox 360 1060 614 1101; baseline 0.012 -3"><span class='ocrx_word' id='word_1_83' title='bbox 360 1065 454 1099; x_wconf 74' lang='lat' dir='ltr'>ante</span> <span class='ocrx_word' id='word_1_84' title='bbox 483 1060 614 1101; x_wconf 70' lang='lat' dir='ltr'>hunc:</span> 
     </span>
    </p>
   </div>
   <div class='ocr_carea' id='block_1_4' title="bbox 284 1156 1680 1683">
    <p class='ocr_par' dir='ltr' id='par_1_6' title="bbox 284 1156 1680 1683">
     <span class='ocr_line' id='line_1_13' title="bbox 286 1156 1678 1212; baseline 0.003 -15"><span class='ocrx_word' id='word_1_85' title='bbox 286 1159 344 1198; x_wconf 84' lang='lat' dir='ltr'>ait</span> <span class='ocrx_word' id='word_1_86' title='bbox 372 1156 459 1212; x_wconf 89' lang='lat' dir='ltr'>ipse</span> <span class='ocrx_word' id='word_1_87' title='bbox 485 1158 532 1198; x_wconf 87' lang='lat' dir='ltr'>de</span> <span class='ocrx_word' id='word_1_88' title='bbox 563 1169 631 1206; x_wconf 86' lang='lat' dir='ltr'>se⁷</span> <span class='ocrx_word' id='word_1_89' title='bbox 661 1169 738 1199; x_wconf 88' lang='lat' dir='ltr'>nec</span> <span class='ocrx_word' id='word_1_90' title='bbox 766 1159 957 1199; x_wconf 82' lang='lat' dir='ltr'>mentitur</span> <span class='ocrx_word' id='word_1_91' title='bbox 987 1159 1028 1198; x_wconf 86' lang='lat' dir='ltr'>in</span> <span class='ocrx_word' id='word_1_92' title='bbox 1058 1158 1291 1211; x_wconf 78' lang='lat' dir='ltr'>gloriando.</span> <span class='ocrx_word' id='word_1_93' title='bbox 1352 1159 1413 1200; x_wconf 87' lang='lat' dir='ltr'>sic</span> <span class='ocrx_word' id='word_1_94' title='bbox 1445 1159 1553 1200; x_wconf 91' lang='lat' dir='ltr'>enim</span> <span class='ocrx_word' id='word_1_95' title='bbox 1584 1171 1678 1201; x_wconf 90' lang='lat' dir='ltr'>sese</span> 
     </span>
     <span class='ocr_line' id='line_1_14' title="bbox 284 1233 1677 1293; baseline 0.001 -17"><span class='ocrx_word' id='word_1_96' title='bbox 284 1248 353 1277; x_wconf 87' lang='lat' dir='ltr'>res</span> <span class='ocrx_word' id='word_1_97' title='bbox 383 1234 519 1278; x_wconf 86' lang='lat' dir='ltr'>hahet.</span> <span class='ocrx_word' id='word_1_98' title='bbox 578 1248 673 1276; x_wconf 83' lang='lat' dir='ltr'>nam</span> <span class='ocrx_word' id='word_1_99' title='bbox 704 1242 743 1277; x_wconf 88' lang='lat' dir='ltr'>et</span> <span class='ocrx_word' id='word_1_100' title='bbox 771 1233 955 1290; x_wconf 80' lang='lat' dir='ltr'>Odyssia</span> <span class='ocrx_word' id='word_1_101' title='bbox 982 1233 1136 1277; x_wconf 84' lang='lat' dir='ltr'>Latina</span> <span class='ocrx_word' id='word_1_102' title='bbox 1166 1243 1227 1277; x_wconf 89' lang='lat' dir='ltr'>est</span> <span class='ocrx_word' id='word_1_103' title='bbox 1259 1237 1320 1277; x_wconf 87' lang='lat' dir='ltr'>sic</span> <span class='ocrx_word' id='word_1_104' title='bbox 1351 1243 1546 1292; x_wconf 81' lang='lat' dir='ltr'>tanquam</span> <span class='ocrx_word' id='word_1_105' title='bbox 1577 1249 1677 1293; x_wconf 88' lang='lat' dir='ltr'>opus</span> 
     </span>
     <span class='ocr_line' id='line_1_15' title="bbox 286 1311 1677 1369; baseline 0.001 -15"><span class='ocrx_word' id='word_1_106' title='bbox 286 1312 456 1368; x_wconf 84' lang='lat' dir='ltr'>aliquod</span> <span class='ocrx_word' id='word_1_107' title='bbox 495 1311 675 1355; x_wconf 84' lang='lat' dir='ltr'>Daedali</span> <span class='ocrx_word' id='word_1_108' title='bbox 717 1320 755 1356; x_wconf 86' lang='lat' dir='ltr'>et</span> <span class='ocrx_word' id='word_1_109' title='bbox 794 1312 997 1356; x_wconf 86' lang='lat' dir='ltr'>Livianae</span> <span class='ocrx_word' id='word_1_110' title='bbox 1036 1313 1204 1355; x_wconf 84' lang='lat' dir='ltr'>fabulae</span> <span class='ocrx_word' id='word_1_111' title='bbox 1247 1327 1330 1356; x_wconf 90' lang='lat' dir='ltr'>non</span> <span class='ocrx_word' id='word_1_112' title='bbox 1368 1316 1471 1356; x_wconf 79' lang='lat' dir='ltr'>satis</span> <span class='ocrx_word' id='word_1_113' title='bbox 1512 1315 1677 1369; x_wconf 83' lang='lat' dir='ltr'>dignae,</span> 
     </span>
     <span class='ocr_line' id='line_1_16' title="bbox 287 1390 1680 1447; baseline 0.002 -16"><span class='ocrx_word' id='word_1_114' title='bbox 287 1404 393 1446; x_wconf 89' lang='lat' dir='ltr'>quae</span> <span class='ocrx_word' id='word_1_115' title='bbox 424 1392 568 1435; x_wconf 86' lang='lat' dir='ltr'>iterum</span> <span class='ocrx_word' id='word_1_116' title='bbox 598 1391 801 1445; x_wconf 82' lang='lat' dir='ltr'>legantur.</span> <span class='ocrx_word' id='word_1_117' title='bbox 848 1392 913 1434; x_wconf 86' lang='lat'>72.</span> <span class='ocrx_word' id='word_1_118' title='bbox 946 1391 1080 1447; x_wconf 83' lang='lat' dir='ltr'>Atque</span> <span class='ocrx_word' id='word_1_119' title='bbox 1110 1391 1176 1433; x_wconf 91' lang='lat' dir='ltr'>hic</span> <span class='ocrx_word' id='word_1_120' title='bbox 1199 1390 1343 1432; x_wconf 86' lang='lat' dir='ltr'>Livius</span> <span class='ocrx_word' id='word_1_121' title='bbox 1373 1394 1526 1447; x_wconf 88' lang='lat' dir='ltr'>primus</span> <span class='ocrx_word' id='word_1_122' title='bbox 1559 1392 1680 1434; x_wconf 86' lang='lat' dir='ltr'>fabu-</span> 
     </span>
     <span class='ocr_line' id='line_1_17' title="bbox 285 1467 1678 1513; baseline 0.001 -2"><span class='ocrx_word' id='word_1_123' title='bbox 285 1468 369 1511; x_wconf 88' lang='lat' dir='ltr'>lam</span> <span class='ocrx_word' id='word_1_124' title='bbox 414 1467 458 1509; x_wconf 82' lang='lat' dir='ltr'>C.</span> <span class='ocrx_word' id='word_1_125' title='bbox 500 1467 675 1511; x_wconf 83' lang='lat' dir='ltr'>Claudio</span> <span class='ocrx_word' id='word_1_126' title='bbox 718 1467 845 1511; x_wconf 84' lang='lat' dir='ltr'>Caeci</span> <span class='ocrx_word' id='word_1_127' title='bbox 889 1469 973 1511; x_wconf 90' lang='lat' dir='ltr'>filio</span> <span class='ocrx_word' id='word_1_128' title='bbox 1011 1476 1050 1511; x_wconf 89' lang='lat' dir='ltr'>et</span> <span class='ocrx_word' id='word_1_129' title='bbox 1092 1468 1150 1509; x_wconf 85' lang='lat' dir='ltr'>M.</span> <span class='ocrx_word' id='word_1_130' title='bbox 1193 1467 1400 1511; x_wconf 84' lang='lat' dir='ltr'>Tuditano</span> <span class='ocrx_word' id='word_1_131' title='bbox 1439 1470 1678 1513; x_wconf 88' lang='lat' dir='ltr'>consulibus</span> 
     </span>
     <span class='ocr_line' id='line_1_18' title="bbox 287 1546 1679 1604; baseline 0.002 -16"><span class='ocrx_word' id='word_1_132' title='bbox 287 1547 425 1589; x_wconf 92' lang='lat' dir='ltr'>docuit</span> <span class='ocrx_word' id='word_1_133' title='bbox 457 1560 565 1589; x_wconf 89' lang='lat' dir='ltr'>anno</span> <span class='ocrx_word' id='word_1_134' title='bbox 593 1548 684 1602; x_wconf 86' lang='lat' dir='ltr'>ipso</span> <span class='ocrx_word' id='word_1_135' title='bbox 717 1553 830 1597; x_wconf 88' lang='lat' dir='ltr'>ante,</span> <span class='ocrx_word' id='word_1_136' title='bbox 868 1560 990 1603; x_wconf 85' lang='lat' dir='ltr'>quam</span> <span class='ocrx_word' id='word_1_137' title='bbox 1022 1553 1142 1588; x_wconf 88' lang='lat' dir='ltr'>natus</span> <span class='ocrx_word' id='word_1_138' title='bbox 1177 1554 1238 1589; x_wconf 88' lang='lat' dir='ltr'>est</span> <span class='ocrx_word' id='word_1_139' title='bbox 1268 1546 1445 1597; x_wconf 87' lang='lat' dir='ltr'>Ennius,</span> <span class='ocrx_word' id='word_1_140' title='bbox 1476 1556 1568 1604; x_wconf 90' lang='lat' dir='ltr'>post</span> <span class='ocrx_word' id='word_1_141' title='bbox 1595 1549 1679 1591; x_wconf 90' lang='lat' dir='ltr'>Ro-</span> 
     </span>
     <span class='ocr_line' id='line_1_19' title="bbox 286 1625 1679 1683; baseline 0.001 -16"><span class='ocrx_word' id='word_1_142' title='bbox 286 1638 394 1668; x_wconf 87' lang='lat' dir='ltr'>mam</span> <span class='ocrx_word' id='word_1_143' title='bbox 426 1625 633 1669; x_wconf 89' lang='lat' dir='ltr'>conditam</span> <span class='ocrx_word' id='word_1_144' title='bbox 663 1632 797 1669; x_wconf 83' lang='lat' dir='ltr'>autem</span> <span class='ocrx_word' id='word_1_145' title='bbox 828 1625 1148 1683; x_wconf 86' lang='lat' dir='ltr'>quartodecumo</span> <span class='ocrx_word' id='word_1_146' title='bbox 1178 1632 1217 1668; x_wconf 85' lang='lat' dir='ltr'>et</span> <span class='ocrx_word' id='word_1_147' title='bbox 1247 1626 1598 1682; x_wconf 72' lang='lat' dir='ltr'>quingentesimo,</span> <span class='ocrx_word' id='word_1_148' title='bbox 1638 1633 1679 1669; x_wconf 88' lang='lat' dir='ltr'>ut</span> 
     </span>
    </p>
   </div>
   <div class='ocr_carea' id='block_1_5' title="bbox 372 1748 796 1783">
    <p class='ocr_par' dir='ltr' id='par_1_7' title="bbox 372 1748 796 1783">
     <span class='ocr_line' id='line_1_20' title="bbox 372 1748 796 1783; baseline 0.005 -10"><span class='ocrx_word' id='word_1_149' title='bbox 372 1748 415 1774; x_wconf 52' lang='lat'>¹72.</span> <span class='ocrx_word' id='word_1_150' title='bbox 455 1748 576 1783; x_wconf 71' lang='lat' dir='ltr'>Livius]</span> <span class='ocrx_word' id='word_1_151' title='bbox 598 1749 716 1781; x_wconf 80' lang='lat' dir='ltr'>Livius,</span> <span class='ocrx_word' id='word_1_152' title='bbox 736 1749 796 1783; x_wconf 87' lang='lat' dir='ltr'>qul.</span> 
     </span>
    </p>
   </div>
   <div class='ocr_carea' id='block_1_6' title="bbox 284 1859 1679 2748">
    <p class='ocr_par' dir='ltr' id='par_1_8' title="bbox 285 1859 1679 1960">
     <span class='ocr_line' id='line_1_21' title="bbox 286 1859 1679 1908; baseline 0.002 -15"><span class='ocrx_word' id='word_1_153' title='bbox 286 1859 474 1901; x_wconf 75' lang='lat' dir='ltr'>Eetione,</span> <span class='ocrx_word' id='word_1_154' title='bbox 500 1859 663 1901; x_wconf 64' lang='lat' dir='ltr'>Eueno,</span> <span class='ocrx_word' id='word_1_155' title='bbox 695 1862 890 1895; x_wconf 77' lang='lat' dir='ltr'>mentione</span> <span class='ocrx_word' id='word_1_156' title='bbox 916 1861 1024 1905; x_wconf 83' lang='lat' dir='ltr'>(Gud.</span> <span class='ocrx_word' id='word_1_157' title='bbox 1052 1862 1111 1905; x_wconf 93' lang='grc'><strong>1.).</strong></span> <span class='ocrx_word' id='word_1_158' title='bbox 1161 1861 1205 1896; x_wconf 91' lang='lat' dir='ltr'>V.</span> <span class='ocrx_word' id='word_1_159' title='bbox 1234 1862 1409 1908; x_wconf 80' lang='lat' dir='ltr'>Silligium</span> <span class='ocrx_word' id='word_1_160' title='bbox 1435 1861 1538 1898; x_wconf 83' lang='lat' dir='ltr'>catal.</span> <span class='ocrx_word' id='word_1_161' title='bbox 1566 1860 1679 1897; x_wconf 77' lang='lat' dir='ltr'>artifi-</span> 
     </span>
     <span class='ocr_line' id='line_1_22' title="bbox 285 1916 519 1960; baseline 0.004 -10"><span class='ocrx_word' id='word_1_162' title='bbox 285 1928 362 1950; x_wconf 85' lang='lat' dir='ltr'>cum</span> <span class='ocrx_word' id='word_1_163' title='bbox 388 1929 421 1960; x_wconf 87' lang='lat' dir='ltr'>p.</span> <span class='ocrx_word' id='word_1_164' title='bbox 444 1916 519 1951; x_wconf 88' lang='grc'><strong>186.</strong></span> 
     </span>
    </p>

    <p class='ocr_par' dir='ltr' id='par_1_9' title="bbox 284 1971 1678 2512">
     <span class='ocr_line' id='line_1_23' title="bbox 379 1971 1677 2018; baseline 0.001 -12"><span class='ocrx_word' id='word_1_165' title='bbox 379 1973 431 2006; x_wconf 87' lang='grc'><strong>71.</strong></span> <span class='ocrx_word' id='word_1_166' title='bbox 480 1972 664 2017; x_wconf 69' lang='lat' dir='ltr'>intelleyi]</span> <span class='ocrx_word' id='word_1_167' title='bbox 698 1973 749 2006; x_wconf 85' lang='lat' dir='ltr'>sic</span> <span class='ocrx_word' id='word_1_168' title='bbox 777 1972 843 2018; x_wconf 82' lang='lat' dir='ltr'>Lg.</span> <span class='ocrx_word' id='word_1_169' title='bbox 869 1973 900 2006; x_wconf 84' lang='lat'>8.</span> <span class='ocrx_word' id='word_1_170' title='bbox 928 1973 981 2006; x_wconf 88' lang='lat'>51.</span> <span class='ocrx_word' id='word_1_171' title='bbox 1008 1972 1063 2007; x_wconf 80' lang='lat'>58.</span> <span class='ocrx_word' id='word_1_172' title='bbox 1100 1972 1192 2007; x_wconf 88' lang='lat' dir='ltr'>Ven.</span> <span class='ocrx_word' id='word_1_173' title='bbox 1222 1974 1251 2007; x_wconf 88' lang='lat' dir='ltr'>l.</span> <span class='ocrx_word' id='word_1_174' title='bbox 1291 1971 1437 2013; x_wconf 72' lang='lat' dir='ltr'>ottob..</span> <span class='ocrx_word' id='word_1_175' title='bbox 1474 1984 1568 2018; x_wconf 81' lang='lat' dir='ltr'>quae</span> <span class='ocrx_word' id='word_1_176' title='bbox 1593 1984 1677 2007; x_wconf 90' lang='lat' dir='ltr'>con-</span> 
     </span>
     <span class='ocr_line' id='line_1_24' title="bbox 285 2029 1677 2073; baseline 0.001 -10"><span class='ocrx_word' id='word_1_177' title='bbox 285 2035 384 2063; x_wconf 85' lang='lat' dir='ltr'>stans</span> <span class='ocrx_word' id='word_1_178' title='bbox 411 2029 633 2073; x_wconf 83' lang='lat' dir='ltr'>quorundam</span> <span class='ocrx_word' id='word_1_179' title='bbox 660 2029 874 2073; x_wconf 83' lang='lat' dir='ltr'>optimorum</span> <span class='ocrx_word' id='word_1_180' title='bbox 897 2030 1076 2073; x_wconf 81' lang='lat' dir='ltr'>scriptura</span> <span class='ocrx_word' id='word_1_181' title='bbox 1100 2035 1164 2063; x_wconf 86' lang='lat' dir='ltr'>est.</span> <span class='ocrx_word' id='word_1_182' title='bbox 1180 2049 1227 2053; x_wconf 91' lang='lat'>——</span> <span class='ocrx_word' id='word_1_183' title='bbox 1252 2029 1345 2063; x_wconf 80' lang='lat' dir='ltr'>olim</span> <span class='ocrx_word' id='word_1_184' title='bbox 1366 2029 1516 2073; x_wconf 75' lang='lat' dir='ltr'>Fauni]</span> <span class='ocrx_word' id='word_1_185' title='bbox 1543 2041 1677 2064; x_wconf 80' lang='lat' dir='ltr'>omnes</span> 
     </span>
     <span class='ocr_line' id='line_1_25' title="bbox 286 2083 1676 2131; baseline 0.002 -13"><span class='ocrx_word' id='word_1_186' title='bbox 286 2084 329 2118; x_wconf 90' lang='lat' dir='ltr'>F.</span> <span class='ocrx_word' id='word_1_187' title='bbox 353 2084 419 2129; x_wconf 82' lang='lat' dir='ltr'>Lg.</span> <span class='ocrx_word' id='word_1_188' title='bbox 439 2085 493 2119; x_wconf 89' lang='lat'>51.</span> <span class='ocrx_word' id='word_1_189' title='bbox 511 2104 556 2108; x_wconf 81' lang='lat'>—</span> <span class='ocrx_word' id='word_1_190' title='bbox 579 2085 776 2128; x_wconf 73' lang='lat' dir='ltr'>vatesque]</span> <span class='ocrx_word' id='word_1_191' title='bbox 803 2095 871 2119; x_wconf 85' lang='lat' dir='ltr'>om.</span> <span class='ocrx_word' id='word_1_192' title='bbox 892 2083 958 2128; x_wconf 81' lang='lat' dir='ltr'>Lg.</span> <span class='ocrx_word' id='word_1_193' title='bbox 977 2084 1031 2118; x_wconf 86' lang='lat'>70.</span> <span class='ocrx_word' id='word_1_194' title='bbox 1047 2101 1092 2110; x_wconf 83' lang='lat'>·—</span> <span class='ocrx_word' id='word_1_195' title='bbox 1118 2085 1314 2129; x_wconf 75' lang='lat' dir='ltr'>scopulos]</span> <span class='ocrx_word' id='word_1_196' title='bbox 1339 2086 1517 2131; x_wconf 74' lang='lat' dir='ltr'>scopulus</span> <span class='ocrx_word' id='word_1_197' title='bbox 1537 2085 1603 2130; x_wconf 76' lang='lat' dir='ltr'>Lg.</span> <span class='ocrx_word' id='word_1_198' title='bbox 1619 2086 1676 2121; x_wconf 73' lang='lat'>20.</span> 
     </span>
     <span class='ocr_line' id='line_1_26' title="bbox 284 2139 1677 2187; baseline 0.001 -13"><span class='ocrx_word' id='word_1_199' title='bbox 284 2140 489 2187; x_wconf 76' lang='lat' dir='ltr'>socopulus</span> <span class='ocrx_word' id='word_1_200' title='bbox 521 2140 564 2174; x_wconf 80' lang='lat'>56</span> <span class='ocrx_word' id='word_1_201' title='bbox 591 2151 682 2174; x_wconf 89' lang='lat' dir='ltr'>corr.</span> <span class='ocrx_word' id='word_1_202' title='bbox 730 2139 854 2173; x_wconf 82' lang='lat' dir='ltr'>Verba</span> <span class='ocrx_word' id='word_1_203' title='bbox 880 2143 1091 2184; x_wconf 78' lang='lat' dir='ltr'>quisquam</span> <span class='ocrx_word' id='word_1_204' title='bbox 1116 2146 1326 2186; x_wconf 75' lang='lat' dir='ltr'>superarat,</span> <span class='ocrx_word' id='word_1_205' title='bbox 1351 2152 1421 2175; x_wconf 88' lang='lat' dir='ltr'>om.</span> <span class='ocrx_word' id='word_1_206' title='bbox 1451 2141 1507 2175; x_wconf 87' lang='lat' dir='ltr'>ed.</span> <span class='ocrx_word' id='word_1_207' title='bbox 1534 2152 1586 2186; x_wconf 85' lang='lat' dir='ltr'>pr.</span> <span class='ocrx_word' id='word_1_208' title='bbox 1615 2143 1677 2185; x_wconf 84' lang='lat' dir='ltr'>(ea</span> 
     </span>
     <span class='ocr_line' id='line_1_27' title="bbox 284 2196 1678 2242; baseline 0.001 -12"><span class='ocrx_word' id='word_1_209' title='bbox 284 2202 476 2241; x_wconf 83' lang='lat' dir='ltr'>praeterea</span> <span class='ocrx_word' id='word_1_210' title='bbox 512 2196 688 2242; x_wconf 77' lang='lat' dir='ltr'>scopuli)</span> <span class='ocrx_word' id='word_1_211' title='bbox 728 2196 831 2230; x_wconf 87' lang='lat' dir='ltr'>codd.</span> <span class='ocrx_word' id='word_1_212' title='bbox 866 2207 1010 2237; x_wconf 82' lang='lat' dir='ltr'>omnes,</span> <span class='ocrx_word' id='word_1_213' title='bbox 1054 2196 1119 2230; x_wconf 86' lang='lat' dir='ltr'>sed</span> <span class='ocrx_word' id='word_1_214' title='bbox 1156 2196 1316 2230; x_wconf 75' lang='lat' dir='ltr'>referunt</span> <span class='ocrx_word' id='word_1_215' title='bbox 1351 2199 1558 2241; x_wconf 75' lang='lat' dir='ltr'>quisquam</span> <span class='ocrx_word' id='word_1_216' title='bbox 1595 2200 1678 2241; x_wconf 78' lang='lat' dir='ltr'>post</span> 
     </span>
     <span class='ocr_line' id='line_1_28' title="bbox 284 2251 1678 2298; baseline 0 -12"><span class='ocrx_word' id='word_1_217' title='bbox 284 2252 496 2287; x_wconf 72' lang='lat' dir='ltr'>studiosus.</span> <span class='ocrx_word' id='word_1_218' title='bbox 511 2271 557 2278; x_wconf 86' lang='lat'>———</span> <span class='ocrx_word' id='word_1_219' title='bbox 589 2251 776 2298; x_wconf 73' lang='lat' dir='ltr'>Odyssia]</span> <span class='ocrx_word' id='word_1_220' title='bbox 803 2252 884 2286; x_wconf 82' lang='lat' dir='ltr'>dedi</span> <span class='ocrx_word' id='word_1_221' title='bbox 905 2264 950 2286; x_wconf 76' lang='lat' dir='ltr'>ex</span> <span class='ocrx_word' id='word_1_222' title='bbox 970 2253 1070 2286; x_wconf 88' lang='lat' dir='ltr'>libris</span> <span class='ocrx_word' id='word_1_223' title='bbox 1091 2253 1252 2287; x_wconf 88' lang='lat' dir='ltr'>omnibus</span> <span class='ocrx_word' id='word_1_224' title='bbox 1278 2256 1293 2287; x_wconf 77' lang='grc' dir='ltr'><strong><em>ἰ</em></strong></span> <span class='ocrx_word' id='word_1_225' title='bbox 1312 2253 1507 2287; x_wconf 85' lang='lat' dir='ltr'>tuentibus:</span> <span class='ocrx_word' id='word_1_226' title='bbox 1535 2252 1678 2298; x_wconf 84' lang='lat' dir='ltr'>quidam</span> 
     </span>
     <span class='ocr_line' id='line_1_29' title="bbox 286 2308 1676 2355; baseline 0.001 -13"><span class='ocrx_word' id='word_1_227' title='bbox 286 2309 458 2349; x_wconf 71' lang='lat' dir='ltr'>odissia,</span> <span class='ocrx_word' id='word_1_228' title='bbox 489 2308 659 2354; x_wconf 72' lang='lat' dir='ltr'>odyoez&#39;a;</span> <span class='ocrx_word' id='word_1_229' title='bbox 688 2321 778 2343; x_wconf 89' lang='lat' dir='ltr'>unus</span> <span class='ocrx_word' id='word_1_230' title='bbox 804 2308 870 2342; x_wconf 88' lang='lat' dir='ltr'>Gu.</span> <span class='ocrx_word' id='word_1_231' title='bbox 890 2308 916 2342; x_wconf 94' lang='lat' dir='ltr'>l.</span> <span class='ocrx_word' id='word_1_232' title='bbox 946 2309 1099 2343; x_wconf 74' lang='lat' dir='ltr'>odiosa.</span> <span class='ocrx_word' id='word_1_233' title='bbox 1137 2309 1262 2343; x_wconf 79' lang='lat' dir='ltr'>latina</span> <span class='ocrx_word' id='word_1_234' title='bbox 1288 2321 1355 2343; x_wconf 90' lang='lat' dir='ltr'>om.</span> <span class='ocrx_word' id='word_1_235' title='bbox 1383 2309 1450 2355; x_wconf 84' lang='lat' dir='ltr'>Lg.</span> <span class='ocrx_word' id='word_1_236' title='bbox 1470 2309 1523 2343; x_wconf 82' lang='grc'><strong>58.</strong></span> <span class='ocrx_word' id='word_1_237' title='bbox 1542 2328 1586 2333; x_wconf 29' lang='grc' dir='ltr'>ᾖ</span> <span class='ocrx_word' id='word_1_238' title='bbox 1618 2312 1676 2344; x_wconf 78' lang='lat' dir='ltr'>sic</span> 
     </span>
     <span class='ocr_line' id='line_1_30' title="bbox 285 2364 1676 2410; baseline 0 -12"><span class='ocrx_word' id='word_1_239' title='bbox 285 2366 490 2409; x_wconf 74' lang='lat' dir='ltr'>tanquam]</span> <span class='ocrx_word' id='word_1_240' title='bbox 524 2370 582 2401; x_wconf 81' lang='lat' dir='ltr'>sic</span> <span class='ocrx_word' id='word_1_241' title='bbox 615 2369 720 2400; x_wconf 80' lang='lat' dir='ltr'>enim</span> <span class='ocrx_word' id='word_1_242' title='bbox 747 2370 936 2409; x_wconf 77' lang='lat' dir='ltr'>tanquam</span> <span class='ocrx_word' id='word_1_243' title='bbox 967 2364 1033 2409; x_wconf 75' lang='lat' dir='ltr'>Lg.</span> <span class='ocrx_word' id='word_1_244' title='bbox 1059 2365 1115 2399; x_wconf 75' lang='lat'>20.</span> <span class='ocrx_word' id='word_1_245' title='bbox 1145 2365 1200 2399; x_wconf 81' lang='lat' dir='ltr'>ed.</span> <span class='ocrx_word' id='word_1_246' title='bbox 1229 2377 1281 2410; x_wconf 88' lang='lat' dir='ltr'>pr.</span> <span class='ocrx_word' id='word_1_247' title='bbox 1331 2368 1390 2400; x_wconf 75' lang='lat' dir='ltr'>sic</span> <span class='ocrx_word' id='word_1_248' title='bbox 1417 2368 1459 2399; x_wconf 79' lang='lat' dir='ltr'>in</span> <span class='ocrx_word' id='word_1_249' title='bbox 1486 2370 1676 2409; x_wconf 78' lang='lat' dir='ltr'>tanquam</span> 
     </span>
     <span class='ocr_line' id='line_1_31' title="bbox 284 2419 1674 2467; baseline 0.001 -13"><span class='ocrx_word' id='word_1_250' title='bbox 284 2419 351 2466; x_wconf 85' lang='lat' dir='ltr'>Lg.</span> <span class='ocrx_word' id='word_1_251' title='bbox 367 2421 399 2455; x_wconf 87' lang='grc'>8.</span> <span class='ocrx_word' id='word_1_252' title='bbox 419 2422 471 2455; x_wconf 85' lang='lat'>35.</span> <span class='ocrx_word' id='word_1_253' title='bbox 492 2422 546 2455; x_wconf 77' lang='lat'>30.</span> <span class='ocrx_word' id='word_1_254' title='bbox 563 2421 619 2456; x_wconf 84' lang='lat'>53.</span> <span class='ocrx_word' id='word_1_255' title='bbox 635 2422 690 2457; x_wconf 80' lang='lat'>56.</span> <span class='ocrx_word' id='word_1_256' title='bbox 708 2421 764 2456; x_wconf 85' lang='grc'><strong>58.</strong></span> <span class='ocrx_word' id='word_1_257' title='bbox 783 2421 838 2456; x_wconf 86' lang='grc'><strong>68.</strong></span> <span class='ocrx_word' id='word_1_258' title='bbox 858 2420 911 2456; x_wconf 84' lang='grc'><strong>70.</strong></span> <span class='ocrx_word' id='word_1_259' title='bbox 940 2420 1006 2454; x_wconf 89' lang='lat' dir='ltr'>Gu.</span> <span class='ocrx_word' id='word_1_260' title='bbox 1026 2422 1054 2456; x_wconf 90' lang='lat' dir='ltr'>l.</span> <span class='ocrx_word' id='word_1_261' title='bbox 1067 2439 1115 2447; x_wconf 84' lang='lat'>·-</span> <span class='ocrx_word' id='word_1_262' title='bbox 1139 2420 1346 2466; x_wconf 79' lang='lat' dir='ltr'>Livianae]</span> <span class='ocrx_word' id='word_1_263' title='bbox 1370 2422 1521 2456; x_wconf 81' lang='lat' dir='ltr'>leviane</span> <span class='ocrx_word' id='word_1_264' title='bbox 1539 2421 1605 2467; x_wconf 82' lang='lat' dir='ltr'>Lg.</span> <span class='ocrx_word' id='word_1_265' title='bbox 1620 2421 1674 2455; x_wconf 87' lang='grc'><strong>70.</strong></span> 
     </span>
     <span class='ocr_line' id='line_1_32' title="bbox 285 2476 621 2512; baseline 0.006 -2"><span class='ocrx_word' id='word_1_266' title='bbox 285 2476 453 2511; x_wconf 77' lang='lat' dir='ltr'>lammae</span> <span class='ocrx_word' id='word_1_267' title='bbox 478 2476 570 2512; x_wconf 85' lang='lat' dir='ltr'>Ven.</span> <span class='ocrx_word' id='word_1_268' title='bbox 592 2478 621 2512; x_wconf 91' lang='lat' dir='ltr'>l.</span> 
     </span>
    </p>

    <p class='ocr_par' dir='ltr' id='par_1_10' title="bbox 286 2531 1674 2748">
     <span class='ocr_line' id='line_1_33' title="bbox 377 2531 1673 2578; baseline 0.001 -12"><span class='ocrx_word' id='word_1_269' title='bbox 377 2533 433 2567; x_wconf 77' lang='lat'>72.</span> <span class='ocrx_word' id='word_1_270' title='bbox 482 2531 634 2576; x_wconf 71' lang='lat' dir='ltr'>Livius]</span> <span class='ocrx_word' id='word_1_271' title='bbox 669 2534 805 2567; x_wconf 82' lang='lat' dir='ltr'>addunt</span> <span class='ocrx_word' id='word_1_272' title='bbox 829 2535 897 2578; x_wconf 76' lang='lat' dir='ltr'>qui</span> <span class='ocrx_word' id='word_1_273' title='bbox 919 2533 974 2567; x_wconf 86' lang='lat' dir='ltr'>ed.</span> <span class='ocrx_word' id='word_1_274' title='bbox 1001 2544 1055 2578; x_wconf 82' lang='lat' dir='ltr'>pr.</span> <span class='ocrx_word' id='word_1_275' title='bbox 1083 2539 1118 2567; x_wconf 85' lang='lat' dir='ltr'>et</span> <span class='ocrx_word' id='word_1_276' title='bbox 1146 2534 1225 2568; x_wconf 82' lang='lat' dir='ltr'>libri</span> <span class='ocrx_word' id='word_1_277' title='bbox 1249 2545 1393 2575; x_wconf 81' lang='lat' dir='ltr'>omnes3</span> <span class='ocrx_word' id='word_1_278' title='bbox 1429 2533 1565 2567; x_wconf 80' lang='lat' dir='ltr'>delevit</span> <span class='ocrx_word' id='word_1_279' title='bbox 1589 2532 1673 2568; x_wconf 82' lang='lat' dir='ltr'>sch.</span> 
     </span>
     <span class='ocr_line' id='line_1_34' title="bbox 286 2587 1673 2635; baseline 0.001 -12"><span class='ocrx_word' id='word_1_280' title='bbox 286 2594 322 2623; x_wconf 77' lang='lat' dir='ltr'>et</span> <span class='ocrx_word' id='word_1_281' title='bbox 346 2589 537 2623; x_wconf 80' lang='lat' dir='ltr'>assentitur</span> <span class='ocrx_word' id='word_1_282' title='bbox 558 2589 786 2635; x_wconf 83' lang='lat' dir='ltr'>Bernhardy.</span> <span class='ocrx_word' id='word_1_283' title='bbox 808 2610 853 2614; x_wconf 87' lang='lat'>—-</span> <span class='ocrx_word' id='word_1_284' title='bbox 884 2588 921 2623; x_wconf 86' lang='lat' dir='ltr'>C.</span> <span class='ocrx_word' id='word_1_285' title='bbox 946 2587 1125 2633; x_wconf 74' lang='lat' dir='ltr'>Claudio]</span> <span class='ocrx_word' id='word_1_286' title='bbox 1150 2591 1202 2623; x_wconf 86' lang='lat' dir='ltr'>sic</span> <span class='ocrx_word' id='word_1_287' title='bbox 1229 2589 1284 2624; x_wconf 83' lang='lat' dir='ltr'>ed.</span> <span class='ocrx_word' id='word_1_288' title='bbox 1305 2602 1378 2635; x_wconf 85' lang='lat' dir='ltr'>pr.;</span> <span class='ocrx_word' id='word_1_289' title='bbox 1403 2590 1499 2635; x_wconf 85' lang='lat' dir='ltr'>vulg.</span> <span class='ocrx_word' id='word_1_290' title='bbox 1525 2589 1673 2624; x_wconf 78' lang='lat' dir='ltr'>Clodio.</span> 
     </span>
     <span class='ocr_line' id='line_1_35' title="bbox 287 2644 1673 2691; baseline 0.001 -13"><span class='ocrx_word' id='word_1_291' title='bbox 287 2644 353 2678; x_wconf 78' lang='lat' dir='ltr'>Illa</span> <span class='ocrx_word' id='word_1_292' title='bbox 385 2645 532 2689; x_wconf 81' lang='lat' dir='ltr'>antiqua</span> <span class='ocrx_word' id='word_1_293' title='bbox 563 2645 679 2679; x_wconf 81' lang='lat' dir='ltr'>forma</span> <span class='ocrx_word' id='word_1_294' title='bbox 714 2650 767 2679; x_wconf 83' lang='lat' dir='ltr'>est</span> <span class='ocrx_word' id='word_1_295' title='bbox 804 2646 1004 2691; x_wconf 85' lang='lat' dir='ltr'>legiturque</span> <span class='ocrx_word' id='word_1_296' title='bbox 1038 2646 1144 2679; x_wconf 75' lang='lat' dir='ltr'>etiam</span> <span class='ocrx_word' id='word_1_297' title='bbox 1182 2647 1217 2680; x_wconf 87' lang='lat' dir='ltr'>in</span> <span class='ocrx_word' id='word_1_298' title='bbox 1250 2646 1350 2680; x_wconf 86' lang='lat' dir='ltr'>sastis</span> <span class='ocrx_word' id='word_1_299' title='bbox 1382 2646 1603 2690; x_wconf 84' lang='lat' dir='ltr'>Capitolinis.</span> <span class='ocrx_word' id='word_1_300' title='bbox 1627 2664 1673 2670; x_wconf 83' lang='lat'>—-</span> 
     </span>
     <span class='ocr_line' id='line_1_36' title="bbox 290 2700 1674 2748; baseline 0 -13"><span class='ocrx_word' id='word_1_301' title='bbox 290 2700 529 2746; x_wconf 71' lang='lat' dir='ltr'>consulibus]</span> <span class='ocrx_word' id='word_1_302' title='bbox 549 2702 683 2738; x_wconf 79' lang='lat' dir='ltr'>consul</span> <span class='ocrx_word' id='word_1_303' title='bbox 695 2702 751 2738; x_wconf 85' lang='lat' dir='ltr'>ed.</span> <span class='ocrx_word' id='word_1_304' title='bbox 765 2713 821 2748; x_wconf 84' lang='lat' dir='ltr'>pr.</span> <span class='ocrx_word' id='word_1_305' title='bbox 834 2721 880 2728; x_wconf 89' lang='lat'>—-</span> <span class='ocrx_word' id='word_1_306' title='bbox 905 2706 1008 2742; x_wconf 79' lang='lat' dir='ltr'>ante,</span> <span class='ocrx_word' id='word_1_307' title='bbox 1027 2703 1159 2746; x_wconf 78' lang='lat' dir='ltr'>qaam]</span> <span class='ocrx_word' id='word_1_308' title='bbox 1179 2702 1333 2745; x_wconf 83' lang='lat' dir='ltr'>divisim,</span> <span class='ocrx_word' id='word_1_309' title='bbox 1352 2709 1389 2738; x_wconf 91' lang='lat' dir='ltr'>ut</span> <span class='ocrx_word' id='word_1_310' title='bbox 1405 2702 1533 2743; x_wconf 87' lang='lat' dir='ltr'>solent,</span> <span class='ocrx_word' id='word_1_311' title='bbox 1551 2701 1674 2746; x_wconf 87' lang='lat' dir='ltr'>plures</span> 
     </span>
    </p>
   </div>
   <div class='ocr_carea' id='block_1_7' title="bbox 1787 2264 1803 2985">
    <p class='ocr_par' dir='ltr' id='par_1_11' title="bbox 1787 2264 1803 2985">
     <span class='ocr_line' id='line_1_37' title="bbox 1787 2264 1803 2985; baseline 0 0"><span class='ocrx_word' id='word_1_312' title='bbox 1787 2264 1803 2985; x_wconf 95' lang='lat' dir='ltr'> </span> 
     </span>
    </p>
   </div>
  </div>
 </body>
</html>
