1835 3126
11 2486 27 2613 ÷³ae.—“

12 2627 28 2680 t?

14 2703 25 2742 ι,

15 2753 38 2819 1!

36 2821 39 2891 ι

37 2902 40 2980 l

39 3005 42 3111 ¹,

349 249 433 292 ΑΙ)
466 248 578 292 CIC.
609 248 876 293 BRUTUM
908 251 1026 294 CAP.
1059 252 1216 296 1213.
1351 251 1476 298 345

91 364 185 406 tavit
211 364 410 404 Manutius
441 363 491 404 ad
521 363 602 405 Cic.
626 364 908 414 Divers.1.9.;
939 366 988 406 cf.
1019 366 1170 407 Ruhnk.
1199 367 1286 407 hist.
1313 366 1378 408 Cr.
1407 367 1475 409 Or.

93 432 157 472 Gr.
186 443 224 483 p.
243 431 481 479 LXXXIV.;
520 431 707 472 Psundius
746 432 796 472 ad
833 433 1013 486 discipuli
1051 439 1155 473 certe
1185 434 1398 482 fabricam,
1436 438 1478 473 ut

89 497 331 550 Bernhardyi
352 498 482 539 verbis
506 504 613 548 utar,
641 500 780 540 refert:
806 499 854 540 de
876 501 997 540 Isocr.
1014 501 1094 541 vita
1117 505 1155 540 et
1177 501 1331 553 scriptis
1352 513 1390 553 p.
1408 503 1474 542 22.

200 589 288 637 quia
327 591 436 638 quasi
473 589 725 639 committeret]
769 589 957 629 Ernestus
999 600 1076 628 non
1114 589 1312 630 intellecto
1353 592 1475 641 (μιαεὶ,

90 652 194 704 quod
219 654 317 694 nihil
341 660 398 694 est
422 655 496 694 nisi
518 655 679 706 quodam
702 656 829 702 modo,
857 655 1047 708 explicat:
1078 659 1186 706 quasi
1207 657 1295 708 quid
1314 656 1474 704 fecisset,

87 733 153 770 per
191 721 289 769 quod
322 722 459 770 aliquis
497 722 632 760 iudicio
670 725 1005 761 circumveniretur.
1074 722 1153 763 Sed
1189 729 1294 763 reete
1332 723 1479 763 iudicat

86 787 273 839 Meyerus
305 788 531 828 Ciceronem
561 787 666 840 quod
696 788 882 828 acciderit
914 790 954 828 in
986 790 1153 830 Graecia
1180 790 1271 841 lege
1300 790 1478 830 Romana

86 854 308 903 illustrare,
341 856 439 895 sicut
466 856 624 907 Lysiam
655 868 679 894 a
708 855 869 895 Timaeo
900 857 1013 907 quasi
1042 856 1132 907 lege
1160 858 1314 897 Licinia
1341 857 1478 897 Mucia

88 921 306 972 Syracusas
335 923 461 975 repeti
485 922 577 962 dicit
607 934 639 963 c.
667 924 737 970 16,
762 923 851 969 63.;
880 923 948 960 ubi
978 922 1082 974 quod
1111 923 1279 974 scriptor
1305 924 1477 963 Graecus

87 988 247 1037 fecerit,
285 989 376 1028 item
414 989 505 1039 lege
543 989 720 1028 Romana
760 988 989 1039 explicatur.
1047 989 1240 1028 Exstabat
1277 989 1376 1028 enim
1413 989 1479 1029 lex

87 1055 322 1108 Sempronia
349 1068 395 1093 ne
423 1058 505 1105 quis
534 1055 670 1092 iudicio
704 1056 1040 1095 circumveniretur.
1097 1055 1230 1096 Verba
1256 1055 1379 1106 igitur
1406 1056 1480 1096 illa

86 1127 270 1173 tanquam
296 1121 528 1173 principium
556 1120 658 1172 legis
685 1125 951 1172 apponuntur,
987 1122 1100 1173 quasi
1128 1122 1218 1161 talis
1240 1122 1376 1163 fuerit:
1407 1137 1478 1174 quo

87 1191 169 1238 quis
196 1188 332 1226 indicto
358 1189 643 1226 circumvenitur
666 1187 736 1227 Καὶ.
796 1188 938 1228 Cetera
963 1193 1089 1228 autem
1119 1201 1143 1228 a
1167 1189 1356 1229 Cicerone
1385 1202 1478 1230 nar-

86 1259 175 1295 rata
211 1259 295 1294 tota
333 1254 558 1294 auctoribus
597 1254 829 1293 ascribenda
865 1260 953 1294 sunt
988 1256 1107 1295 Attici
1145 1255 1264 1295 moris
1304 1258 1478 1308 ignaris:

86 1333 158 1361 nec
199 1322 299 1360 enim
337 1321 494 1361 vetitum
534 1321 655 1360 fuisse
698 1322 871 1361 scrihere
909 1323 1106 1362 orationes
1144 1323 1233 1362 aliis
1276 1324 1341 1364 vel
1382 1336 1477 1364 unus

87 1387 320 1438 Quintiliani
357 1378 466 1426 locus
496 1387 544 1427 II.
580 1387 649 1435 15,
680 1389 746 1427 30.
789 1388 1045 1438 demonstrat,
1084 1401 1154 1430 nec
1192 1403 1355 1443 usquam
1393 1391 1478 1432 Iso-

11 1454 13 1461 ’
88 1461 234 1495 cratem
261 1455 302 1494 in
330 1453 513 1493 iudicium
542 1459 721 1495 vocatum
751 1466 838 1495 esse
865 1456 1024 1507 legitur.

197 1543 305 1584 XIII.
362 1545 430 1584 49.
486 1549 620 1594 partus
658 1550 769 1594 atque
801 1545 935 1594 fontes]
985 1544 1162 1597 exemplo
1202 1546 1355 1598 quidem
1398 1547 1478 1588 alio

89 1610 292 1652 ostendere
330 1622 408 1650 non
436 1622 593 1663 possum
628 1617 763 1660 partus
791 1611 914 1651 dictos
953 1611 1000 1651 de
1031 1613 1256 1661 01-292n2b21s5
1296 1613 1365 1653 sed
1402 1627 1479 1655 non

86 1679 200 1721 video
232 1690 300 1719 cur
335 1678 382 1717 de
412 1678 613 1730 aptissima
640 1677 899 1718 translatione
927 1678 1012 1718 iure
1041 1678 1248 1720 dubitetur.
1306 1681 1480 1721 Pluralis

13 1774 17 1784 .
87 1758 285 1793 numerus,
327 1745 394 1797 qui
428 1745 633 1796 Meyerum
668 1750 873 1797 tantopere
915 1745 1093 1794 offendit,
1132 1753 1294 1799 propter
1329 1748 1479 1798 signifi—

14 1835 17 1842 ·
89 1820 215 1854 catum
244 1812 451 1863 figuratum
481 1823 557 1852 non
586 1812 710 1851 minus
742 1812 966 1851 necessario
999 1812 1143 1860 dictus,
1175 1825 1290 1864 quam
1318 1814 1360 1853 in
1390 1816 1481 1853 Ori-

88 1881 234 1931 ytntbus
272 1880 297 1919 i.
331 1890 363 1918 e.
394 1880 559 1919 historia
591 1879 880 1930 antiquissima,
920 1883 957 1917 et
984 1881 1112 1916 Ιηῐιὶὶε
1140 1880 1165 1918 i.
1197 1891 1230 1919 e.
1263 1881 1391 1933 prima
1419 1881 1480 1920 in-

90 1947 310 1993 stitutione3
347 1951 555 1998 praeterea
584 1945 786 1997 parilitate
813 1945 1036 1998 postulatur
1069 1951 1232 1998 propter
1261 1947 1481 1988 adiunctum

87 2015 221 2062 fontes
280 2012 361 2052 Nec
392 2009 714 2068 πρωθύστερον
744 2018 820 2060 est,
860 2012 907 2052 de
938 2025 1014 2065 quo
1046 2025 1130 2052 cum
1159 2025 1252 2054 vero
1282 2020 1360 2053 tum
1390 2026 1480 2067 spe-

88 2082 196 2121 cioso
227 2079 330 2132 apud
356 2079 582 2120 Ciceronem
611 2080 676 2130 egi
697 2080 830 2132 Expll.
857 2079 906 2119 ad
932 2080 978 2120 de
1005 2081 1071 2120 Or.
1096 2080 1125 2120 I.
1149 2083 1193 2128 3,
1222 2082 1286 2120 10.
1345 2082 1481 2133 Signi-

87 2148 252 2188 ficantur
290 2147 389 2186 enim
428 2147 540 2185 initia
578 2147 673 2185 artis
713 2147 913 2185 oratoriae
953 2146 1089 2198 qualia
1125 2146 1269 2186 fuerint
1309 2153 1346 2188 et
1382 2160 1480 2200 quos

88 2216 215 2256 fontes
251 2214 468 2254 habuerint.
526 2214 670 2252 Parum
700 2212 918 2264 probabilis
949 2218 1006 2252 est
1033 2213 1279 2266 Bernhardyi
1308 2215 1479 2267 suspicio

88 2288 222 2333 partus
259 2280 489 2332 explicantis
529 2279 639 2330 quasi
673 2280 813 2329 prolem
823 2294 836 2327 ,-
874 2279 1019 2331 quippe
1058 2280 1234 2321 alumnos
1267 2282 1483 2333 significari

91 2354 129 2387 et
167 2347 393 2399 discipulos.
451 2346 597 2386 Mirum
636 2346 734 2385 euim
777 2358 854 2386 non
891 2347 1066 2399 ipsorum
1105 2353 1323 2397 oratorum,
1367 2349 1481 2402 quasi

92 2415 187 2454 artis
217 2418 441 2466 parentum,
473 2413 541 2452 sed
568 2413 743 2452 familiae
773 2425 906 2453 eorum
936 2415 1166 2454 mentionem
1195 2415 1292 2456 fieri.

203 2505 271 2545 50,
331 2506 413 2554 quis
449 2506 545 2540 enim
579 2509 644 2541 aut
674 2504 870 2553 Aryivum]
912 2504 1013 2544 hunc
1049 2504 1178 2544 locum
1215 2505 1385 2544 imitatus
1424 2509 1482 2544 est

91 2571 265 2614 Velleius
296 2570 326 2610 Ι.
357 2571 420 2610 18.
460 2582 496 2609 v.
527 2570 677 2610 Ruhnk.
707 2583 746 2622 p.
774 2572 841 2610 77.
899 2570 959 2611 De
988 2571 1262 2624 Epaminonda
1291 2571 1479 2611 Thebano

91 2638 201 2678 testis
230 2636 362 2689 Nepos
400 2649 431 2677 c.
462 2637 500 2677 5.
561 2637 712 2690 Quippe
752 2643 948 2678 oratorem
982 2638 1105 2678 fuisse
1142 2643 1258 2690 puta,
1300 2642 1341 2677 ut
1378 2637 1482 2677 The-

93 2705 255 2752 banum,
298 2704 391 2743 satis
431 2704 697 2756 probabilem3
744 2705 848 2757 quod
892 2705 940 2744 de
980 2705 1060 2744 alio
1101 2704 1199 2744 dixit
1237 2703 1482 2756 Thucydides

92 2771 158 2812 IV.
187 2772 261 2812 84:
307 2764 387 2812 οὐκ
426 2765 656 2821 ἀδύνατος,
696 2766 755 2821 ὡς
789 2767 1166 2823 Λακεδαιμόνιοι,
1209 2766 1365 2813 εἰπεῖν.
1424 2771 1482 2812 De
