1835 3126
304 232 434 294 ³82
734 238 1263 284 EXPLIGATIONES

303 354 534 410 prudentiae
565 350 754 391 secundus
785 351 1021 391 conceditur.
1078 351 1123 390 In
1145 353 1317 404 Legibus
1348 357 1474 393 autem
1502 352 1532 393 Ι.
1556 350 1601 401 5,
1626 353 1691 391 17.

304 422 521 474 Sulpicium
549 419 681 471 palam
711 418 894 458 laudibus
925 417 1089 457 extollit.

419 498 511 539 152.
568 496 690 546 usum]
728 509 820 533 usus
856 507 933 534 non
963 493 1279 534 exercitationem
1307 494 1442 543 modo,
1481 495 1549 535 sed
1579 496 1693 535 etiam

301 566 483 620 peritiam
513 563 749 615 experiundo
781 567 1044 614 comparatam
1075 560 1288 611 significat,
1330 561 1433 612 quod
1460 561 1561 601 idem
1591 561 1694 601 cadit

302 636 342 673 in
375 630 607 673 vocabulum
646 630 884 669 nostratibus
923 641 947 667 a
986 628 1145 668 Graecis
1185 632 1373 679 sumptum
1408 629 1561 665 Premis.
1625 629 1691 668 Sic

303 699 502 739 contraria
522 697 679 749 ponitur
695 700 788 748 arti,
815 708 929 748 quam
953 694 1066 734 modo
1087 694 1381 740 Wtssensctmft,
1406 693 1519 732 modo
1539 693 1694 731 Theoi-te

300 768 394 806 licet
428 763 698 815 interpretari,
738 775 850 815 quem
886 762 936 802 ad
965 761 1117 802 modum
1150 761 1386 801 Graecorum
1416 764 1695 812 componuntur

304 834 460 874 diversa
487 830 683 872 vocabula
712 827 834 882 τέχνη
867 835 904 869 et
933 824 1075 882 τριβή.
1134 827 1215 868 Nec
1250 827 1290 866 id
1325 828 1365 866 in
1394 827 1519 866 literis
1558 826 1694 874 solum,

303 900 372 940 sed
409 900 524 939 etiam
563 898 603 936 in
642 908 686 936 re
723 897 883 936 militari
917 897 1099 936 usitatum
1135 895 1345 942 Romanis;
1385 899 1426 933 ut
1462 906 1500 946 p.
1531 893 1694 933 Fonteio

306 968 378 1015 14,
411 967 483 1005 31:
526 968 565 1002 in
596 977 635 1002 re
665 965 822 1001 militari
861 976 942 1000 cum
974 964 1110 999 snfnunt
1139 963 1285 999 consilii
1314 967 1348 998 et
1378 963 1534 998 maoeimi
1563 963 1693 1006 animi,

303 1040 381 1071 tum
404 1045 491 1070 vero
516 1044 585 1068 usu
610 1043 750 1079 qnoque
775 1030 952 1067 bellorum
975 1028 1217 1077 yeremlorum
1246 1030 1482 1066 eoeercttatus.
1541 1026 1696 1066 Homini

303 1101 344 1139 in
374 1097 526 1148 agendo
557 1097 724 1148 principi
764 1101 799 1134 et
832 1096 982 1135 oratori
1014 1095 1260 1134 ornatissimo
1293 1094 1502 1145 opponitur
1533 1107 1603 1131 usn
1631 1094 1696 1140 so-

303 1167 403 1203 rensi
440 1170 550 1212 atque
589 1165 852 1199 exercitatione
888 1165 959 1199 tiro
995 1161 1082 1201 Div.
1113 1162 1152 1199 in
1183 1160 1329 1201 Caecil.
1363 1160 1433 1208 15,
1463 1161 1550 1209 47„
1592 1159 1695 1212 quod

303 1223 625 1285 πρωθύστερον
662 1227 797 1274 habet,
839 1228 931 1278 quia
965 1238 1058 1264 usus
1099 1227 1378 1265 exercitatione
1413 1232 1587 1277 paratur.
1645 1227 1696 1266 Ut

302 1309 412 1334 usum
440 1307 617 1343 maynum
647 1296 686 1330 in
714 1305 754 1330 re
783 1293 933 1342 publica
960 1292 1094 1330 habere
1118 1290 1256 1331 Cicero
1289 1290 1385 1329 (lixit
1412 1292 1513 1330 Phil.
1535 1293 1587 1331 X.
1614 1295 1693 1341 21„

302 1365 358 1403 ita
388 1375 496 1400 usum
528 1363 565 1398 ὶη
589 1361 724 1397 casti-ts
745 1359 878 1397 habere
905 1359 932 1398 i.
959 1370 992 1398 e.
1023 1357 1086 1397 diu
1115 1357 1316 1397 militando
1345 1357 1491 1397 bellum
1516 1357 1697 1398 didicisse

304 1429 456 1470 Caesar
477 1428 522 1467 Β.
545 1427 588 1468 G.
608 1426 638 1465 I.
659 1427 746 1474 39.‚
776 1439 884 1463 usum
914 1426 999 1463 bem
1028 1425 1160 1463 habere
1183 1424 1246 1466 IV.
1271 1426 1350 1474 20„
1381 1429 1417 1464 et
1444 1425 1583 1462 millius
1605 1438 1696 1463 usus

303 1500 567 1546 imperatorem
589 1493 615 1532 i.
642 1504 675 1533 e.
699 1493 915 1544 imperitum
940 1493 985 1532 B.
1010 1491 1092 1532 Giv.
1112 1491 1160 1532 ΙΙ.
1184 1491 1258 1540 45,
1283 1493 1322 1532 6.
1387 1494 1465 1529 Usu
1486 1492 1696 1541 praeditum

301 1564 328 1602 i.
354 1574 389 1601 e.
420 1558 567 1615 πολλῇ
597 1559 728 1614 τριβῇ
756 1554 969 1613 ἒζιιπειρον
992 1558 1130 1599 Cicero
1151 1559 1268 1598 hahet
1290 1571 1328 1611 p.
1355 1557 1533 1598 Cluentio
1558 1560 1623 1597 31.
1640 1581 1696 1587 -—

303 1633 351 1667 Et
376 1628 477 1679 apud
499 1627 657 1672 multos,
684 1626 862 1677 intellige
882 1627 998 1672 altos,
1021 1626 1109 1667 vide
1124 1625 1303 1677 Madvig.
1320 1625 1359 1664 ill
1377 1625 1457 1666 Cic.
1473 1624 1557 1665 Fin.
1574 1637 1611 1677 p.
1629 1626 1696 1665 39.

415 1720 498 1744 eam
526 1727 575 1732 --
608 1705 740 1755 artem]
781 1704 1043 1753 dialecticam,
1081 1717 1117 1745 v.
1157 1704 1203 1744 de
1241 1705 1307 1745 Or.
1338 1704 1367 1744 I.
1397 1705 1474 1753 42,
1508 1704 1601 1743 188.
1647 1702 1696 1743 II.

304 1774 376 1822 38,
410 1774 487 1812 157
513 1784 596 1823 sqq.
643 1772 742 1823 Top.
775 1774 812 1810 2.
856 1771 977 1812 Acad.
1008 1772 1056 1812 II.
1087 1772 1162 1820 28,
1191 1773 1259 1812 91.

416 1861 538 1900 XLII.
602 1859 691 1899 153.
752 1861 946 1897 litem-mn
975 1861 1181 1910 scientiam]
1223 1861 1323 1900 hanc
1362 1871 1446 1899 cum
1484 1858 1563 1898 alio
1605 1870 1697 1898 ora-

302 1929 404 1969 torio
432 1930 626 1979 apparatu
656 1926 855 1975 coniungit
880 1926 1044 1966 Crassus
1073 1926 1176 1977 apud
1200 1927 1428 1966 Ciceronem
1458 1925 1697 1966 deffOratorc

302 1996 333 2035 I.
362 1996 434 2042 34,
467 1993 558 2032 158.
602 1992 668 2031 III.
701 1994 773 2040 32,
807 1994 900 2031 127.
958 1992 1152 2042 Loquendi
1193 1993 1396 2041 ele9antia,
1439 2003 1540 2042 quac
1579 1992 1698 2031 fuerit

302 2063 343 2101 iu
373 2062 459 2102 Ser.
487 2058 685 2109 Sulpicio,
717 2058 966 2107 cognoscitur
997 2069 1045 2096 ex
1073 2059 1284 2109 praeclara
1313 2058 1481 2110 epistola
1514 2058 1696 2098 consola-

302 2128 408 2168 toria
439 2125 485 2165 de
515 2129 638 2164 morte
668 2124 826 2163 Tulliae
856 2123 907 2162 ad
937 2123 1164 2163 Ciceronem
1191 2125 1322 2163 missa.

419 2203 512 2243 154.
570 2204 617 2240 L.
650 2203 799 2239 Lucilio
833 2201 967 2251 Balbo]
1006 2201 1117 2240 huius
1156 2206 1193 2241 et
1223 2200 1372 2253 Aquilii
1409 2202 1622 2241 sententiae
1657 2203 1697 2241 in

302 2272 427 2312 libros
467 2281 556 2309 suos
596 2269 780 2308 retulisse
820 2268 973 2308 videtur
1009 2268 1207 2320 Sulpicius
1250 2267 1457 2308 secundum
1494 2268 1700 2320 Pomponii

302 2339 425 2380 verba
452 2337 499 2376 de
530 2336 640 2387 Orig.
666 2336 739 2375 iur.
766 2337 810 2384 3,
832 2336 901 2374 42.
958 2336 1134 2375 Lucilius
1165 2336 1417 2386 magistratus
1446 2346 1523 2374 non
1551 2336 1699 2387 petivit,

302 2405 484 2457 Aquilius
521 2408 747 2455 praeturam
785 2402 1068 2442 administravit
1107 2414 1142 2442 a.
1176 2404 1272 2442 688.
1332 2401 1456 2451 Quam
1490 2401 1698 2441 familiaris

303 2473 367 2513 hic
394 2471 592 2524 posterior
623 2470 804 2510 Ciceroni
832 2470 951 2509 fuerit
980 2469 1093 2509 docet
1121 2469 1231 2509 locus
1264 2469 1501 2521 Topicorum
1533 2481 1565 2509 c.
1590 2471 1654 2509 12.

418 2549 510 2589 156.
570 2549 689 2598 Sunii]
719 2549 862 2587 Brutus
894 2547 1131 2600 expeditioni
1165 2547 1348 2587 Caesaris
1376 2547 1548 2586 Asianae
1576 2548 1697 2587 inter-

303 2617 377 2656 fuit
407 2629 442 2655 a.
475 2617 575 2664 707,
615 2627 690 2667 quo
723 2628 824 2655 anno
853 2615 1024 2655 Nicaeae
1052 2614 1280 2654 Deiotarum
1311 2613 1503 2663 defendit3
1540 2614 1696 2654 rediens

303 2684 344 2722 in
372 2681 527 2723 Italiam
556 2683 664 2723 Sami
694 2683 928 2736 Sulpicium,
966 2682 1166 2734 Mytilenis
1201 2682 1258 2722 M.
1289 2682 1526 2722 Marcellum
1560 2686 1697 2734 sponte

305 2750 476 2791 exsulem
504 2749 599 2792 vidit
629 2748 754 2802 (Brut.
786 2753 862 2801 71,
888 2749 1016 2801 250).
1073 2749 1232 2792 Notavit
1259 2749 1456 2801 Meyerus.
