1835 3126
593 215 1058 262 lNTRODUCTlO.
1395 225 1514 269 322

125 327 237 368 ronis
268 328 434 380 aequali
467 336 727 385 comparatur
756 332 808 382 (c.
839 331 1056 385 36244).
1102 332 1201 374 Cum
1234 333 1296 376 his
1328 336 1514 378 vixerunt

125 395 196 436 Cn.
232 394 435 438 Domitius
482 395 528 438 C.
572 395 742 442 Caelius
790 400 849 443 M.
894 400 1124 444 Herennius
1169 402 1214 444 C.
1248 402 1419 447 Clodius
1465 403 1510 446 C.

122 462 256 506 Titius
295 464 344 515 Q.
374 463 554 508 Rubrius
585 465 717 511 Varro
761 469 819 512 M.
853 470 1064 513 Gratidius
1098 472 1153 524 (c.
1183 470 1270 525 45).

230 531 390 576 Deinde
435 535 685 591 colliguntur
732 552 814 580 non
856 540 959 582 nulli
1000 554 1049 582 ex
1090 542 1218 583 sociis
1256 547 1295 583 et
1334 540 1509 592 Latinis,

120 602 287 658 quibus,
320 617 408 648 cum
442 612 630 648 oratores
660 614 800 650 essent
828 622 910 651 non
942 609 1185 665 spernendi,
1227 609 1344 653 color
1372 617 1510 652 tamen

118 672 362 715 urbanitatis
401 674 593 718 defuerit:
640 662 689 727 Q.
717 676 875 720 Vettius
913 678 961 729 Q.
1004 685 1043 720 et
1080 677 1129 719 l).
1166 677 1323 721 Valerii
1354 678 1508 723 Sorani

120 743 164 784 C.
195 742 447 786 Rusticelius
484 743 534 786 T.
564 744 759 789 Betucius
788 746 945 791 Barrus
977 754 1016 790 et
1046 750 1320 804 antiquiorum
1351 747 1396 790 C.
1427 748 1509 791 Pa-

117 815 244 869 pirius
275 812 547 868 Fregellanus
580 816 632 864 (c.
662 814 749 868 46).

227 882 347 925 Redit
394 884 447 925 ad
483 891 671 927 oratores
711 884 922 929 Romanos
967 886 1080 929 illius
1120 888 1290 936 aetatis,
1336 900 1507 942 quorum

114 950 161 993 L.
189 951 398 1009 Philippus
422 954 644 996 secundum
668 955 875 1010 principes
899 954 995 997 illos
1019 956 1195 997 maxime
1219 954 1506 1010 expetebatur3

117 1023 180 1063 cui
210 1022 485 1075 adiunguntur
509 1020 558 1063 L.
591 1021 752 1064 Gellius
783 1021 830 1065 D.
857 1022 1007 1065 Brutus
1038 1022 1086 1065 L.
1114 1022 1257 1079 Scipio
1287 1022 1360 1064 Cn.
1383 1022 1506 1066 Pom-

112 1093 228 1147 peius
253 1089 405 1133 Strabo
433 1089 490 1131 M.
517 1089 676 1133 Brutus.
700 1089 744 1132 C.
767 1090 982 1135 Bellienus
1014 1091 1087 1134 Cu.
1111 1090 1308 1135 Octavius
1333 1093 1386 1145 (c.
1410 1091 1502 1145 47);

110 1160 206 1200 item
236 1158 360 1215 paulo
389 1160 610 1202 inferiores
642 1167 777 1202 aetate
810 1159 854 1202 C.
880 1160 1008 1204 Iulius
1036 1161 1197 1205 Caesar
1223 1161 1268 1203 P.
1295 1160 1504 1216 Cethegus

111 1227 161 1279 Q.
191 1226 409 1271 Lueretius
442 1228 629 1285 Vespillo
671 1229 720 1281 Q.
753 1228 894 1273 Ofella
932 1231 982 1273 T.
1013 1232 1175 1273 Annius
1215 1230 1266 1272 T.
1295 1230 1504 1274 Iuventius

109 1297 152 1339 P.
179 1295 331 1340 Orbius
362 1297 411 1340 T.
438 1299 627 1341 Aufidius
662 1301 832 1355 eiusque
863 1300 992 1342 frater
1020 1300 1078 1341 Μ.
1103 1299 1304 1354 Virgilius
1334 1301 1379 1343 P.
1407 1300 1502 1343 Ma-

109 1368 202 1422 gius
243 1366 291 1418 Q.
326 1366 537 1410 Sertorius
579 1367 622 1409 C.
657 1367 893 1422 Gargonius
936 1369 986 1412 T.
1017 1370 1157 1413 Iunius
1186 1371 1240 1422 (c.
1271 1368 1359 1423 48).

220 1436 307 1480 Iam
337 1439 521 1480 narratio
554 1437 606 1479 ad
637 1445 824 1493 quartam
855 1446 1065 1482 oratorum
1095 1446 1270 1482 aetatem
1302 1439 1500 1495 procedit,

110 1506 312 1550 Cicerone
338 1507 501 1562 quidem
527 1508 825 1563 antiquiorum,
849 1508 923 1551 sed
947 1510 1188 1565 quibuscum
1211 1510 1371 1552 vixerit.
1416 1507 1501 1552 Ho-

108 1592 195 1621 rum
234 1579 390 1634 primas
431 1577 609 1619 tulerunt
647 1576 691 1619 C.
723 1576 844 1620 Cotta
884 1585 923 1620 et
962 1577 1005 1619 P.
1038 1577 1261 1634 Sulpicius.
1321 1578 1500 1620 Additur

107 1648 341 1704 digressio,
373 1660 455 1702 qua
485 1647 712 1690 ostenditur
739 1648 781 1689 in
811 1647 1025 1703 probando
1055 1646 1377 1703 improbandove
1402 1661 1499 1690 ora-

107 1726 194 1761 tore
225 1718 379 1774 peritos
407 1729 432 1758 a
454 1715 709 1758 multitudine
733 1717 984 1759 audientium
1009 1729 1217 1773 nunquam
1243 1716 1497 1759 dissensisse

106 1790 160 1841 (c,
190 1786 405 1839 49—55).

218 1855 318 1899 Post
349 1853 511 1898 Cottam
551 1861 921 1897 commemorantur
956 1856 1046 1897 eius
1077 1853 1238 1897 sodalis
1269 1851 1317 1894 L.
1348 1852 1497 1895 Aelius

106 1927 179 1968 Cn.
210 1925 458 1981 Pomponius
490 1922 534 1965 C.
567 1922 715 1973 Curio,
747 1924 816 1979 qui
846 1937 936 1966 cum
965 1924 1101 1978 magis
1128 1922 1348 1966 verborum
1377 1921 1498 1964 boni-

103 2002 184 2038 tate
216 1995 324 2037 domi
357 2000 529 2050 accepta
559 2006 681 2049 quam
712 1993 809 2036 aliis
838 1993 1056 2036 virtutibus
1086 1994 1281 2037 oratoriis
1306 1992 1496 2041 valuerit,

103 2067 357 2108 connectitur
402 2063 610 2118 digressio
658 2063 707 2105 de
755 2063 876 2106 bonis
925 2063 1192 2105 institutionis
1241 2061 1495 2104 domesticae

103 2138 156 2188 (c.
195 2133 414 2186 bssfflssl).
481 2131 717 2187 Sequuntur
757 2131 802 2174 C.
835 2131 972 2175 Carbo
1013 2131 1061 2183 Q.
1093 2130 1244 2173 Varius
1284 2129 1328 2172 C.
1359 2128 1496 2171 Fufius

104 2205 201 2247 aliis
243 2203 500 2244 transmissis
543 2208 610 2242 aut
651 2203 692 2242 in
732 2201 989 2244 turbulentas
1031 2202 1247 2243 contiones
1279 2198 1494 2253 relegatis,

102 2273 214 2316 velut
254 2270 302 2312 L.
336 2270 560 2312 Saturnino
603 2277 642 2312 et
688 2269 733 2312 C.
766 2269 945 2313 Glaucia
986 2272 1041 2323 (c.
1083 2270 1168 2322 62).
1235 2269 1490 2311 Brevissime

103 2342 251 2386 deinde
281 2341 515 2383 iudicantur
550 2338 597 2390 Q.
624 2339 827 2382 Antistius
867 2339 911 2382 C.
943 2339 1126 2382 Sisenna
1156 2337 1204 2390 Q.
1237 2336 1493 2387 Hortensius,

103 2413 156 2456 ad
197 2425 314 2468 quem
358 2416 505 2466 postea
546 2409 652 2450 redit
694 2411 849 2457 oratio,
896 2408 954 2451 M.
996 2407 1175 2450 Crassus
1223 2404 1268 2448 C.
1307 2404 1493 2449 Fimbria

103 2481 177 2524 Cn.
211 2483 244 2523 Sc
290 2479 334 2521 P.
377 2477 542 2521 Lentuli
590 2476 647 2519 M.
686 2477 783 2521 Piso
830 2478 874 2521 P.
916 2478 1095 2521 Murena
1145 2475 1191 2518 C.
1231 2473 1487 2520 Censorinus

99 2551 148 2595 L.
181 2550 335 2593 Tui-lus
379 2547 424 2591 C.
454 2547 639 2592 Licinius
663 2546 811 2591 Macer
850 2547 895 2589 C.
924 2547 1022 2590 Piso
1058 2545 1108 2589 L.
1138 2544 1375 2600 Torquatus
1416 2542 1491 2585 Cn.

99 2621 320 2677 Pompeius
350 2618 531 2674 Magnus
569 2616 619 2659 D.
652 2616 824 2659 Silanus
856 2616 906 2667 Q.
935 2615 1154 2672 Pompeius
1185 2613 1231 2659 P.
1262 2613 1488 2659 Autronius

99 2690 149 2732 L.
188 2688 386 2732 Octavius
431 2687 477 2730 C.
517 2686 715 2730 Staienus
760 2685 807 2729 C.
847 2692 887 2729 et
923 2684 972 2728 L.
1011 2684 1206 2747 Caepasii
1252 2681 1298 2728 C.
1329 2681 1488 2727 Cosco-

100 2761 192 2803 nius
231 2758 280 2810 Q.
321 2759 490 2808 Arrius,
531 2771 701 2814 quorum
741 2769 838 2813 pars
874 2753 1090 2799 Ciceronis
1130 2758 1248 2797 erant
1286 2751 1487 2810 aequales
