1835 3126
277 177 362 220 96
485 170 680 215 BREVIS
712 170 1104 223 ELOQUENTIAE
1136 173 1270 216 ROM.
1301 173 1442 216 HIST.

276 288 381 327 ronis
412 287 693 325 obtrectatores
719 285 918 334 errabant,
951 287 1054 338 quod
1071 288 1236 328 Atticum
1259 288 1376 336 illud,
1410 286 1512 340 quod
1535 287 1658 327 solum

274 353 509 405 probabant,
551 352 703 392 dicendi
741 364 861 403 genus
897 365 974 392 non
1010 358 1087 392 tam
1126 354 1266 394 docere
1296 355 1386 407 quid
1424 354 1659 406 sequendum

275 426 395 468 esset,
436 431 549 471 quam
587 431 743 459 monere
774 418 865 471 quid
895 424 998 458 esset
1029 420 1224 460 vitandum
1258 422 1506 472 ignorabant.
1566 421 1659 461 Cum

276 489 373 526 enim
403 488 551 526 Atticos
583 492 760 526 oratores
792 498 902 526 omne
933 487 1104 526 insolens
1134 493 1248 540 atque
1276 489 1443 541 ineptum
1474 488 1660 539 defugere

273 555 468 602 viderent,
509 554 606 593 nihil
636 554 843 602 curabant,
881 554 956 592 nisi
992 565 1040 592 ne
1078 554 1154 605 ipsi
1186 567 1336 606 quoque
1374 555 1586 594 insolenter
1623 560 1660 594 et

275 623 402 673 inepte
440 622 704 673 loquerentur.
770 622 821 660 At
861 620 1189 661 obliviscebantur
1231 622 1345 660 etiam
1382 622 1508 660 Attice
1543 633 1660 672 posse

277 690 518 729 vehementer
550 694 586 727 et
620 687 820 740 splendide
853 687 948 735 dici;
987 693 1023 727 et
1053 699 1135 726 cum
1161 688 1281 727 Attici
1310 693 1486 727 oratores
1517 688 1662 737 exigua

274 757 457 804 tenuiter,
488 768 631 806 magna
663 756 765 794 elate
795 760 831 794 et
862 756 1006 794 acriter
1037 755 1244 803 dixissent,
1274 755 1371 807 ipsi,
1411 755 1503 806 quia
1531 755 1662 794 tenuia

275 823 362 861 sola
403 828 565 874 propter
607 823 754 873 ingenii
799 822 1010 861 exilitatem
1055 822 1239 874 consequi
1282 827 1489 874 poterant,
1534 822 1663 861 omnia

276 890 431 928 exiliter
463 890 538 928 dici
567 890 762 930 volebant.
808 889 887 930 Sed
915 889 1073 937 Cicero,
1104 901 1266 941 quocum
1291 888 1433 928 Calvus
1462 889 1662 939 iniquissi-

275 969 373 995 mam
412 958 691 996 contentionem
736 957 782 995 de
819 957 1040 1008 principatu
1077 956 1323 1008 eloquentiae
1360 957 1551 995 habuerat
1580 953 1662 1007 (⁷⁴),

274 1023 393 1073 longe
422 1024 564 1062 rectius
593 1024 663 1063 illo
694 1024 886 1062 intellexit
915 1029 1030 1074 caput
1057 1035 1141 1062 esse
1168 1024 1262 1061 artis
1288 1023 1431 1067 decere,
1462 1022 1501 1060 id
1526 1028 1583 1062 est
1604 1024 1663 1062 rei

274 1090 574 1139 magnitudinem
604 1091 734 1130 verbis
764 1101 948 1141 aequare.
1009 1089 1103 1129 Cum
1134 1090 1256 1139 igitur
1286 1094 1322 1128 et
1350 1090 1507 1139 ingenio
1537 1090 1662 1141 pluri-

274 1169 373 1195 mum
411 1157 562 1197 valeret
606 1162 642 1196 et
680 1157 845 1196 maximo
887 1156 1012 1195 studio
1054 1156 1237 1208 quicquid
1285 1156 1376 1195 sciri
1412 1162 1567 1208 poterat
1604 1157 1662 1196 di-

276 1222 431 1262 dicisset
466 1229 502 1262 et
532 1236 676 1262 summa
705 1224 896 1262 industria
927 1235 1012 1263 sese
1051 1223 1101 1262 ad
1132 1222 1331 1262 dicendum
1362 1224 1599 1263 exercuisset
1628 1230 1664 1263 et

276 1291 505 1341 optimorum
535 1292 766 1342 scriptorum
805 1296 841 1329 et
878 1291 1153 1341 magistrorum
1184 1290 1361 1342 exempla
1391 1291 1662 1340 aemularetur,

273 1356 535 1395 Romanorum
574 1358 739 1396 omnium
777 1358 922 1408 primus
958 1357 997 1395 id
1038 1362 1096 1396 est
1136 1363 1352 1404 assecutus,
1398 1363 1436 1396 ut
1473 1358 1663 1397 orationis

275 1422 522 1461 instruendae
567 1428 650 1461 arte
692 1429 731 1462 et
776 1424 890 1474 copia
929 1423 1136 1474 eloquendi
1177 1425 1352 1462 ubertate
1397 1429 1432 1462 et
1476 1424 1664 1473 dignitate

275 1489 414 1527 artium
458 1490 623 1527 omnium
676 1490 814 1528 notitia
858 1490 1151 1529 accuratissima
1199 1490 1375 1533 Graecae
1418 1489 1664 1542 eloquentiae

274 1556 441 1608 principi
470 1556 721 1598 Demostheni
750 1561 1000 1609 aequaretur.

907 1666 940 1720 ς.
973 1670 1037 1709 39.

559 1742 780 1777 Rhetoricae
805 1744 901 1789 apud
927 1744 1109 1778 Romanos
1131 1744 1372 1778 fundamenta.

389 1823 473 1872 Quo
506 1825 645 1862 certius
676 1826 847 1875 agnitum
879 1830 935 1864 est
972 1826 1233 1876 eloquentiam
1262 1827 1427 1864 omnium
1458 1828 1597 1866 artium
1629 1832 1665 1867 et

275 1891 440 1929 maxime
473 1891 746 1943 philosophiae
782 1892 981 1944 praesidio
1019 1892 1259 1931 muniendam
1290 1904 1374 1931 esse
1416 1898 1452 1932 ct
1481 1898 1663 1945 tanquam

276 1958 408 1996 florem
450 1969 498 1995 ex
529 1959 631 1997 omni
669 1960 853 1998 scientiae
893 1971 1038 2010 genere
1069 1960 1220 2007 enasci,
1261 1971 1305 1998 eo
1345 1961 1469 2010 magis
1500 1961 1664 2000 Romani

276 2025 530 2075 generosiore
560 2025 692 2065 indole
725 2027 894 2078 praediti
928 2040 950 2065 a
979 2027 1198 2066 rhetoribus
1230 2026 1279 2066 ad
1310 2027 1549 2078 antiquiores
1581 2040 1665 2067 cum

277 2091 422 2130 sciendi
448 2097 526 2129 tum
553 2093 760 2144 eloquendi
787 2099 966 2133 auctores
998 2099 1034 2132 et
1056 2094 1183 2133 fontes
1209 2106 1250 2133 se
1273 2094 1527 2134 contulerunt.
1567 2095 1665 2134 Hinc

276 2158 342 2209 qui
370 2157 530 2207 *dicendi
566 2165 688 2198 artem
727 2160 887 2198 interius
918 2160 1111 2210 cognituri
1145 2165 1255 2198 erant
1296 2161 1479 2212 quicquid
1518 2174 1542 2199 a
1570 2162 1664 2201 viris

278 2225 514 2266 Graecorum
541 2225 757 2266 eruditione
785 2227 1026 2279 principibus
1056 2228 1318 2278 excogitatum
1349 2232 1385 2266 et
1411 2228 1667 2280 perscriptum

277 2298 362 2331 erat
392 2292 522 2331 dedita
545 2305 667 2345 opera
696 2293 980 2345 perdiscelmnt.
1028 2294 1077 2334 Et
1108 2307 1192 2334 cum
1215 2294 1351 2342 Plato,
1383 2295 1449 2346 qui
1479 2295 1666 2334 sentiendi

276 2360 518 2410 praestantia
561 2366 598 2399 et
638 2360 789 2400 dicendi
828 2361 1007 2400 ubertate
1051 2362 1163 2413 quasi
1206 2361 1298 2400 deus
1345 2361 1499 2413 quidam
1536 2363 1663 2414 philo-

277 2426 486 2477 sophorum
514 2427 745 2477 haberetur,
784 2440 879 2480 opus
911 2429 1121 2468 oratorium
1157 2429 1351 2480 sprevisse
1384 2429 1512 2480 potius
1552 2442 1666 2481 quam

277 2493 484 2542 ignorasse
527 2494 744 2543 videretur,
790 2495 864 2535 duo
906 2496 1062 2534 maximi
1098 2496 1173 2535 viri
1218 2495 1267 2535 ad
1307 2495 1504 2535 dicendum
1548 2495 1664 2535 duces

278 2559 466 2610 sequendi
490 2560 569 2599 illis
594 2561 844 2612 videbantur,
875 2563 1051 2603 doctrina
1075 2564 1230 2613 summi,
1261 2562 1447 2603 facundia
1472 2574 1548 2602 non
1572 2573 1663 2602 con-

369 2701 428 2744 74)
453 2700 596 2737 Seneca
620 2702 791 2740 Controv.
819 2705 879 2742 ΙΙΙ,
908 2705 958 2740 19.
982 2705 1099 2740 verba
1122 2711 1214 2740 sunt.
