1835 3126
332 231 530 276 BREVIS
560 230 959 285 ELOQUENTIAE
990 232 1127 279 ROM.
1156 233 1299 277 HIST.
1447 238 1512 281 12

121 353 228 388 tores
265 347 460 387 exstitisse
498 351 797 387 consentaneum
826 353 906 397 est;
943 348 1012 388 sed
1050 349 1271 389 senatoriae
1301 350 1515 390 sententiae

123 420 303 455 auctores
351 426 501 467 paucos
544 414 667 453 fuisse
709 420 871 455 constat.
947 415 1043 456 Cum
1089 417 1249 467 vigebat
1291 417 1514 465 Africanus,

122 482 223 521 inter
260 482 373 522 huius
412 487 450 521 et
480 481 525 532 Q.
552 481 708 522 Metelli
736 482 986 522 Macedonici
1028 488 1160 535 partes
1200 484 1322 523 omnis
1360 489 1515 523 senatus

121 549 235 600 qnasi
278 548 425 588 medius
464 554 569 590 erat:
610 549 682 589 hos
718 549 824 590 viros
857 551 1124 600 intuebantur,
1168 551 1307 591 horum
1343 552 1516 591 auctori-

121 620 239 656 tatem
268 616 532 668 sequebantur
561 627 704 656 omnes.

233 683 436 724 Postremo
476 695 599 734 genus
640 682 848 736 eloquendi
884 683 1241 730 demonstrativum,
1287 697 1384 736 quas
1428 682 1517 724 lau-

120 748 298 789 dationes
339 754 376 789 et
403 751 710 802 vituperationes
740 751 907 791 Romani
934 756 1098 799 vocant,
1137 756 1179 790 ut
1209 750 1312 802 apud
1344 751 1517 792 Graecos

122 817 231 868 ipsos
260 817 386 867 magis
417 816 635 857 delectandi
663 827 787 856 causa
816 828 930 867 quam
953 816 1185 854 necessitate
1210 816 1346 867 aliqua
1370 821 1518 856 tracta-

121 887 201 921 tum
235 887 312 930 est,
340 887 499 933 praeter
528 883 727 922 contiones
755 881 938 920 funebres
969 892 1048 919 non
1074 880 1194 919 alium
1219 881 1296 920 nisi
1317 881 1518 922 fortuitum

122 948 163 987 in
195 948 326 988 causis
357 947 422 990 vel
452 948 682 988 testimoniis
713 946 886 988 dicendis
916 946 1046 987 locum
1075 947 1223 1001 reperit
1240 943 1326 999 (⁶⁵).

755 1061 791 1116 ς.
826 1062 890 1100 12.

666 1136 820 1171 Dicendi
848 1135 976 1171 forma.

232 1204 292 1245 De
325 1204 477 1245 dicendi
500 1206 647 1256 forma,
680 1218 782 1259 quae
810 1207 884 1246 hac
909 1210 1037 1246 aetate
1060 1205 1244 1254 obtinuit,
1274 1205 1373 1245 bene
1399 1204 1520 1255 Quin-

122 1270 369 1325 tilian11s(⁰6)
394 1272 541 1313 iudicat
568 1274 609 1313 iu
639 1275 779 1314 artium
802 1274 1018 1314 statuariae
1044 1278 1081 1313 et
1107 1273 1308 1313 oratoriae
1332 1277 1523 1325 proventu

122 1340 385 1393 comparando
403 1340 629 1381 Ciceronem
651 1347 807 1382 secutus
823 1338 906 1392 (⁶⁷).
956 1341 1068 1387 „Sed
1088 1340 1213 1388 fuere,
1237 1340 1381 1392 inquit,
1407 1353 1521 1390 quae-

122 1406 212 1445 dam
246 1421 382 1456 genera
419 1408 562 1446 dicendi
607 1409 815 1448 conditione
854 1415 1061 1458 temporum
1101 1407 1337 1453 horridiora,
1378 1407 1521 1456 alioqui

122 1486 301 1522 ”laynam
341 1478 418 1512 iam
453 1477 593 1524 ingenii
630 1478 707 1514 vim
743 1489 836 1526 prae
864 1489 903 1513 sc
933 1476 1107 1523 ferentia.
1167 1476 1266 1510 Hinc
1294 1476 1370 1510 sint
1397 1473 1523 1510 Laelii

122 1540 302 1586 Africani
341 1541 499 1579 Catones
535 1544 647 1579 etiam
686 1543 937 1593 Gracchique,
977 1555 1069 1592 quos
1107 1548 1147 1578 tu,
1185 1542 1268 1579 licet
1296 1540 1523 1588 Polygnotos

122 1606 180 1643 vel
225 1607 402 1645 Callonas
440 1608 615 1658 appelles.
682 1608 853 1646 Mediam
897 1609 1004 1646 illam
1040 1609 1206 1655 formam
1248 1606 1440 1656 (Phidiae
1486 1610 1524 1645 et

124 1673 374 1725 aequalium)
420 1679 569 1712 teneant
612 1676 659 1713 L.
708 1676 868 1713 Crassus
913 1676 955 1720 Q.
1001 1677 1237 1712 Hortensius.
1252 1677 1278 1695 “
1349 1672 1523 1712 Laudem

124 1740 280 1791 quidem
307 1741 448 1780 Latine
470 1740 673 1792 loquendi,
702 1746 743 1780 ut
765 1741 1030 1789 innocentiae,
1061 1740 1150 1780 huic
1175 1740 1294 1779 aetati
1321 1740 1524 1792 propriam

123 1806 246 1846 fuisse
274 1807 378 1847 haud
410 1808 541 1859 inepte
571 1806 709 1847 Cicero
739 1807 887 1847 iudicat
903 1804 997 1858 (53),
1031 1820 1056 1846 a
1086 1807 1194 1846 cuius
1225 1807 1416 1846 sententia
1446 1818 1524 1846 non

122 1873 281 1913 multum
305 1873 444 1922 distat,
479 1874 587 1913 cuius
612 1873 725 1914 modo
750 1875 970 1914 testimonio
995 1875 1057 1914 usi
1084 1886 1233 1923 sumuS‚
1259 1873 1524 1923 Quintilianus

122 1939 347 1992 Scipionem
386 1945 424 1980 et
452 1941 632 1980 Laelium
668 1941 845 1981 iudicans
887 1942 1002 1994 quasi
1027 1941 1159 1982 Attica
1196 1940 1364 1993 quadam
1393 1941 1433 1981 iu
1461 1940 1524 1980 lo—

119 2006 275 2059 quendo
322 2008 502 2047 castitate
537 2019 630 2048 usos
665 2008 790 2049 videri
816 2005 906 2060 (⁶⁹):
947 2009 1052 2062 quod
1088 2020 1166 2049 non
1198 2009 1294 2048 artis
1328 2019 1400 2048 nec
1433 2020 1524 2047 eru-

121 2073 277 2114 ditionis
300 2073 394 2123 fuit,
425 2075 497 2116 sed
518 2080 705 2125 naturae,
735 2077 925 2116 sermonis
948 2077 1081 2116 Latini
1106 2076 1332 2127 integritate
1356 2074 1525 2115 nondum

120 2142 320 2182 variarum
360 2143 533 2194 gentium
574 2143 795 2184 colluvione
836 2149 1036 2196 corrupta.
1103 2143 1202 2183 Hinc
1245 2142 1427 2181 mulieres
1473 2142 1523 2180 ab

122 2210 272 2249 externi
309 2210 428 2249 moris
467 2210 702 2260 contagione
730 2210 967 2260 integriores
995 2214 1165 2250 veterem
1193 2210 1382 2248 sermonis
1413 2209 1523 2260 puri-

123 2280 241 2315 tatem
266 2281 303 2315 et
325 2277 439 2327 quasi
465 2275 673 2315 candorem
696 2275 910 2316 diutissime
930 2277 1172 2316 retinuerunt
1187 2273 1271 2326 (⁷⁰).
1312 2275 1524 2316 Fateamur

123 2343 246 2393 igitur
286 2353 371 2382 cum
406 2342 540 2382 Tullio
580 2354 740 2383 neeesse
779 2348 838 2382 est
876 2343 1017 2383 Latine
1050 2342 1160 2394 loqui
1204 2341 1238 2380 si
1278 2342 1434 2382 abesset
1472 2341 1522 2381 ab

125 2414 284 2449 oratore
300 2409 488 2458 Romano,
514 2422 696 2461 magnum
711 2410 857 2458 vitium,
884 2411 918 2449 si
935 2410 1100 2458 adesset,
1123 2409 1318 2460 exiguam,
1348 2409 1523 2461 quamvis

124 2477 390 2516 necessariam
428 2476 584 2517 laudem
616 2477 741 2517 videri
771 2476 967 2517 debuisse.
1026 2477 1106 2519 Sed
1136 2476 1331 2529 simplices
1360 2475 1422 2515 illi
1450 2476 1523 2515 ho-

125 2543 265 2592 mines,
307 2544 379 2583 etsi
416 2555 564 2584 morum
590 2544 749 2584 castitas
781 2544 896 2584 etiam
919 2544 1049 2585 verbis
1078 2544 1188 2597 puris
1219 2543 1523 2596 exprimebatur,

218 2651 278 2695 65)
305 2652 379 2688 cic.
397 2651 504 2687 Brut.
525 2653 580 2695 44,
602 2652 678 2689 162.
704 2653 750 2688 de
769 2651 836 2689 Or.
856 2653 898 2690 ll.
919 2654 977 2697 84,
996 2653 1074 2690 341.
1192 2653 1253 2697 66)
1277 2651 1424 2690 Quintil.
1443 2649 1522 2685 ΧΠ.

128 2707 188 2750 10,
212 2707 263 2742 10.
380 2709 441 2754 67)
466 2708 569 2745 Brut.
591 2710 651 2753 18,
669 2710 722 2746 70.
787 2738 790 2741 .
840 2711 899 2754 68)
924 2710 1029 2746 Brut.
1049 2711 1112 2752 74,
1131 2710 1209 2745 258.
1326 2709 1386 2750 69)
1412 2708 1523 2746 Quin-

125 2764 177 2799 til.
200 2763 278 2800 XII.
306 2765 367 2809 10,
391 2765 447 2803 39.
566 2766 625 2811 70)
652 2767 726 2804 Cic.
753 2767 800 2803 de
818 2766 884 2803 Or.
907 2767 967 2802 lll.
996 2766 1057 2810 12,
1082 2766 1137 2803 45.
1173 2767 1216 2803 cf.
1238 2766 1342 2802 Brut.
1365 2765 1422 2808 58,
1442 2764 1519 2799 210.

1213 2837 1240 2877 2
