1835 3126
222 159 330 233 118
435 181 631 227 BREVIS
661 178 1054 232 ELOQUENTIAE
1085 177 1220 221 ROM.
1252 176 1394 219 HIST.

224 299 475 341 historiarum
500 296 680 336 virtutem
707 305 792 334 esse
823 293 964 333 debere
993 298 1047 340 et,
1086 297 1128 331 ut
1155 293 1194 331 in
1224 292 1340 331 rebus
1371 290 1491 342 gestis
1519 301 1612 328 nar-

226 364 360 406 randis
405 374 589 403 summam
637 361 920 412 simplicitatem
963 359 1277 410 perspicuitatem
1329 363 1365 397 et
1406 357 1614 398 verborum

229 430 466 481 elegantiam
493 432 721 468 consecutus
745 427 814 474 sit,
840 426 896 464 ita
922 437 971 464 ne
1001 425 1049 464 ab
1075 426 1315 465 orationibus
1345 425 1497 477 quidem
1522 423 1614 462 illas

227 497 366 537 laudes
398 496 568 544 afuisse,
599 494 874 533 sententiarum
905 497 1031 531 autem
1055 492 1338 544 verborumque
1365 493 1442 533 vim
1470 495 1615 530 tantam

227 565 269 604 in
299 565 354 603 eis
392 562 646 616 apparuisse,
683 566 725 600 ut
760 561 835 600 hac
863 564 975 611 parte
1015 570 1098 597 cum
1127 559 1281 598 summis
1318 559 1359 597 in
1388 571 1433 598 eo
1472 569 1616 609 genere

227 630 323 671 viris
349 634 655 682 compararetur.
713 628 819 668 Artis
846 626 945 666 enim
975 625 1056 664 eius
1082 626 1278 664 orationes
1304 625 1473 665 fortasse
1493 626 1616 664 minus

228 697 465 745 habuerunt,
497 707 611 748 quam
634 694 853 742 Ciceronis,
882 693 950 732 sed
978 697 1142 731 naturae
1166 692 1207 730 in
1232 691 1402 731 Caesare
1430 692 1502 730 illa
1528 692 1618 730 feli-

230 764 328 803 citas
357 764 449 812 fuit,
488 768 530 803 ut
565 767 674 802 tanta
708 761 901 801 industria
936 760 1013 812 ipsi
1046 771 1143 810 opus
1180 771 1258 798 non
1288 763 1401 798 esset.
1458 757 1556 797 Hinc
1587 757 1620 795 si

229 831 391 871 nitidum
426 829 523 870 illud
561 835 598 869 et
634 829 801 868 facetum
833 827 1018 868 Caesaris
1049 826 1254 866 Strabonis
1291 825 1448 877 gentilis
1485 825 1545 864 sui
1579 824 1620 863 in

230 897 394 938 dicendo
425 909 547 948 genus
585 897 755 935 imitatus
787 895 946 942 (licitur,
980 893 1019 932 id
1051 892 1309 932 adolescentis
1341 897 1425 932 erat
1454 891 1622 931 nondum

229 965 271 1004 in
309 965 464 1004 summis
493 964 610 1003 rebus
648 962 793 1003 versati
832 972 902 1000 nec
944 960 1120 999 maximis
1155 958 1439 998 discriminibus
1472 960 1619 998 iactati.

231 1031 344 1081 Quae
382 1032 415 1070 si
448 1031 726 1077 accessissent,
762 1027 866 1080 quod
901 1028 939 1066 in
969 1026 1167 1078 perpetuis
1196 1026 1311 1064 bellis
1340 1030 1496 1065 versato
1528 1036 1620 1065 con-

231 1099 385 1147 tingere
421 1109 498 1136 non
530 1096 672 1148 potuit,
716 1096 831 1134 etiam
865 1093 1107 1133 vehementia
1150 1097 1186 1130 et
1222 1092 1620 1131 commiserationibus

232 1164 392 1204 cuilibet
426 1163 566 1202 fuisset
602 1174 676 1214 par
695 1158 777 1210 (7¹).
837 1160 1064 1200 Orationum
1094 1164 1440 1198 commemorantur
1466 1164 1545 1198 tres
1581 1160 1621 1198 in

235 1232 300 1268 Cn.
318 1230 552 1268 Dolabellam
572 1228 872 1281 repetundarum
894 1226 1130 1279 postulatum
1149 1222 1235 1276 (⁷²),
1261 1238 1338 1278 qua
1359 1237 1478 1265 causa
1495 1227 1622 1278 prima

232 1309 418 1337 summam
447 1297 522 1336 sibi
543 1296 714 1347 gloriam
739 1295 911 1347 peperit3
943 1295 1103 1344 eiusque
1128 1293 1290 1332 actionis
1317 1305 1410 1344 pars
1436 1293 1621 1333 divinatio

234 1370 339 1412 erat,
380 1376 458 1415 qua
497 1363 658 1402 certavit
698 1374 782 1402 cum
812 1361 968 1412 aliquo,
1009 1361 1076 1411 qui
1112 1359 1272 1398 eandem
1302 1361 1490 1398 actionem
1527 1372 1621 1412 pro-

231 1427 522 1481 fitehatu1·(⁷3);
552 1429 640 1468 dein
671 1429 798 1468 oratio
828 1441 895 1477 pro
930 1429 1084 1464 Graccis
1113 1427 1151 1464 in
1179 1428 1237 1465 M.
1258 1427 1465 1466 Antonium
1496 1428 1622 1467 Creti-

234 1509 319 1537 cum
344 1494 436 1548 (⁷4);
479 1502 558 1536 tres
602 1496 641 1534 iu
679 1498 726 1534 L.
766 1496 972 1531 Domitium
1011 1497 1048 1531 ct
1087 1494 1125 1529 G.
1163 1495 1383 1530 sslemmium
1424 1494 1622 1534 contiones

233 1564 462 1604 consulares
503 1575 539 1602 a.
577 1562 659 1602 695
694 1561 852 1601 habitae
882 1557 974 1610 (7⁵);
1016 1558 1182 1610 (lenique
1220 1560 1347 1599 contio
1388 1560 1438 1598 ad
1474 1562 1622 1608 milites,

233 1632 341 1671 cuius
373 1642 475 1683 quae
501 1630 625 1671 verba
651 1628 765 1668 affert
790 1627 998 1668 Suetonius
1016 1624 1088 1677 (⁷5)
1118 1627 1156 1665 in
1178 1626 1314 1666 Africa
1344 1633 1432 1666 ante
1454 1640 1624 1680 pugnam

234 1698 285 1738 ad
321 1698 456 1738 urbem
487 1697 685 1749 Thapsum
720 1696 892 1735 habitam
930 1699 1109 1745 arguunt.
1169 1693 1320 1733 Incerto
1358 1696 1524 1746 tempori
1560 1708 1624 1734 as-

233 1765 428 1817 signanda
457 1765 584 1804 oratio
612 1777 680 1813 pro
706 1763 878 1809 Bithynis
894 1760 984 1813 (⁷⁷):
1015 1774 1124 1801 nemo
1157 1762 1255 1800 enim
1277 1761 1408 1811 Pighii
1435 1762 1625 1801 rationem

234 1833 439 1885 probabit,
484 1830 526 1870 C.
568 1830 790 1870 Mcnunium
834 1841 882 1868 ex
919 1829 1101 1879 Bithynia
1138 1828 1407 1867 administrata
1442 1834 1625 1881 repetun-

234 1899 372 1939 darum
408 1910 516 1938 reum
553 1902 678 1936 actum
720 1907 792 1947 per
830 1896 966 1934 literas
1005 1907 1029 1933 a
1069 1895 1242 1934 Caesare
1283 1901 1373 1934 tunc
1415 1896 1454 1934 in
1494 1896 1625 1936 Gallia

232 1966 379 2005 bellum
402 1969 562 2016 gerente
593 1975 628 2002 a.
655 1963 749 2002 69⁵3.
797 1962 991 2011 Quaestor
1020 1973 1091 2012 pro
1118 1961 1298 2000 contione
1328 1960 1502 2001 laudavit
1529 1963 1624 2001 ami—

234 2038 313 2072 tam
342 2033 479 2072 Iuliam
519 2036 555 2070 et
588 2041 748 2068 uxorem
779 2028 1000 2069 Corneliam
1027 2026 1109 2078 (7⁸).
1168 2028 1246 2068 Sed
1283 2027 1385 2079 quod
1416 2028 1625 2069 Suetonius

328 2196 387 2239 71)
414 2196 472 2230 De
496 2194 673 2228 sermonis
701 2192 776 2226 eius
803 2191 989 2237 diligentia
1014 2201 1049 2225 v.
1075 2190 1148 2225 Cic.
1175 2189 1279 2224 Brut.
1304 2191 1368 2233 72,
1391 2191 1490 2235 252,
1514 2194 1627 2237 ipsius

235 2254 369 2287 dictum
394 2252 439 2286 de
465 2250 676 2295 antiquariis
701 2247 796 2293 apud
823 2247 914 2283 Gen.
941 2247 967 2282 Ι.
997 2247 1049 2282 10.
1088 2246 1256 2282 Macrob.
1283 2247 1359 2282 Sat.
1383 2247 1408 2281 1.
1433 2260 1468 2293 p.
1489 2249 1565 2283 223.
1588 2251 1626 2285 Z.

237 2310 394 2344 Gellium
415 2309 529 2352 ipsum
548 2306 647 2341 XIX.
664 2306 698 2341 S.
739 2304 799 2339 De
821 2304 855 2339 vi
879 2303 1021 2338 dicendi
1039 2303 1207 2338 Caesaris
1227 2315 1261 2337 v.
1281 2303 1430 2341 Quintil.
1450 2305 1493 2339 X.
1512 2306 1553 2348 2,
1572 2306 1627 2342 25,

237 2365 284 2400 cf.
306 2366 343 2407 l,
364 2365 438 2399 114.
466 2364 558 2398 Plut.
579 2363 683 2398 Caes.
701 2361 734 2398 3.
854 2361 911 2403 72)
938 2360 1061 2395 Schol.
1083 2359 1181 2394 Bob.
1202 2360 1236 2394 in
1257 2360 1330 2395 Cic.
1354 2373 1388 2406 p.
1413 2362 1552 2397 Scauro
1571 2363 1624 2399 21.

238 2421 333 2456 Geli.
354 2420 416 2455 IV.
442 2421 493 2456 16.
527 2420 624 2455 Dial.
644 2419 689 2453 de
710 2429 761 2454 or.
783 2418 838 2453 34.
874 2418 973 2451 Suet.
995 2417 1099 2453 Caes.
1123 2417 1155 2450 4.
1193 2416 1386 2462 Emporias
1408 2430 1465 2463 ap.
1487 2419 1627 2463 Cappe-

236 2488 342 2512 ronn.
368 2488 403 2522 p.
426 2478 503 2512 311.
621 2476 680 2519 73)
715 2475 816 2510 Suet.
841 2474 865 2509 l.
890 2485 921 2509 c.
953 2485 982 2508 c.
1007 2473 1062 2508 55.
1182 2474 1241 2517 74)
1277 2474 1453 2509 Asconius
1485 2476 1519 2508 in
1553 2476 1626 2511 Cic.

217 2575 220 2579 ³
238 2535 274 2569 in
299 2538 385 2578 toga
404 2534 558 2567 candida
582 2546 616 2579 p.
636 2532 703 2566 522
721 2530 835 2567 Orell.
952 2530 1011 2573 75)
1038 2530 1159 2564 Schol.
1177 2530 1272 2565 Bob.
1291 2531 1337 2564 ad
1357 2530 1429 2567 Cic.
1450 2532 1484 2565 in
1503 2532 1624 2568 Vatin.

237 2590 280 2632 6,
299 2589 332 2623 3.
358 2601 392 2634 p.
415 2589 481 2623 317
502 2588 617 2625 Orell.
656 2589 727 2625 Cic.
748 2588 851 2622 Sext.
874 2587 932 2628 18,
951 2586 984 2620 2.
1020 2587 1121 2621 Suet.
1142 2587 1244 2621 Caes.
1268 2587 1322 2621 23.
1440 2588 1498 2631 76)
1525 2589 1624 2624 Suet.

240 2646 344 2681 Caes.
369 2646 423 2680 66.
542 2648 600 2689 77)
634 2647 678 2680 V.
703 2645 874 2690 reliquias
899 2655 956 2688 ap.
982 2642 1075 2679 Gell.
1100 2643 1145 2678 V.
1174 2644 1224 2679 13.
1260 2643 1380 2681 Rufin.
1408 2657 1440 2691 p.
1468 2645 1545 2681 201.
1580 2645 1623 2679 cs.

242 2703 341 2739 Suet.
367 2714 397 2737 c.
422 2702 476 2739 49.
597 2703 655 2746 78)
685 2703 784 2738 Suet.
811 2702 916 2737 Caes.
940 2700 972 2735 6.

1800 340 1803 350 „.
1790 263 1803 330 ..⁷33⁴-

1799 468 1807 637 —a——ncaed
1790 367 1805 444 gur-7:
