1835 3126
0 2307 9 2316 τ
0 2285 5 2294 κ
0 2025 9 2248 ,ι-ΔπΑ-το«ι,-τ
3 2008 5 2011 -
0 1974 3 1990 -
0 1911 1 1918 ⁴

419 236 502 279 AD
535 236 647 279 ClC.
679 236 943 281 BRUTUM
976 238 1095 283 CAP.
1125 241 1164 283 9.
1375 244 1488 288 341

100 366 124 392 a
154 350 371 391 discrimine
401 364 596 393 armorum
637 357 788 405 sumpta
818 359 921 401 sunt,
961 359 1154 407 perpetua
1182 362 1239 395 est
1277 357 1486 409 oppositio.

97 419 155 458 lta
189 418 455 468 palaestricam
495 423 796 458 exercitationem
826 420 1087 470 Quintilianus
1129 425 1379 461 commissioni
1415 435 1486 476 op-

96 484 241 539 posuit,
281 485 347 536 qui
377 478 492 538 ἀγών
528 487 553 526 ἱ.
582 498 615 526 e.
653 497 786 527 verum
815 486 1020 528 discrimen
1048 488 1207 528 Graecis
1238 487 1396 537 dicitur,
1434 490 1484 531 X.

98 552 139 599 l,
166 551 232 590 26.
278 551 326 590 cf.
360 553 425 590 31.
487 553 712 590 Concurrere
741 557 778 592 et
806 556 845 591 in
873 556 952 592 acie
978 560 1099 600 stare,
1132 566 1234 606 quae
1263 555 1352 595 item
1382 556 1485 595 mili-

94 617 197 657 taria
224 618 419 657 vocabula
448 625 557 668 sunt,
590 619 690 659 idem
721 619 817 659 dixit
846 620 896 660 X.
919 622 962 668 7,
986 621 1026 660 8.
1067 623 1108 670 1,
1134 623 1219 669 29.;
1248 622 1419 660 umbram
1448 628 1485 662 et

93 697 220 722 verum
250 684 446 723 discrimen
476 687 577 726 inter
609 698 650 726 se
682 687 843 727 contulit
871 687 921 728 X.
955 686 1000 736 5,
1033 689 1096 727 17.

203 751 443 802 umbraculis]
475 753 595 792 utitur
623 754 853 794 Macrobius
880 754 964 795 Sat.
987 754 1052 796 VI.
1077 755 1123 794 4:
1157 755 1282 792 Cicero
1311 756 1483 793 similiter

92 820 132 855 in
171 821 312 855 Bruto:
353 819 432 856 sed
470 826 519 857 ut
556 833 574 857 e
615 821 928 872 Theophrasti
967 821 1238 859 doctissimi
1276 822 1482 860 hominis

92 884 396 923 umbraculis.

204 952 270 991 38.
328 951 476 1000 inflexit
516 954 733 1003 orationem]
780 955 960 1002 mutavit;
1004 965 1105 1005 quae
1148 953 1308 992 mutatIo
1353 953 1482 1004 qualis

90 1016 208 1057 fuerit
251 1019 378 1057 statim
423 1018 639 1058 ostenditur
678 1019 819 1058 additis
863 1026 898 1057 et
937 1032 1020 1056 eam
1058 1019 1206 1056 mollem
1245 1024 1482 1070 teneramque

89 1084 259 1121 reddidit.
318 1083 402 1123 Hoc
427 1085 577 1136 pariter
606 1090 723 1137 atque
743 1087 926 1124 inclinare
956 1097 980 1124 a
1002 1085 1233 1125 flexionibus
1255 1085 1363 1125 vocis
1393 1085 1419 1124 i.
1446 1097 1479 1125 e.

89 1150 193 1188 sonis
222 1149 261 1187 in
291 1149 519 1190 muliebrem
548 1151 749 1192 mollitiem
778 1152 938 1192 detortis
967 1157 1175 1205 sumptum:
1214 1165 1251 1192 v.
1281 1151 1397 1204 Expl.
1430 1151 1482 1191 ad

88 1217 135 1257 de
160 1218 226 1258 Or.
250 1217 315 1257 III.
342 1218 412 1266 25,
436 1219 503 1258 98.
563 1219 753 1257 Inclinare
775 1220 936 1272 proprie
961 1218 1102 1259 dictum
1132 1224 1169 1258 et
1192 1231 1276 1258 cum
1298 1218 1480 1257 attrectando

88 1285 328 1325 coniunctum
359 1286 477 1325 habet
507 1285 644 1326 Cicero
675 1287 741 1326 Or.
773 1288 820 1335 8,
851 1288 938 1335 27„
976 1283 1208 1325 translatum
1237 1285 1288 1324 ad
1318 1284 1480 1325 eandem

86 1351 179 1399 vim,
220 1363 297 1403 qua
333 1352 396 1392 hic
430 1352 614 1401 inflectere
650 1352 809 1402 dicitur,
852 1358 889 1393 et
925 1353 972 1393 de
1009 1352 1143 1393 eodem
1173 1352 1327 1392 homine
1357 1351 1478 1401 Quin-

86 1418 244 1457 tilianus
273 1419 324 1458 X.
358 1421 399 1467 l,
430 1420 498 1459 80.
558 1419 736 1460 Ceterum
772 1421 858 1460 iure
888 1419 1038 1459 dubitat
1065 1419 1295 1471 Bernhardy
1323 1424 1479 1459 rectene

87 1485 310 1525 oratoribus
339 1486 442 1526 veris
465 1485 679 1526 Phalereus
707 1492 997 1527 annumeretur:
1025 1487 1151 1527 videri
1175 1487 1276 1526 enim
1304 1486 1345 1526 id
1374 1486 1479 1539 apud

87 1552 314 1592 Ciceronem
351 1552 437 1592 fieri
479 1558 641 1606 propter
681 1553 974 1594 admirationem
1013 1554 1384 1606 Peripateticorum,
1430 1565 1479 1594 ex

87 1631 249 1671 quorum
273 1619 342 1659 ille
363 1619 500 1659 schola
528 1620 726 1672 profectus
748 1621 984 1661 umbraticas
1009 1621 1195 1661 dictiones
1221 1621 1277 1660 ita
1299 1621 1477 1661 illustra-

85 1687 185 1727 verit
211 1687 404 1735 flosculis,
434 1692 476 1727 ut
506 1699 633 1727 meras
662 1689 835 1728 Athenas
864 1688 1045 1728 redolere
1073 1688 1307 1728 viderentur.

197 1755 774 1805 perfunderet—perfrinyeretJ
807 1766 943 1795 maneo
967 1756 1007 1794 in
1031 1755 1222 1794 sententia
1248 1754 1478 1804 perfrinyere

86 1821 213 1873 aptius
245 1821 339 1870 dici,
379 1833 494 1873 quam
523 1824 788 1872 perstringere,
828 1821 931 1873 quod
968 1833 1067 1861 nunc
1100 1834 1124 1860 a
1153 1822 1318 1872 Meyero
1350 1820 1477 1872 expli-

86 1892 196 1927 catur
223 1901 385 1938 punyere
408 1894 445 1928 et
469 1891 646 1926 excitare.
703 1888 950 1940 Voluptatem
972 1893 1191 1938 pungentem
1213 1888 1376 1938 ignoro;
1404 1898 1478 1927 neo

85 1954 235 2003 dubito,
277 1956 370 2007 quin
404 1955 590 1995 Ernestus
627 1955 813 2005 perfringi
850 1959 955 1994 recte
994 1954 1271 2007 interpretatus
1310 1955 1360 1994 sit
1395 1956 1477 2004 coyt

83 2022 132 2059 ad
168 2022 397 2059 voluntatem
434 2022 610 2068 dicentis,
655 2021 775 2074 idque
818 2022 865 2062 de
908 2021 1063 2061 sublimi
1102 2032 1248 2072 genere
1286 2021 1476 2061 orationis

84 2093 173 2141 apte
203 2088 279 2128 dici
306 2093 411 2141 puto.
471 2088 601 2138 Quid?
645 2089 819 2129 Pericles
849 2101 934 2128 cum
962 2089 1002 2127 vi
1027 2087 1179 2127 dicendi
1207 2087 1475 2137 Athenienses,

84 2160 123 2194 ut
152 2167 194 2195 se
223 2142 494 2207 sequerentur,
525 2160 702 2205 cogeret,
736 2167 812 2194 non
837 2154 938 2194 idem
963 2154 1221 2194 delectatione
1251 2153 1474 2194 mulcebat?

82 2223 166 2262 Hoc
210 2233 332 2272 genus
377 2220 597 2260 delectandi
638 2221 838 2260 sublimius
881 2221 1041 2273 respicit
1079 2221 1158 2261 Cic.
1193 2221 1259 2261 Or.
1292 2221 1366 2268 28,
1397 2222 1474 2260 97;

84 2290 173 2327 haec
213 2286 472 2339 (eloquentia)
513 2288 621 2326 modo
658 2288 878 2338 perfringit,
919 2287 1028 2325 modo
1065 2290 1196 2337 irrepit
1235 2290 1275 2324 in
1313 2290 1472 2326 animos.

84 2356 133 2395 Ut
170 2355 250 2402 hic,
289 2355 345 2394 ita
381 2355 585 2403 refrinyere
622 2359 659 2393 et
695 2357 915 2403 restrinyere
956 2354 995 2392 in
1031 2353 1145 2392 libris
1184 2358 1474 2406 permutantur:

83 2435 119 2462 v.
149 2421 275 2473 Intpp.
309 2421 359 2460 ad
382 2421 483 2461 Plin.
508 2420 607 2473 Epp.
634 2421 700 2461 111.
726 2421 798 2470 15,
824 2422 862 2460 3.
919 2420 978 2460 De
1007 2420 1263 2471 perfundendo
1293 2419 1474 2460 conferes

86 2487 292 2529 Graeirium
321 2493 358 2527 et
384 2488 578 2529 Matthiae
608 2487 658 2527 ad
688 2487 768 2529 Cic.
802 2487 918 2528 Rosc.
947 2488 1030 2528 Am.
1063 2489 1135 2536 29,
1165 2489 1233 2528 80.

197 2556 357 2605 actilens]
411 2555 537 2606 tangit
586 2566 720 2596 versus
771 2553 976 2606 Eupolidis
1030 2554 1134 2607 apud
1186 2554 1307 2595 schol.
1354 2553 1473 2596 Arist.

84 2624 242 2665 Acham.
270 2622 352 2664 529
366 2635 375 2661 ε

366 2705 478 2748 οὕτως
501 2706 639 2753 ἐκήλει,
665 2708 726 2742 καὶ
749 2703 862 2753 μόνος
887 2707 958 2741 τῶν
980 2703 1143 2753 ρητόρων

363 2764 400 2801 τὸ
426 2766 576 2812 κέντρον
602 2765 811 2810 ἐγκατέλιπε
839 2767 911 2803 τοῖς
937 2762 1196 2812 ἀκροωμένοις.
