1835 3126
0 0 6 199 ¹

550 148 804 193 BRUTUS
838 149 956 193 CAP.
987 152 1054 195 83.
1372 153 1502 199 295

113 261 289 317 scripsit.
330 259 386 301 At
414 259 596 302 Charisii
621 260 706 303 vult
735 259 944 316 Hegesias
973 276 1068 305 esse
1103 263 1271 313 similis,
1304 264 1421 320 isque
1453 277 1503 307 se

110 341 167 382 ita
205 344 318 395 putat
351 337 551 388 Atticum,
589 346 631 381 ut
662 352 786 382 veros
822 340 919 382 illos
949 354 1048 397 prae
1078 355 1123 384 se
1154 354 1286 397 paene
1318 344 1501 396 agrestis

106 423 226 474 putet.
284 415 380 458 287.
418 422 459 459 at
490 417 586 473 quid
617 424 680 461 est
708 425 791 460 tam
818 418 1015 469 fractum,
1054 425 1135 460 tam
1170 420 1385 469 minutum,
1415 427 1501 462 tam

107 497 150 539 in
187 497 299 552 ipsa,
339 508 460 551 quam
501 503 637 538 tamen
676 499 960 552 consequitur,
1003 498 1277 539 concinnitate
1310 498 1498 554 puerile?

103 574 333 617 Atticorum
371 575 529 617 similes
558 589 653 618 esse
683 575 883 618 volumus.
944 573 1128 631 Optume.
1181 574 1338 618 Suntne
1375 577 1500 630 igitur

105 652 150 696 hi
178 653 304 695 Attici
339 658 556 696 oratores}
615 652 718 704 Quis
748 667 904 708 negare
935 658 1097 710 potest?
1155 653 1241 696 Hos
1279 656 1499 698 imitamur.

106 731 197 783 Quo
236 732 378 781 modo,
421 734 490 788 qui
531 739 623 774 sunt
654 740 692 774 et
730 734 837 774 inter
875 746 921 774 se
951 732 1177 775 dissimiles
1220 739 1259 774 et
1291 733 1498 775 aliorum?

106 810 417 865 Thucydidem,
461 812 616 865 inquit,
660 811 879 851 imitamur.
951 808 1150 864 Optume,
1201 811 1234 851 si
1282 810 1497 853 historiam

104 889 307 938 scribere,
332 902 415 931 non
437 889 473 930 si
499 900 651 930 causas
677 874 816 929 dicere
844 887 1049 940 cogitatis.
1091 885 1359 940 Thucydides
1385 888 1496 928 enim

104 982 239 1010 rerum
276 972 487 1021 gestarum
522 966 811 1021 pronuntiator
850 966 1038 1006 sincerus
1078 971 1118 1006 et
1158 965 1332 1019 grandis
1370 966 1496 1007 etiam

103 1047 199 1088 fuit:
242 1044 320 1087 hoc
363 1043 530 1086 forense
568 1044 913 1086 concertatorium
950 1042 1147 1085 iudiciale
1185 1057 1268 1086 non
1304 1045 1496 1086 tractavit

106 1137 250 1180 genus.
311 1120 533 1165 Orationes
579 1129 713 1164 autem
753 1134 856 1178 quas
898 1122 1141 1178 interposuit
1177 1122 1349 1175 (multae
1389 1124 1497 1165 enim

104 1204 234 1255 sunt),
273 1214 347 1245 eas
383 1214 462 1256 ego
500 1201 675 1243 laudare
713 1201 853 1245 soleo:
891 1203 1043 1245 imitari
1074 1214 1205 1256 neque
1239 1202 1419 1257 possim,
1461 1202 1497 1243 si

103 1282 247 1330 velim,
277 1293 355 1323 nec
384 1279 509 1322 velim
538 1280 738 1331 fortasse,
769 1282 805 1322 si
835 1282 1004 1338 possim.
1049 1280 1098 1322 Ut
1130 1281 1166 1322 si
1197 1281 1288 1335 quis
1319 1278 1497 1321 Falerno

104 1361 200 1403 vino
235 1359 478 1409 delectetur,
516 1359 590 1400 sed
627 1372 677 1400 eo
710 1373 788 1402 nec
830 1361 889 1402 ita
920 1373 1048 1409 novo,
1090 1366 1131 1400 ut
1158 1359 1366 1414 proxumis
1398 1371 1498 1400 con-

103 1438 264 1481 sulibus
303 1443 442 1479 natum
482 1436 602 1486 velit,
642 1450 721 1480 nec
755 1451 898 1480 rursus
938 1440 996 1480 ita
1021 1444 1181 1486 vetere,
1221 1443 1263 1478 ut
1294 1434 1498 1492 Opimium

107 1524 177 1560 aut
214 1516 408 1558 Anicium
452 1515 663 1557 consulem
709 1523 902 1571 quaerat:
957 1517 1068 1572 atqui
1113 1514 1191 1557 hae
1236 1522 1359 1557 notae
1406 1520 1498 1556 sunt

104 1603 320 1652 optumae3
374 1593 525 1636 credo:
574 1594 649 1636 sed
691 1594 821 1636 nimia
861 1601 1045 1636 vetustas
1090 1607 1167 1636 nec
1216 1592 1341 1634 hahet
1392 1605 1497 1643 eam,

103 1688 226 1732 quam
249 1673 508 1729 quaerimus,
540 1674 784 1714 suavitatem
806 1686 884 1714 nec
907 1679 970 1714 est
1000 1674 1082 1714 iam
1107 1685 1209 1714 sane
1239 1670 1495 1713 tolerabilis:

186 1818 248 1845 286.
285 1814 492 1848 Demostheni]
512 1813 736 1841 Demosthenis.

188 1864 248 1890 287.
286 1863 380 1897 iyitur
398 1860 444 1895 Ιιί]
467 1861 556 1893 igitur
574 1860 605 1886 ii.
624 1874 657 1878 —-
686 1860 741 1886 liae
758 1861 862 1895 volae]
884 1868 936 1886 eae
957 1868 985 1886 n.

100 1953 308 1997 mostheni]
336 1950 617 1987 Demosthenis
642 1950 697 1985 ed.
722 1962 776 1996 pr.
802 1949 869 1996 Lg.
893 1950 948 1985 20.
976 1950 1031 1985 56.
1057 1950 1135 1994 68.,
1161 1948 1369 1985 Lambinus.
1418 1950 1496 1984 De-

99 2010 296 2047 mostheni
313 2009 427 2044 solum
441 2007 728 2043 ciceronianum.
742 2027 787 2032 -
811 2006 1019 2053 Heqesz‘as]
1044 2007 1223 2054 heqestas
1244 2007 1310 2053 Lg.
1324 2007 1356 2043 8.
1371 2007 1425 2043 51.
1441 2008 1497 2042 58.

100 2069 194 2103 Ven.
215 2068 244 2102 l.
269 2064 345 2101 Ott.
390 2068 562 2111 egestas,
588 2066 761 2109 eglesias,
787 2075 923 2109 eye-sas
947 2063 1008 2097 alii
1032 2064 1192 2108 plurimi,
1219 2063 1334 2098 Gu.1.
1360 2063 1424 2109 Lg.
1440 2063 1497 2098 20.

101 2125 156 2159 35.
182 2123 235 2158 39.
260 2122 314 2156 56.
339 2121 393 2155 70.
434 2132 496 2154 res
520 2124 654 2165 (festas
679 2119 734 2154 53.
761 2119 816 2153 68.
865 2119 1001 2153 Ibidem
1030 2119 1190 2154 Charisi
1211 2119 1304 2154 Ven.
1328 2119 1357 2154 2.
1403 2119 1500 2154 Cha-

102 2183 174 2215 riti
195 2178 287 2212 Ven.
309 2178 338 2211 l.
358 2196 404 2202 —-
439 2176 622 2222 (lyr-estis]
648 2176 700 2209 sic
725 2176 782 2210 ed.
803 2187 856 2220 pr.
881 2175 947 2222 Lg.
969 2187 1092 2210 omnes
1113 2182 1259 2221 praeter
1276 2176 1354 2217 20.‚
1382 2176 1450 2211 Gu.
1467 2177 1498 2212 l.

102 2236 195 2270 Ven.
215 2235 243 2268 l.
271 2232 347 2268 Ott.

194 2290 273 2324 287.
324 2289 492 2335 optume]
525 2289 576 2323 sic
604 2288 671 2334 Lg.
697 2288 719 2322 8
743 2288 866 2331 (modo
894 2288 990 2333 quod
1017 2292 1081 2333 ae)
1109 2288 1164 2322 35.
1191 2287 1244 2322 51.
1272 2287 1327 2322 53.
1355 2288 1410 2323 68.
1441 2289 1496 2324 70.

103 2347 180 2383 Oct.
202 2367 247 2371 -—
282 2348 407 2391 iqitm·
432 2345 488 2388 Izi]
515 2345 623 2391 vulgo
649 2347 702 2385 iz'5
727 2344 815 2378 illud
842 2345 898 2379 ed.
919 2356 970 2389 pr.
996 2344 1063 2390 Lg.
1083 2344 1114 2379 8.
1136 2343 1192 2379 53.
1214 2344 1268 2379 56.
1288 2344 1342 2380 58.
1363 2344 1418 2379 68.
1441 2345 1495 2381 70.

102 2404 196 2439 Ven.
225 2404 323 2438 1.»-
357 2414 429 2447 quo
462 2402 596 2446 modo]
628 2401 801 2447 quodam
831 2401 951 2435 modo
985 2402 1041 2436 ed.
1067 2413 1120 2447 pr.
1171 2412 1345 2445 quonam
1376 2402 1495 2436 modo

104 2462 312 2495 coniectura
345 2458 473 2493 Orelli.
498 2479 544 2484 —
579 2461 647 2504 qui
679 2459 782 2502 sunt]
818 2469 907 2492 eum
940 2462 1029 2492 sunt
1060 2457 1124 2503 Lg.
1149 2458 1205 2492 20.
1232 2478 1278 2482 —
1319 2459 1495 2504 optume]

106 2518 164 2561 qui
191 2516 284 2550 idem
309 2527 438 2560 supra,
465 2521 499 2550 et
517 2515 569 2550 58.
597 2522 633 2550 et
656 2516 707 2550 sic
731 2527 815 2550 mox
841 2520 1035 2562 optumae.
1057 2535 1102 2539 -—
1130 2514 1204 2548 hoc
1222 2514 1394 2559 forense]
1422 2514 1497 2550 hoc

105 2585 173 2608 0111.
198 2572 264 2618 Lg.
293 2573 347 2608 70.
371 2593 417 2597 —
442 2574 668 2619 prooeumz's]
702 2573 754 2606 sic
785 2571 852 2618 Lg.
876 2571 910 2606 8.
935 2572 989 2605 51.
1015 2570 1069 2605 53.
1095 2571 1150 2604 58.
1175 2570 1231 2604 68.
1257 2570 1311 2604 70.
1349 2568 1425 2604 Ott.
1449 2590 1497 2596 —-

110 2630 331 2676 Opimium]
358 2632 534 2677 opimum
559 2629 621 2676 Lg.
640 2630 696 2664 20.
722 2629 777 2663 53.
797 2629 852 2664 58.
877 2647 924 2655 ›-—
962 2627 1038 2662 hae
1062 2627 1195 2670 notae]
1222 2638 1290 2672 pro
1316 2638 1387 2661 eae
1411 2626 1497 2661 dedi

104 2699 151 2722 ex
175 2686 240 2733 Lg.
262 2686 295 2721 8.
320 2686 374 2722 39.
399 2687 454 2722 53.
477 2687 532 2722 56.
556 2686 611 2722 68.
633 2686 687 2722 70.
727 2685 820 2721 Ven.
846 2686 875 2720 l.
923 2685 994 2720 hec
1016 2685 1071 2721 20.
1121 2683 1218 2720 haec
1244 2683 1300 2719 51.
1347 2682 1417 2719 hee
1439 2683 1496 2719 58.
