1835 3126
557 236 1023 281 INTRODUCTIO.
1355 238 1485 283 329

97 355 200 395 inter
222 352 339 393 vivos
365 351 609 393 nominatur.
655 350 815 393 Deinde
842 352 966 394 etiam
986 349 1148 400 Brutus,
1176 362 1265 392 cum
1291 349 1485 405 dialogus

95 421 360 470 scriberetur,
397 434 526 477 nuper
556 434 606 463 ex
635 421 744 464 Asia
774 421 922 464 dicitur
952 423 994 463 in
1029 420 1170 462 urbem
1201 419 1404 470 rediisse3
1444 420 1486 462 id

93 498 226 533 autem
268 504 409 532 mense
441 489 682 547 Septembre
722 504 758 533 a.
790 491 872 534 707
913 492 1064 533 factum
1095 502 1191 532 esse
1223 497 1407 533 constat:
1447 503 1486 533 v.

93 559 216 602 Henr.
250 558 453 603 Clintonis
487 559 635 603 Fastos
667 562 707 602 in
737 560 816 603 hoc
848 573 969 602 anno.
1017 558 1148 601 Paulo
1177 566 1269 615 post
1300 559 1352 600 ad
1381 558 1487 601 Bru-

93 637 173 671 tum
217 636 312 672 tunc
361 631 402 671 in
444 629 585 672 Gallia
626 638 861 673 versantem
898 636 936 671 et
980 630 1070 685 ipso
1111 628 1273 684 quidem
1311 636 1486 683 rogante

94 696 311 741 Oratorem
341 701 528 756 scripsit:
560 713 598 742 v.
631 698 701 742 Or.
733 700 782 750 7,
812 700 880 741 23.
925 698 976 741 cf.
1010 698 1082 749 10,
1113 698 1180 740 35.
1228 697 1268 740 Is
1299 699 1406 740 enim
1436 711 1486 741 co

95 772 247 811 missus
280 776 341 811 est
374 782 399 811 a
430 767 614 811 Caesare
647 769 699 811 ad
729 769 884 811 bellum
913 772 956 810 in
978 767 1125 810 Africa
1156 774 1300 810 contra
1324 766 1488 824 Scipio-

94 851 186 879 nem
225 845 264 880 et
297 851 439 893 regem
469 837 611 880 Iubam
642 839 866 894 gerendum
904 838 1137 894 profecturo
1169 851 1206 879 a.
1238 837 1320 879 708
1350 839 1485 880 initio:

95 920 132 948 v.
172 906 258 950 Cic.
288 906 451 950 Divers.
485 907 551 949 vl.
583 908 627 958 6,
655 908 722 949 20.
772 906 890 948 Tunc
920 919 988 948 res
1020 906 1186 961 publica
1214 906 1256 945 in
1287 912 1488 960 potestate

95 974 294 1019 Caesaris
318 984 425 1027 erat,
450 977 606 1020 iudicia
632 976 759 1025 nulla,
785 976 998 1016 senatoria
1025 975 1248 1015 auctoritas
1272 976 1487 1024 exstincta,

91 1045 265 1101 populus
296 1045 525 1088 serviebat:
556 1044 660 1086 nihil
689 1045 815 1098 igitur
842 1042 1068 1098 reliquum,
1099 1043 1141 1083 in
1166 1055 1245 1097 quo
1271 1041 1487 1087 Ciceronis

91 1116 300 1169 ingenium
344 1113 727 1168 exsplendesceret,
775 1125 853 1154 nec
892 1113 1110 1168 quicquam
1157 1114 1395 1167 excogitare
1434 1114 1488 1156 ad

93 1184 270 1225 animum
310 1183 527 1226 solandum
566 1189 748 1240 poterat,
785 1194 906 1238 quam
949 1188 991 1223 ut
1031 1182 1073 1222 in
1110 1180 1254 1223 literas
1286 1195 1380 1224 sese
1413 1183 1487 1225 ab-

91 1253 309 1296 sconderet
337 1252 539 1309 librisque
571 1251 804 1295 scribendis
832 1251 949 1293 daret
981 1263 1163 1306 operam.
1208 1250 1313 1293 Hinc
1337 1251 1486 1296 Brutus

91 1328 198 1364 totus
245 1324 372 1364 animi
417 1324 564 1364 maesti
610 1330 648 1364 et
693 1322 754 1364 rei
796 1320 988 1377 publicae
1027 1319 1147 1361 clade
1190 1322 1322 1362 saucii
1364 1323 1488 1377 signa

90 1391 313 1434 manifesta
346 1406 447 1449 prae
484 1406 529 1434 se
569 1393 665 1441 fert,
705 1390 780 1433 sed
817 1389 1002 1432 eiusdem
1038 1390 1179 1443 magni
1220 1396 1259 1432 et
1296 1392 1487 1434 virtutum

92 1474 258 1504 suarum
288 1463 458 1517 egregie
489 1462 697 1504 memoris.

203 1529 455 1574 Elaboratus
481 1538 520 1574 et
546 1533 655 1574 omni
682 1544 818 1574 rerum
842 1537 880 1573 et
905 1530 1124 1573 verborum
1152 1530 1369 1585 diligentia
1393 1545 1487 1588 per-

89 1600 221 1643 fectus
253 1601 445 1654 dialogus
482 1598 629 1641 haberi
662 1614 745 1643 non
774 1607 907 1656 potest
941 1614 1073 1656 eaque
1103 1614 1147 1643 re
1180 1600 1346 1642 multum
1378 1602 1486 1644 cedit

89 1666 210 1710 libris
257 1668 307 1711 de
346 1666 522 1711 Oratore
569 1676 607 1711 et
649 1669 698 1711 de
741 1669 800 1711 Re
837 1669 1025 1726 publica,
1075 1671 1117 1711 in
1159 1670 1305 1726 quibus
1348 1673 1487 1714 omnia

89 1738 267 1780 rotunda
305 1745 344 1781 et
384 1738 696 1781 absolutissima
734 1752 834 1782 cura
862 1740 1047 1795 perfecta
1080 1746 1185 1781 sunt.
1245 1739 1348 1782 Sunt
1378 1743 1487 1784 enim

91 1806 177 1850 loci
216 1807 331 1849 multi
369 1815 573 1850 structura
612 1808 823 1851 incondita
864 1815 903 1850 et
937 1809 1194 1865 abruptiore,
1234 1809 1321 1850 alia
1351 1812 1486 1866 magis

94 1884 292 1920 acervata
332 1890 453 1933 quam
492 1879 655 1919 curiose
697 1877 920 1920 secundum
960 1877 1144 1920 ordinem
1187 1877 1408 1934 disposita,
1446 1888 1488 1923 ut

90 1946 233 1989 limam
282 1953 320 1989 et
357 1948 474 2002 quasi
520 1954 743 1988 extremam
787 1960 953 1989 manum
996 1948 1110 2003 operi
1160 1946 1366 1989 admotam
1403 1961 1487 1990 non

91 2029 186 2058 esse
216 2015 442 2071 intelligas.
484 2015 646 2058 Tamen
670 2017 826 2071 insigni
851 2016 1029 2072 quadam
1054 2016 1177 2058 laude
1205 2015 1314 2058 liber
1334 2016 1488 2058 nohili-

89 2092 198 2127 tatur
235 2098 313 2128 nec
355 2085 430 2127 ulli
467 2085 730 2140 dialogorum
767 2085 1146 2141 philosophicorum
1184 2086 1372 2141 propria,
1413 2086 1487 2128 sed

91 2168 182 2197 cum
225 2155 407 2210 dialogis
454 2155 503 2196 de
543 2152 719 2197 Oratore
766 2162 805 2196 et
848 2154 898 2196 de
934 2153 994 2196 Re
1033 2153 1200 2210 publica
1246 2157 1484 2198 communis.

90 2218 157 2266 l'lli
185 2226 291 2266 enim
315 2224 364 2266 de
390 2223 655 2280 philosophia
682 2223 842 2278 dialogi
864 2224 923 2265 ita
946 2224 1118 2265 instituti
1143 2231 1254 2274 sunt,
1285 2231 1326 2266 ut
1353 2224 1485 2267 homi-

90 2306 186 2335 num
209 2293 530 2349 colloquentium
553 2292 787 2335 nominibus
815 2299 852 2334 et
877 2292 997 2335 dictis
1020 2295 1238 2349 perpaucis
1265 2294 1486 2337 subtractis

91 2370 222 2406 utrum
247 2363 497 2417 colloquium
523 2375 576 2403 an
600 2364 834 2404 continuam
858 2375 994 2403 rerum
1019 2362 1337 2418 disputationem
1365 2363 1487 2419 legas

91 2434 256 2475 minime
287 2434 466 2474 animum
496 2431 700 2473 advertas.
761 2429 909 2473 Cicero
940 2432 1082 2486 igitur,
1114 2433 1150 2473 si
1181 2431 1315 2474 forma
1346 2446 1487 2475 eorum

91 2501 290 2543 librorum
313 2500 527 2543 Platonem
558 2501 785 2557 exprImere
810 2499 959 2551 voluit,
987 2502 1056 2543 vix
1082 2502 1299 2557 quicquam
1324 2509 1489 2558 praeter

38 2596 48 2607 ·
93 2577 305 2613 externam
338 2572 517 2627 speciem
548 2577 586 2612 et
615 2571 735 2626 quasi
768 2577 900 2612 cutem
932 2572 1021 2612 sine
1052 2572 1190 2613 nervis
1223 2570 1260 2610 82
1282 2571 1485 2623 sanguine

93 2647 340 2683 consecutus
378 2646 452 2682 est.
511 2638 558 2681 ln
585 2639 711 2683 Bruto
744 2646 878 2682 autem
908 2646 947 2681 et
978 2641 1047 2695 qui
1080 2639 1175 2682 huic
1205 2638 1364 2681 similes
1395 2645 1488 2681 sunt

95 2710 301 2765 dialogis,
341 2711 418 2752 etsi
450 2709 629 2752 divinum
667 2710 782 2752 illum
814 2708 966 2752 Graeci
996 2708 1174 2751 hominis
1205 2709 1388 2764 spiritum
1419 2722 1486 2750 re-

94 2787 361 2837 praesentare
384 2793 464 2823 non
488 2781 627 2836 potuit,
653 2792 778 2824 ausus
801 2786 938 2823 tamen
964 2785 1025 2821 est
1050 2778 1102 2821 ad
1127 2777 1240 2821 illius
1257 2777 1485 2835 exemplum
