1835 3126
509 239 767 284 BRUTUS
801 239 919 284 GAP.
952 243 1019 285 93.
1050 244 1118 286 94.
1391 245 1505 291 315

121 354 187 410 qui
235 351 411 394 dilatare
455 358 597 409 posset
648 359 769 409 atque
809 366 835 395 a
872 357 1040 411 propria
1075 369 1124 398 ac
1162 355 1329 399 definita
1365 356 1505 413 dispu-

118 431 270 473 tatione
306 430 484 473 hominis
525 444 574 475 ac
612 433 805 488 temporis
846 432 898 475 ad
937 447 1190 477 communem
1221 436 1506 490 quaestionem

117 509 299 551 universi
343 510 511 564 generis
557 511 784 554 orationem
827 511 1072 563 traducere3
1120 525 1267 563 nemo,
1318 515 1386 569 qui
1432 513 1505 555 de-

116 587 295 630 lectandi
326 590 464 643 gratia
494 589 656 644 digredi
686 602 904 646 parumper
934 602 959 632 a
990 603 1137 641 causa,
1174 603 1319 642 nemo,
1351 592 1418 647 qui
1451 591 1505 633 ad

117 666 373 708 iracundiam
409 681 561 723 magno
592 681 715 725 opere
752 668 951 719 iudicem,
989 682 1131 719 nemo,
1171 671 1240 725 qui
1279 669 1332 711 ad
1368 668 1505 711 fletum

116 752 257 801 posset
299 745 526 798 adducere3
570 760 710 797 nemo,
757 748 826 802 qui
866 749 1043 790 animum
1080 748 1189 798 eius,
1237 748 1345 803 quod
1381 761 1503 789 unum

119 830 182 865 est
214 825 392 867 oratoris
423 837 610 867 maxume
643 826 872 881 proprium,
903 839 1146 881 quocunque
1178 839 1246 868 res
1276 826 1505 882 postularet

116 901 340 957 impellere.

228 978 373 1021 XCIV.
410 979 506 1021 323.
543 977 684 1033 Itaque
725 992 815 1020 cum
853 979 935 1020 iam
965 991 1098 1034 paene
1129 979 1368 1021 evanuisset
1396 978 1503 1022 Hor-

114 1059 271 1099 tensius
309 1063 348 1099 et
386 1069 465 1110 ego
505 1068 612 1097 anno
653 1068 764 1106 meo,
800 1062 917 1098 sexto
958 1062 1092 1098 autem
1128 1062 1221 1112 post
1258 1055 1374 1098 illum
1404 1070 1504 1100 con-

114 1135 244 1177 sulem
285 1133 431 1176 consul
472 1133 605 1176 factus
645 1146 802 1184 essem,
839 1146 1039 1176 revocare
1078 1147 1124 1176 se
1167 1135 1219 1176 ad
1258 1135 1502 1178 industriam

112 1213 268 1269 coepit,
305 1225 380 1262 ne,
420 1225 511 1255 cum
547 1224 671 1268 pares
700 1211 857 1255 honore
888 1225 1096 1262 essemus,
1133 1212 1275 1268 aliqua
1304 1227 1348 1256 re
1381 1227 1503 1270 supe-

111 1292 245 1333 riores
284 1290 530 1333 videremur.
590 1288 664 1332 Sic
702 1290 919 1332 duodecim
952 1297 1045 1347 post
1081 1304 1214 1333 meum
1244 1292 1503 1335 consulatum

113 1382 246 1413 annos
282 1370 325 1411 in
355 1370 557 1411 maxumis
589 1370 749 1417 causis,
791 1382 882 1411 cum
914 1382 993 1424 ego
1023 1369 1122 1411 mihi
1151 1369 1286 1420 illum,
1326 1370 1407 1413 sibi
1437 1385 1501 1414 me

111 1448 185 1491 ille
213 1447 451 1498 anteferret,
482 1448 829 1491 coniunctissume
858 1449 1013 1490 versati
1047 1461 1209 1499 sumus;
1241 1449 1503 1492 consulatus-

113 1539 190 1583 que
215 1539 351 1577 meus‚
382 1528 451 1583 qui
481 1526 596 1569 illum
621 1527 750 1582 primo
777 1526 924 1569 leviter
947 1528 1260 1583 perstrinxerat,
1293 1528 1401 1570 idem
1423 1542 1501 1572 nos

111 1619 245 1648 rerum
283 1618 465 1648 mearum
505 1612 735 1661 gestarum,
777 1618 880 1661 quas
919 1604 991 1648 ille
1035 1605 1336 1657 admirabatur,
1376 1607 1501 1650 laude

111 1685 392 1727 coniunxerat.
451 1682 546 1726 324.
586 1682 781 1726 Maxume
819 1696 919 1726 vero
949 1690 1167 1740 perspecta
1197 1691 1259 1727 est
1290 1687 1500 1742 utriusque

110 1769 294 1806 nostrum
332 1763 573 1806 exercitatio
606 1761 732 1819 paulo
772 1768 886 1812 ante,
926 1775 1047 1817 quam
1085 1765 1344 1818 perterritum
1374 1765 1501 1806 armis

195 1918 252 1945 32⁴2.
290 1918 446 1944 traducere
464 1931 497 1937 —-
516 1916 680 1952 impellere]
703 1915 873 1943 traduceret
891 1931 924 1936 —
943 1916 1118 1952 impelleret.

108 2030 161 2065 56.
185 2030 242 2065 58.
280 2028 371 2063 Ven.
400 2029 428 2064 l.
466 2027 541 2064 Ott.
568 2047 615 2056 ·-—
650 2031 870 2065 orationem
897 2028 1119 2072 traducere]
1143 2028 1307 2074 plerique
1332 2029 1437 2065 codd.
1464 2036 1501 2065 et

109 2086 165 2122 ed.
192 2097 247 2132 pr.
276 2098 331 2121 or.
358 2085 602 2127 traduceret,
639 2086 772 2132 quippe
802 2097 896 2130 quae
924 2085 1030 2121 verbi
1054 2085 1171 2119 forma
1194 2085 1302 2120 modo
1328 2086 1500 2122 affuisset.

108 2143 183 2178 Sed
214 2148 373 2177 nostram
408 2143 647 2187 scripturam,
684 2153 790 2187 quam
823 2142 935 2176 suasit
966 2141 1159 2183 Ernestus,
1198 2141 1296 2175 clare
1327 2142 1502 2177 exhibent

108 2199 175 2245 Lg.
202 2199 257 2233 53.
283 2198 337 2233 58.
365 2198 420 2233 70.
459 2198 768 2232 traducor-emet
791 2197 824 2232 8.
852 2218 896 2222 -
934 2197 1106 2243 digredi]
1139 2197 1322 2243 diyqredi
1352 2197 1418 2244 Lg.
1444 2198 1501 2233 35.

109 2255 273 2300 [leyreclz'
290 2254 416 2288 Lamb.
434 2273 477 2278 ——
504 2265 650 2299 mayno
671 2255 802 2300 opere]
822 2248 874 2288 sic
892 2254 958 2300 Lg.
972 2254 1004 2289 8.
1020 2253 1075 2288 39.
1090 2255 1144 2288 51.
1160 2254 1215 2288 70.
1227 2271 1274 2279 »-
1296 2256 1502 2299 maxume]

108 2312 160 2346 sic
184 2310 251 2356 Lg.
271 2310 304 2345 8.
329 2310 383 2344 51.
403 2309 457 2344 53.
483 2309 538 2345 68.
561 2310 613 2344 70.
633 2330 677 2335 —
711 2310 923 2356 impellere]
949 2310 1006 2346 hic
1029 2308 1247 2346 infinitivum
1272 2311 1369 2346 solus
1392 2311 1502 2346 habet

108 2366 252 2409 ottob„
282 2372 319 2401 ut
343 2365 459 2400 voluit
484 2372 568 2411 post
590 2366 796 2401 Manutium
819 2366 1008 2403 Ernestus.

199 2455 327 2491 XCIV.
375 2454 455 2489 323.
503 2457 719 2501 maoeumis]
753 2456 805 2491 sic
836 2456 903 2503 Lg.
939 2456 972 2491 8.
1007 2455 1062 2491 35.
1097 2455 1152 2490 51.
1184 2456 1240 2491 53.
1273 2456 1326 2491 58.
1358 2457 1413 2492 68.
1444 2457 1499 2492 70.

109 2513 183 2551 Ott.
214 2534 259 2539 ——
302 2524 390 2547 eum
422 2514 507 2560 eqo]
544 2517 629 2548 tum
662 2524 730 2560 eqo
769 2512 836 2547 Gn.
865 2512 893 2547 l.
925 2532 972 2540 -—
1013 2512 1091 2548 sibi
1122 2524 1185 2546 me
1218 2513 1296 2557 ille]
1333 2514 1397 2547 ille
1428 2525 1498 2547 om.

108 2572 198 2606 Ven.
218 2571 247 2605 l.
272 2590 317 2595 -
350 2570 693 2616 coniunctissume]
717 2569 843 2615 scripsi
867 2570 945 2604 sine
968 2569 1087 2613 libris,
1115 2571 1198 2614 quia
1222 2571 1238 2604 z*
1258 2569 1498 2613 superlativo-

109 2639 184 2663 rum
209 2627 244 2661 in
263 2626 379 2661 Bruto
403 2627 510 2672 plane
534 2626 745 2661 solitarium.
766 2647 810 2651 ——
845 2626 993 2670 leviter]
1020 2626 1160 2661 leniter
1176 2625 1243 2671 Lg.
1265 2630 1411 2671 praeter
1427 2624 1498 2667 39„

112 2686 195 2719 item
219 2683 312 2719 Ven.
343 2684 370 2718 Ι.
396 2683 428 2719 2.
455 2683 491 2717 id
514 2682 572 2718 hic
596 2694 668 2718 non
692 2680 871 2730 ineptum3
898 2683 994 2728 quod
1019 2694 1104 2717 raro
1130 2680 1183 2717 fit.

199 2773 278 2809 324.
326 2774 531 2818 maxume]
560 2774 610 2809 ita
634 2772 700 2820 Lg.
728 2778 875 2820 praeter
897 2774 953 2809 20.
975 2772 1031 2808 39.
1052 2773 1127 2817 56„
1158 2773 1242 2807 item
1263 2769 1337 2807 Ott.
1356 2791 1400 2797 —-
1435 2771 1496 2806 ob-
