1892 3116
395 218 603 265 INDEX
634 217 996 264 COMPENDD.
1031 217 1396 264 SCRIBENDI.
1500 236 1591 266 xvn

725 764 999 821 INDE
1012 766 1086 819 X

440 883 970 928 COMPENDIORUM
1009 884 1382 939 SCRIBENDI,

283 994 479 1035 QUIBUS
506 997 560 1034 lN
584 995 974 1034 COMMENTARHS
999 997 1210 1035 CRITICIS
1232 999 1367 1037 Usus
1393 1000 1513 1038 SUM.

774 1148 1021 1155 ——..—

210 1270 236 1295 a
264 1270 363 1296 corr.
390 1271 414 1295 a
440 1264 659 1296 correctore.

210 1327 236 1351 a
252 1329 315 1364 pr.
342 1328 394 1352 m.
428 1323 465 1352 et
490 1329 516 1353 a
540 1328 614 1353 see.
639 1328 690 1352 m.
719 1316 818 1361 (sive
837 1328 900 1365 pr.
926 1327 979 1353 m.
1004 1328 1079 1354 sec.
1103 1319 1176 1364 m.)
1207 1330 1230 1354 a
1252 1321 1369 1366 prima
1391 1321 1600 1357 secundave

254 1385 362 1408 manu
387 1374 522 1419 scripta
546 1373 736 1421 significat.

212 1430 306 1465 add.
336 1431 473 1476 aliquid
495 1431 580 1465 addi
602 1431 639 1465 in
661 1430 762 1466 libris
786 1430 928 1477 scriptis
951 1429 1143 1478 significat.

216 1486 257 1521 G.
286 1498 314 1522 s.
337 1486 433 1521 Par.
462 1487 501 1523 G.
521 1487 639 1521 codex
660 1487 878 1521 parisiensis
901 1488 942 1523 C.
968 1486 1097 1523 Oreui.

214 1553 312 1577 corr.
339 1548 450 1577 notae
474 1543 608 1577 codicis
634 1543 814 1585 additum,
850 1544 951 1578 velut
972 1543 1040 1588 Lg.
1065 1543 1088 1577 8
1113 1553 1205 1581 corr.
1230 1545 1443 1591 scripturam
1468 1546 1602 1583 codicis

259 1588 307 1623 ad
328 1589 472 1623 modum
498 1589 669 1633 vulgatae
694 1593 897 1623 correctam
923 1588 1116 1634 significat.

213 1644 266 1681 D.
296 1656 325 1680 s.
349 1644 448 1681 Par.
473 1645 526 1681 D.
546 1645 627 1680 cod.
651 1646 865 1680 Parisiensis
889 1645 937 1681 D.
962 1644 1089 1681 Orelli.

215 1713 299 1749 eoep.
334 1702 470 1747 aliquid
501 1706 717 1748 expunctum
747 1712 850 1745 esse,
881 1712 981 1737 corr.
1014 1705 1052 1736 et
1076 1712 1163 1750 exp.
1198 1701 1459 1738 correctionem
1482 1713 1603 1740 rursus

261 1765 478 1805 expunctam
498 1757 689 1804 significat.

219 1814 293 1851 Gu.
319 1815 349 1850 1.
374 1815 407 1849 2.
431 1814 575 1849 codices
600 1813 767 1848 Gudiani.

215 1873 332 1907 inser.
358 1882 470 1917 supra
492 1871 630 1915 scripta
651 1870 800 1905 lectioni
823 1874 1129 1906 commemoratae
1151 1867 1342 1916 siguificat.

215 1931 292 1964 inv.
314 1928 432 1964 verba
454 1928 489 1963 in
515 1928 642 1963 codice
665 1928 815 1962 inversa
835 1926 1026 1973 significat.

214 1988 274 2022 ita
297 1996 396 2021 corr.
420 1987 483 2021 ita
507 1987 624 2021 inser.
650 1989 851 2020 correctum
873 1984 1035 2019 codicem
1058 1988 1122 2019 aut
1142 1983 1352 2030 inscriptum
1376 1984 1473 2030 quod
1495 1985 1603 2022 modo

258 2048 576 2078 commemoratum
601 2042 647 2077 sit
670 2040 860 2087 significat.

212 2097 283 2147 Ly.
308 2100 453 2134 codices
477 2098 804 2145 Lagomarsiniani.

213 2167 291 2192 om.
321 2157 499 2191 omissum.

220 2211 301 2248 ott.
326 2224 356 2248 s,
386 2211 515 2248 ottob.
542 2211 661 2246 codex
687 2209 969 2246 ottobonianus.

214 2279 249 2304 v.
273 2280 311 2304 u.
338 2273 365 2305 t.
400 2269 563 2302 codicem
595 2278 665 2312 pro
687 2266 793 2302 varia
814 2265 993 2309 scriptura
1016 2264 1209 2300 lectionem
1236 2269 1374 2310 textus,
1410 2276 1516 2312 quem
1541 2277 1605 2301 vo-

262 2330 363 2369 cant,
385 2323 544 2359 additam
567 2327 768 2358 monstrare
790 2319 983 2368 significat.

213 2393 297 2417 vac.
324 2382 425 2416 locus
450 2391 598 2416 vacuus.

221 2437 307 2473 Vat.
336 2437 453 2473 codex
476 2437 685 2472 Vaticanus.

227 2494 313 2529 Ven.
339 2494 371 2529 1.
393 2495 427 2529 2.
457 2493 601 2529 codices
626 2492 772 2527 Veneti.

215 2550 424 2587 Editionum
447 2548 732 2596 significationes
755 2547 862 2583 facile
889 2547 1145 2593 intelliguntur.

1270 2775 1320 2798 ἡ*
