<?xml version="1.0" encoding="UTF-8"?>
<!DOCTYPE html PUBLIC "-//W3C//DTD XHTML 1.0 Transitional//EN"
    "http://www.w3.org/TR/xhtml1/DTD/xhtml1-transitional.dtd">
<html xmlns="http://www.w3.org/1999/xhtml" xml:lang="en" lang="en">
 <head>
  <title>
</title>
<meta http-equiv="Content-Type" content="text/html;charset=utf-8" />
  <meta name='ocr-system' content='tesseract 3.04.00' />
  <meta name='ocr-capabilities' content='ocr_page ocr_carea ocr_par ocr_line ocrx_word'/>
</head>
<body>
  <div class='ocr_page' id='page_1' title='image "./brutussivedeclar00ciceuoft_0267.png"; bbox 0 0 1835 3126; ppageno 0'>
   <div class='ocr_carea' id='block_1_1' title="bbox 1 94 5 733">
    <p class='ocr_par' dir='ltr' id='par_1_1' title="bbox 1 94 5 733">
     <span class='ocr_line' id='line_1_1' title="bbox 1 94 5 733; baseline 0 0"><span class='ocrx_word' id='word_1_1' title='bbox 1 94 5 733; x_wconf 95' lang='lat' dir='ltr'> </span> 
     </span>
    </p>
   </div>
   <div class='ocr_carea' id='block_1_2' title="bbox 523 144 1532 190">
    <p class='ocr_par' dir='ltr' id='par_1_2' title="bbox 523 144 1532 190">
     <span class='ocr_line' id='line_1_2' title="bbox 523 144 1532 190; baseline 0.001 -1"><span class='ocrx_word' id='word_1_2' title='bbox 523 146 782 189; x_wconf 86' lang='lat' dir='ltr'>BRUTUS</span> <span class='ocrx_word' id='word_1_3' title='bbox 825 144 946 188; x_wconf 75' lang='lat' dir='ltr'><strong>GAP.</strong></span> <span class='ocrx_word' id='word_1_4' title='bbox 977 145 1043 188; x_wconf 81' lang='lat'><strong>54.</strong></span> <span class='ocrx_word' id='word_1_5' title='bbox 1074 146 1143 188; x_wconf 81' lang='lat'><strong>55.</strong></span> <span class='ocrx_word' id='word_1_6' title='bbox 1411 144 1532 190; x_wconf 67' lang='lat'>242</span> 
     </span>
    </p>
   </div>
   <div class='ocr_carea' id='block_1_3' title="bbox 131 256 1533 1951">
    <p class='ocr_par' dir='ltr' id='par_1_3' title="bbox 133 256 1528 627">
     <span class='ocr_line' id='line_1_3' title="bbox 137 256 1526 318; baseline -0.004 -14"><span class='ocrx_word' id='word_1_7' title='bbox 137 273 237 318; x_wconf 88' lang='lat' dir='ltr'>opus</span> <span class='ocrx_word' id='word_1_8' title='bbox 259 264 340 308; x_wconf 88' lang='lat' dir='ltr'>est,</span> <span class='ocrx_word' id='word_1_9' title='bbox 370 259 661 301; x_wconf 83' lang='lat' dir='ltr'><strong>misericordia</strong></span> <span class='ocrx_word' id='word_1_10' title='bbox 683 257 779 300; x_wconf 93' lang='lat' dir='ltr'>odio</span> <span class='ocrx_word' id='word_1_11' title='bbox 810 263 921 300; x_wconf 87' lang='lat' dir='ltr'>motu</span> <span class='ocrx_word' id='word_1_12' title='bbox 948 258 1073 299; x_wconf 88' lang='lat' dir='ltr'>animi</span> <span class='ocrx_word' id='word_1_13' title='bbox 1098 257 1239 313; x_wconf 90' lang='lat' dir='ltr'>aliquo</span> <span class='ocrx_word' id='word_1_14' title='bbox 1265 256 1526 313; x_wconf 89' lang='lat' dir='ltr'>perturbatos</span> 
     </span>
     <span class='ocr_line' id='line_1_4' title="bbox 137 335 1527 393; baseline -0.004 -11"><span class='ocrx_word' id='word_1_15' title='bbox 137 351 229 382; x_wconf 90' lang='lat' dir='ltr'>esse</span> <span class='ocrx_word' id='word_1_16' title='bbox 270 335 573 379; x_wconf 85' lang='lat' dir='ltr'>vehementius:</span> <span class='ocrx_word' id='word_1_17' title='bbox 615 349 668 379; x_wconf 86' lang='lat' dir='ltr'>ea</span> <span class='ocrx_word' id='word_1_18' title='bbox 703 338 740 379; x_wconf 93' lang='lat' dir='ltr'>si</span> <span class='ocrx_word' id='word_1_19' title='bbox 769 337 1045 393; x_wconf 87' lang='lat' dir='ltr'>praeteriens,</span> <span class='ocrx_word' id='word_1_20' title='bbox 1085 342 1127 378; x_wconf 92' lang='lat' dir='ltr'>ut</span> <span class='ocrx_word' id='word_1_21' title='bbox 1157 336 1264 385; x_wconf 84' lang='lat' dir='ltr'>dixi,</span> <span class='ocrx_word' id='word_1_22' title='bbox 1307 336 1527 391; x_wconf 83' lang='lat' dir='ltr'>aspexerit,</span> 
     </span>
     <span class='ocr_line' id='line_1_5' title="bbox 136 413 1528 466; baseline -0.001 -8"><span class='ocrx_word' id='word_1_23' title='bbox 136 417 171 458; x_wconf 93' lang='lat' dir='ltr'>si</span> <span class='ocrx_word' id='word_1_24' title='bbox 202 414 305 457; x_wconf 90' lang='lat' dir='ltr'>nihil</span> <span class='ocrx_word' id='word_1_25' title='bbox 337 415 563 466; x_wconf 82' lang='lat' dir='ltr'>audiverit,</span> <span class='ocrx_word' id='word_1_26' title='bbox 602 422 739 458; x_wconf 82' lang='lat' dir='ltr'>tamen</span> <span class='ocrx_word' id='word_1_27' title='bbox 770 422 974 458; x_wconf 88' lang='lat' dir='ltr'>oratorem</span> <span class='ocrx_word' id='word_1_28' title='bbox 1004 415 1167 457; x_wconf 88' lang='lat' dir='ltr'>versari</span> <span class='ocrx_word' id='word_1_29' title='bbox 1197 415 1238 456; x_wconf 91' lang='lat' dir='ltr'>in</span> <span class='ocrx_word' id='word_1_30' title='bbox 1268 413 1342 455; x_wconf 93' lang='lat' dir='ltr'>illo</span> <span class='ocrx_word' id='word_1_31' title='bbox 1373 413 1528 456; x_wconf 87' lang='lat' dir='ltr'>iudicio</span> 
     </span>
     <span class='ocr_line' id='line_1_6' title="bbox 136 491 1528 551; baseline -0.002 -15"><span class='ocrx_word' id='word_1_32' title='bbox 136 501 175 536; x_wconf 89' lang='lat' dir='ltr'>et</span> <span class='ocrx_word' id='word_1_33' title='bbox 214 507 315 550; x_wconf 91' lang='lat' dir='ltr'>opus</span> <span class='ocrx_word' id='word_1_34' title='bbox 357 496 582 537; x_wconf 83' lang='lat' dir='ltr'>oratorium</span> <span class='ocrx_word' id='word_1_35' title='bbox 621 494 709 538; x_wconf 88' lang='lat' dir='ltr'>fieri</span> <span class='ocrx_word' id='word_1_36' title='bbox 742 501 810 537; x_wconf 88' lang='lat' dir='ltr'>aut</span> <span class='ocrx_word' id='word_1_37' title='bbox 838 494 1062 551; x_wconf 85' lang='lat' dir='ltr'>perfectum</span> <span class='ocrx_word' id='word_1_38' title='bbox 1100 494 1183 534; x_wconf 87' lang='lat' dir='ltr'>iam</span> <span class='ocrx_word' id='word_1_39' title='bbox 1216 505 1312 534; x_wconf 91' lang='lat' dir='ltr'>esse</span> <span class='ocrx_word' id='word_1_40' title='bbox 1341 491 1528 547; x_wconf 83' lang='lat' dir='ltr'>profecto</span> 
     </span>
     <span class='ocr_line' id='line_1_7' title="bbox 133 572 358 627; baseline 0.009 -14"><span class='ocrx_word' id='word_1_41' title='bbox 133 572 358 627; x_wconf 82' lang='lat' dir='ltr'>intelleget.</span> 
     </span>
    </p>

    <p class='ocr_par' dir='ltr' id='par_1_4' title="bbox 131 649 1533 1951">
     <span class='ocr_line' id='line_1_8' title="bbox 245 649 1529 704; baseline -0.002 -12"><span class='ocrx_word' id='word_1_42' title='bbox 245 649 332 693; x_wconf 90' lang='lat' dir='ltr'>LV.</span> <span class='ocrx_word' id='word_1_43' title='bbox 370 651 466 693; x_wconf 89' lang='lat'><strong>201.</strong></span> <span class='ocrx_word' id='word_1_44' title='bbox 507 649 606 692; x_wconf 90' lang='lat' dir='ltr'>Cum</span> <span class='ocrx_word' id='word_1_45' title='bbox 639 649 744 693; x_wconf 89' lang='lat' dir='ltr'>haec</span> <span class='ocrx_word' id='word_1_46' title='bbox 780 650 1096 698; x_wconf 89' lang='lat' dir='ltr'>disseruissem‚</span> <span class='ocrx_word' id='word_1_47' title='bbox 1126 655 1295 704; x_wconf 85' lang='lat' dir='ltr'>uterque</span> <span class='ocrx_word' id='word_1_48' title='bbox 1328 659 1529 690; x_wconf 83' lang='lat' dir='ltr'>assensus</span> 
     </span>
     <span class='ocr_line' id='line_1_9' title="bbox 134 725 1529 785; baseline -0.002 -16"><span class='ocrx_word' id='word_1_49' title='bbox 134 734 210 770; x_wconf 91' lang='lat' dir='ltr'>est.</span> <span class='ocrx_word' id='word_1_50' title='bbox 270 726 321 770; x_wconf 93' lang='lat' dir='ltr'>Et</span> <span class='ocrx_word' id='word_1_51' title='bbox 350 742 429 783; x_wconf 83' lang='lat' dir='ltr'>ego</span> <span class='ocrx_word' id='word_1_52' title='bbox 460 736 655 785; x_wconf 88' lang='lat' dir='ltr'>tanquam</span> <span class='ocrx_word' id='word_1_53' title='bbox 686 729 735 770; x_wconf 91' lang='lat' dir='ltr'>de</span> <span class='ocrx_word' id='word_1_54' title='bbox 766 730 928 782; x_wconf 84' lang='lat' dir='ltr'>integro</span> <span class='ocrx_word' id='word_1_55' title='bbox 960 727 1150 776; x_wconf 88' lang='lat' dir='ltr'>ordiens,</span> <span class='ocrx_word' id='word_1_56' title='bbox 1183 725 1359 777; x_wconf 83' lang='lat' dir='ltr'>Quando</span> <span class='ocrx_word' id='word_1_57' title='bbox 1390 726 1529 779; x_wconf 85' lang='lat' dir='ltr'>igitur,</span> 
     </span>
     <span class='ocr_line' id='line_1_10' title="bbox 134 802 1526 861; baseline -0.002 -14"><span class='ocrx_word' id='word_1_58' title='bbox 134 807 301 861; x_wconf 87' lang='lat' dir='ltr'>inquam</span> <span class='ocrx_word' id='word_1_59' title='bbox 351 820 377 848; x_wconf 93' lang='lat' dir='ltr'>a</span> <span class='ocrx_word' id='word_1_60' title='bbox 415 806 535 849; x_wconf 87' lang='lat' dir='ltr'>Cotta</span> <span class='ocrx_word' id='word_1_61' title='bbox 578 813 617 848; x_wconf 88' lang='lat' dir='ltr'>et</span> <span class='ocrx_word' id='word_1_62' title='bbox 654 805 840 861; x_wconf 89' lang='lat' dir='ltr'>Sulpicio</span> <span class='ocrx_word' id='word_1_63' title='bbox 889 804 995 846; x_wconf 88' lang='lat' dir='ltr'>haec</span> <span class='ocrx_word' id='word_1_64' title='bbox 1041 805 1173 846; x_wconf 90' lang='lat' dir='ltr'>omnis</span> <span class='ocrx_word' id='word_1_65' title='bbox 1219 802 1334 845; x_wconf 90' lang='lat' dir='ltr'>fluxit</span> <span class='ocrx_word' id='word_1_66' title='bbox 1378 804 1526 853; x_wconf 87' lang='lat' dir='ltr'>oratio,</span> 
     </span>
     <span class='ocr_line' id='line_1_11' title="bbox 133 879 1527 927; baseline -0.005 0"><span class='ocrx_word' id='word_1_67' title='bbox 133 897 223 926; x_wconf 88' lang='lat' dir='ltr'>cum</span> <span class='ocrx_word' id='word_1_68' title='bbox 250 885 325 927; x_wconf 91' lang='lat' dir='ltr'>hos</span> <span class='ocrx_word' id='word_1_69' title='bbox 352 896 537 927; x_wconf 82' lang='lat' dir='ltr'>maxume</span> <span class='ocrx_word' id='word_1_70' title='bbox 566 884 720 925; x_wconf 88' lang='lat' dir='ltr'>iudicio</span> <span class='ocrx_word' id='word_1_71' title='bbox 750 882 916 924; x_wconf 86' lang='lat' dir='ltr'>illorum</span> <span class='ocrx_word' id='word_1_72' title='bbox 938 881 1148 923; x_wconf 90' lang='lat' dir='ltr'>hominum</span> <span class='ocrx_word' id='word_1_73' title='bbox 1172 886 1212 922; x_wconf 91' lang='lat' dir='ltr'>et</span> <span class='ocrx_word' id='word_1_74' title='bbox 1235 879 1349 921; x_wconf 90' lang='lat' dir='ltr'>illius</span> <span class='ocrx_word' id='word_1_75' title='bbox 1376 880 1527 921; x_wconf 86' lang='lat' dir='ltr'>aetatis</span> 
     </span>
     <span class='ocr_line' id='line_1_12' title="bbox 133 957 1529 1018; baseline -0.003 -14"><span class='ocrx_word' id='word_1_76' title='bbox 133 962 331 1005; x_wconf 88' lang='lat' dir='ltr'>dixissem</span> <span class='ocrx_word' id='word_1_77' title='bbox 366 961 584 1018; x_wconf 86' lang='lat' dir='ltr'>probatos,</span> <span class='ocrx_word' id='word_1_78' title='bbox 619 966 805 1003; x_wconf 87' lang='lat' dir='ltr'>revertar</span> <span class='ocrx_word' id='word_1_79' title='bbox 837 959 891 1002; x_wconf 88' lang='lat' dir='ltr'>ad</span> <span class='ocrx_word' id='word_1_80' title='bbox 929 972 1002 1002; x_wconf 87' lang='lat' dir='ltr'>eos</span> <span class='ocrx_word' id='word_1_81' title='bbox 1036 960 1175 1015; x_wconf 90' lang='lat' dir='ltr'>ipsos;</span> <span class='ocrx_word' id='word_1_82' title='bbox 1216 964 1299 1000; x_wconf 87' lang='lat' dir='ltr'>tum</span> <span class='ocrx_word' id='word_1_83' title='bbox 1328 957 1529 1012; x_wconf 86' lang='lat' dir='ltr'>reliquos,</span> 
     </span>
     <span class='ocr_line' id='line_1_13' title="bbox 134 1037 1528 1095; baseline -0.003 -14"><span class='ocrx_word' id='word_1_84' title='bbox 134 1046 175 1081; x_wconf 86' lang='lat' dir='ltr'>ut</span> <span class='ocrx_word' id='word_1_85' title='bbox 204 1041 378 1090; x_wconf 84' lang='lat' dir='ltr'>institui,</span> <span class='ocrx_word' id='word_1_86' title='bbox 419 1039 614 1095; x_wconf 86' lang='lat' dir='ltr'>deinceps</span> <span class='ocrx_word' id='word_1_87' title='bbox 644 1052 886 1095; x_wconf 88' lang='lat' dir='ltr'>persequar.</span> <span class='ocrx_word' id='word_1_88' title='bbox 947 1037 1153 1089; x_wconf 85' lang='lat' dir='ltr'>Quoniam</span> <span class='ocrx_word' id='word_1_89' title='bbox 1184 1049 1285 1091; x_wconf 82' lang='lat' dir='ltr'>ergo</span> <span class='ocrx_word' id='word_1_90' title='bbox 1318 1042 1528 1079; x_wconf 88' lang='lat' dir='ltr'>oratorum</span> 
     </span>
     <span class='ocr_line' id='line_1_14' title="bbox 131 1116 1529 1173; baseline -0.004 -13"><span class='ocrx_word' id='word_1_91' title='bbox 131 1117 354 1169; x_wconf 84' lang='lat' dir='ltr'>bonorum,</span> <span class='ocrx_word' id='word_1_92' title='bbox 395 1117 473 1160; x_wconf 92' lang='lat' dir='ltr'>hos</span> <span class='ocrx_word' id='word_1_93' title='bbox 518 1119 635 1160; x_wconf 71' lang='lat' dir='ltr'>enim&#39;</span> <span class='ocrx_word' id='word_1_94' title='bbox 660 1118 919 1173; x_wconf 86' lang='lat' dir='ltr'>quaerimus,</span> <span class='ocrx_word' id='word_1_95' title='bbox 957 1116 1036 1159; x_wconf 91' lang='lat' dir='ltr'>duo</span> <span class='ocrx_word' id='word_1_96' title='bbox 1066 1128 1226 1170; x_wconf 75' lang='lat' dir='ltr'>genera</span> <span class='ocrx_word' id='word_1_97' title='bbox 1257 1121 1365 1164; x_wconf 87' lang='lat' dir='ltr'>sunt,</span> <span class='ocrx_word' id='word_1_98' title='bbox 1404 1126 1529 1155; x_wconf 90' lang='lat' dir='ltr'>unum</span> 
     </span>
     <span class='ocr_line' id='line_1_15' title="bbox 132 1192 1528 1252; baseline -0.005 -13"><span class='ocrx_word' id='word_1_99' title='bbox 132 1203 338 1239; x_wconf 84' lang='lat' dir='ltr'>attenuate</span> <span class='ocrx_word' id='word_1_100' title='bbox 368 1209 615 1252; x_wconf 87' lang='lat' dir='ltr'>presseque,</span> <span class='ocrx_word' id='word_1_101' title='bbox 649 1196 822 1238; x_wconf 90' lang='lat' dir='ltr'>alterum</span> <span class='ocrx_word' id='word_1_102' title='bbox 852 1195 1014 1238; x_wconf 83' lang='lat' dir='ltr'>sublate</span> <span class='ocrx_word' id='word_1_103' title='bbox 1048 1193 1263 1250; x_wconf 89' lang='lat' dir='ltr'>ampleque</span> <span class='ocrx_word' id='word_1_104' title='bbox 1286 1192 1528 1234; x_wconf 87' lang='lat' dir='ltr'>dicentium:</span> 
     </span>
     <span class='ocr_line' id='line_1_16' title="bbox 133 1271 1528 1331; baseline -0.004 -14"><span class='ocrx_word' id='word_1_105' title='bbox 133 1276 211 1317; x_wconf 84' lang='lat' dir='ltr'>etsi</span> <span class='ocrx_word' id='word_1_106' title='bbox 255 1274 298 1316; x_wconf 88' lang='lat' dir='ltr'>id</span> <span class='ocrx_word' id='word_1_107' title='bbox 340 1274 488 1317; x_wconf 89' lang='lat' dir='ltr'>melius</span> <span class='ocrx_word' id='word_1_108' title='bbox 533 1281 617 1325; x_wconf 90' lang='lat' dir='ltr'>est,</span> <span class='ocrx_word' id='word_1_109' title='bbox 661 1275 771 1330; x_wconf 86' lang='lat' dir='ltr'>quod</span> <span class='ocrx_word' id='word_1_110' title='bbox 805 1273 1063 1331; x_wconf 86' lang='lat' dir='ltr'>splendidius</span> <span class='ocrx_word' id='word_1_111' title='bbox 1105 1279 1144 1314; x_wconf 86' lang='lat' dir='ltr'>et</span> <span class='ocrx_word' id='word_1_112' title='bbox 1182 1271 1528 1326; x_wconf 83' lang='lat' dir='ltr'>magnificentius,</span> 
     </span>
     <span class='ocr_line' id='line_1_17' title="bbox 134 1348 1530 1409; baseline -0.004 -14"><span class='ocrx_word' id='word_1_113' title='bbox 134 1360 271 1397; x_wconf 87' lang='lat' dir='ltr'>tamen</span> <span class='ocrx_word' id='word_1_114' title='bbox 305 1355 347 1395; x_wconf 92' lang='lat' dir='ltr'>in</span> <span class='ocrx_word' id='word_1_115' title='bbox 384 1353 507 1396; x_wconf 90' lang='lat' dir='ltr'>bonis</span> <span class='ocrx_word' id='word_1_116' title='bbox 543 1354 702 1404; x_wconf 87' lang='lat' dir='ltr'>omnia,</span> <span class='ocrx_word' id='word_1_117' title='bbox 747 1366 853 1409; x_wconf 89' lang='lat' dir='ltr'>quae</span> <span class='ocrx_word' id='word_1_118' title='bbox 893 1364 1053 1394; x_wconf 85' lang='lat' dir='ltr'>summa</span> <span class='ocrx_word' id='word_1_119' title='bbox 1089 1357 1201 1400; x_wconf 90' lang='lat' dir='ltr'>sunt,</span> <span class='ocrx_word' id='word_1_120' title='bbox 1233 1351 1321 1391; x_wconf 89' lang='lat' dir='ltr'>iure</span> <span class='ocrx_word' id='word_1_121' title='bbox 1351 1348 1530 1390; x_wconf 89' lang='lat' dir='ltr'>laudan—</span> 
     </span>
     <span class='ocr_line' id='line_1_18' title="bbox 134 1428 1532 1487; baseline -0.004 -14"><span class='ocrx_word' id='word_1_122' title='bbox 134 1439 209 1473; x_wconf 78' lang='lat' dir='ltr'>tur.</span> <span class='ocrx_word' id='word_1_123' title='bbox 268 1431 363 1473; x_wconf 83' lang='lat'><strong>202.</strong></span> <span class='ocrx_word' id='word_1_124' title='bbox 404 1430 490 1473; x_wconf 89' lang='lat' dir='ltr'>Sed</span> <span class='ocrx_word' id='word_1_125' title='bbox 532 1431 720 1474; x_wconf 87' lang='lat' dir='ltr'>cavenda</span> <span class='ocrx_word' id='word_1_126' title='bbox 762 1438 825 1473; x_wconf 88' lang='lat' dir='ltr'>est</span> <span class='ocrx_word' id='word_1_127' title='bbox 859 1444 1005 1487; x_wconf 86' lang='lat' dir='ltr'>presso</span> <span class='ocrx_word' id='word_1_128' title='bbox 1041 1429 1105 1471; x_wconf 91' lang='lat' dir='ltr'>illi</span> <span class='ocrx_word' id='word_1_129' title='bbox 1136 1429 1293 1471; x_wconf 87' lang='lat' dir='ltr'>oratori</span> <span class='ocrx_word' id='word_1_130' title='bbox 1319 1428 1461 1482; x_wconf 88' lang='lat' dir='ltr'>inopia</span> <span class='ocrx_word' id='word_1_131' title='bbox 1491 1431 1532 1468; x_wconf 91' lang='lat' dir='ltr'>et</span> 
     </span>
     <span class='ocr_line' id='line_1_19' title="bbox 134 1505 1530 1565; baseline -0.004 -14"><span class='ocrx_word' id='word_1_132' title='bbox 134 1511 352 1560; x_wconf 88' lang='lat' dir='ltr'>ieiunitas,</span> <span class='ocrx_word' id='word_1_133' title='bbox 399 1509 534 1565; x_wconf 90' lang='lat' dir='ltr'>amplo</span> <span class='ocrx_word' id='word_1_134' title='bbox 579 1516 715 1552; x_wconf 87' lang='lat' dir='ltr'>autem</span> <span class='ocrx_word' id='word_1_135' title='bbox 752 1508 935 1551; x_wconf 83' lang='lat' dir='ltr'>inflatum</span> <span class='ocrx_word' id='word_1_136' title='bbox 974 1514 1013 1550; x_wconf 88' lang='lat' dir='ltr'>et</span> <span class='ocrx_word' id='word_1_137' title='bbox 1054 1513 1286 1561; x_wconf 82' lang='lat' dir='ltr'>corruptum</span> <span class='ocrx_word' id='word_1_138' title='bbox 1327 1505 1530 1547; x_wconf 88' lang='lat' dir='ltr'>orationis</span> 
     </span>
     <span class='ocr_line' id='line_1_20' title="bbox 134 1582 1530 1642; baseline -0.004 -13"><span class='ocrx_word' id='word_1_139' title='bbox 134 1601 280 1642; x_wconf 76' lang='lat' dir='ltr'>genus,</span> <span class='ocrx_word' id='word_1_140' title='bbox 345 1587 587 1630; x_wconf 87' lang='lat' dir='ltr'>Inveniebat</span> <span class='ocrx_word' id='word_1_141' title='bbox 625 1589 751 1641; x_wconf 82' lang='lat' dir='ltr'>igitur</span> <span class='ocrx_word' id='word_1_142' title='bbox 792 1594 910 1628; x_wconf 87' lang='lat' dir='ltr'>acute</span> <span class='ocrx_word' id='word_1_143' title='bbox 951 1585 1091 1634; x_wconf 85' lang='lat' dir='ltr'>Cotta,</span> <span class='ocrx_word' id='word_1_144' title='bbox 1131 1582 1296 1625; x_wconf 87' lang='lat' dir='ltr'>dicebat</span> <span class='ocrx_word' id='word_1_145' title='bbox 1340 1595 1440 1638; x_wconf 91' lang='lat' dir='ltr'>pure</span> <span class='ocrx_word' id='word_1_146' title='bbox 1480 1594 1530 1624; x_wconf 88' lang='lat' dir='ltr'>ac</span> 
     </span>
     <span class='ocr_line' id='line_1_21' title="bbox 135 1661 1533 1716; baseline -0.006 -8"><span class='ocrx_word' id='word_1_147' title='bbox 135 1666 291 1708; x_wconf 90' lang='lat' dir='ltr'>solute:</span> <span class='ocrx_word' id='word_1_148' title='bbox 337 1672 376 1707; x_wconf 88' lang='lat' dir='ltr'>et</span> <span class='ocrx_word' id='word_1_149' title='bbox 422 1672 463 1706; x_wconf 90' lang='lat' dir='ltr'>ut</span> <span class='ocrx_word' id='word_1_150' title='bbox 513 1665 566 1707; x_wconf 89' lang='lat' dir='ltr'>ad</span> <span class='ocrx_word' id='word_1_151' title='bbox 608 1664 883 1706; x_wconf 86' lang='lat' dir='ltr'>infirmitatem</span> <span class='ocrx_word' id='word_1_152' title='bbox 923 1663 1098 1705; x_wconf 88' lang='lat' dir='ltr'>laterum</span> <span class='ocrx_word' id='word_1_153' title='bbox 1139 1661 1397 1716; x_wconf 83' lang='lat' dir='ltr'>perscienter</span> <span class='ocrx_word' id='word_1_154' title='bbox 1432 1671 1533 1701; x_wconf 89' lang='lat' dir='ltr'>con-</span> 
     </span>
     <span class='ocr_line' id='line_1_22' title="bbox 134 1736 1533 1790; baseline -0.005 -5"><span class='ocrx_word' id='word_1_155' title='bbox 134 1745 356 1787; x_wconf 86' lang='lat' dir='ltr'>tentionem</span> <span class='ocrx_word' id='word_1_156' title='bbox 386 1756 547 1786; x_wconf 90' lang='lat' dir='ltr'>omnem</span> <span class='ocrx_word' id='word_1_157' title='bbox 576 1736 819 1790; x_wconf 87' lang='lat' dir='ltr'>remiserat,</span> <span class='ocrx_word' id='word_1_158' title='bbox 851 1742 913 1783; x_wconf 91' lang='lat' dir='ltr'>sic</span> <span class='ocrx_word' id='word_1_159' title='bbox 944 1739 997 1782; x_wconf 87' lang='lat' dir='ltr'>ad</span> <span class='ocrx_word' id='word_1_160' title='bbox 1025 1739 1172 1781; x_wconf 88' lang='lat' dir='ltr'>virium</span> <span class='ocrx_word' id='word_1_161' title='bbox 1204 1737 1533 1780; x_wconf 84' lang='lat' dir='ltr'>imbecillitatem</span> 
     </span>
     <span class='ocr_line' id='line_1_23' title="bbox 136 1816 1530 1874; baseline -0.005 -10"><span class='ocrx_word' id='word_1_162' title='bbox 136 1822 302 1865; x_wconf 89' lang='lat' dir='ltr'>dicendi</span> <span class='ocrx_word' id='word_1_163' title='bbox 333 1819 675 1863; x_wconf 85' lang='lat' dir='ltr'>accommodabat</span> <span class='ocrx_word' id='word_1_164' title='bbox 698 1831 845 1874; x_wconf 81' lang='lat' dir='ltr'>genus.</span> <span class='ocrx_word' id='word_1_165' title='bbox 904 1817 1009 1860; x_wconf 92' lang='lat' dir='ltr'>nihil</span> <span class='ocrx_word' id='word_1_166' title='bbox 1035 1823 1124 1858; x_wconf 85' lang='lat' dir='ltr'>erat</span> <span class='ocrx_word' id='word_1_167' title='bbox 1153 1818 1197 1858; x_wconf 89' lang='lat' dir='ltr'>in</span> <span class='ocrx_word' id='word_1_168' title='bbox 1221 1817 1311 1859; x_wconf 92' lang='lat' dir='ltr'>eius</span> <span class='ocrx_word' id='word_1_169' title='bbox 1341 1816 1530 1858; x_wconf 86' lang='lat' dir='ltr'>oratione</span> 
     </span>
     <span class='ocr_line' id='line_1_24' title="bbox 133 1892 1530 1951; baseline -0.006 -8"><span class='ocrx_word' id='word_1_170' title='bbox 133 1902 216 1943; x_wconf 88' lang='lat' dir='ltr'>nisi</span> <span class='ocrx_word' id='word_1_171' title='bbox 254 1901 479 1948; x_wconf 90' lang='lat' dir='ltr'>sincerum,</span> <span class='ocrx_word' id='word_1_172' title='bbox 517 1896 622 1939; x_wconf 88' lang='lat' dir='ltr'>nihil</span> <span class='ocrx_word' id='word_1_173' title='bbox 659 1898 744 1939; x_wconf 90' lang='lat' dir='ltr'>nisi</span> <span class='ocrx_word' id='word_1_174' title='bbox 785 1898 941 1939; x_wconf 90' lang='lat' dir='ltr'>siccum</span> <span class='ocrx_word' id='word_1_175' title='bbox 980 1902 1102 1951; x_wconf 88' lang='lat' dir='ltr'>atque</span> <span class='ocrx_word' id='word_1_176' title='bbox 1139 1908 1305 1938; x_wconf 87' lang='lat' dir='ltr'>sanum:</span> <span class='ocrx_word' id='word_1_177' title='bbox 1344 1892 1530 1948; x_wconf 85' lang='lat' dir='ltr'>illudque</span> 
     </span>
    </p>
   </div>
   <div class='ocr_carea' id='block_1_4' title="bbox 135 2038 1532 2309">
    <p class='ocr_par' dir='ltr' id='par_1_5' title="bbox 135 2038 1532 2309">
     <span class='ocr_line' id='line_1_25' title="bbox 135 2038 1532 2087; baseline -0.005 -9"><span class='ocrx_word' id='word_1_178' title='bbox 135 2043 318 2087; x_wconf 76' lang='lat' dir='ltr'>deantur]</span> <span class='ocrx_word' id='word_1_179' title='bbox 343 2041 523 2076; x_wconf 77' lang='lat' dir='ltr'>videntur</span> <span class='ocrx_word' id='word_1_180' title='bbox 545 2040 614 2077; x_wconf 86' lang='lat' dir='ltr'>Gu.</span> <span class='ocrx_word' id='word_1_181' title='bbox 636 2042 667 2075; x_wconf 89' lang='lat' dir='ltr'>l.</span> <span class='ocrx_word' id='word_1_182' title='bbox 688 2059 736 2066; x_wconf 92' lang='lat'>--</span> <span class='ocrx_word' id='word_1_183' title='bbox 760 2040 866 2085; x_wconf 78' lang='lat' dir='ltr'>quod</span> <span class='ocrx_word' id='word_1_184' title='bbox 887 2050 1077 2073; x_wconf 79' lang='lat' dir='ltr'>maxume</span> <span class='ocrx_word' id='word_1_185' title='bbox 1101 2038 1214 2085; x_wconf 82' lang='lat' dir='ltr'>opus]</span> <span class='ocrx_word' id='word_1_186' title='bbox 1241 2049 1328 2072; x_wconf 85' lang='lat' dir='ltr'>cum</span> <span class='ocrx_word' id='word_1_187' title='bbox 1351 2039 1532 2072; x_wconf 79' lang='lat' dir='ltr'>maxime</span> 
     </span>
     <span class='ocr_line' id='line_1_26' title="bbox 135 2093 1530 2146; baseline -0.006 -11"><span class='ocrx_word' id='word_1_188' title='bbox 135 2113 168 2135; x_wconf 83' lang='grc' dir='ltr'>ο.</span> <span class='ocrx_word' id='word_1_189' title='bbox 186 2100 250 2146; x_wconf 82' lang='lat' dir='ltr'><strong>Lg.</strong></span> <span class='ocrx_word' id='word_1_190' title='bbox 268 2110 404 2133; x_wconf 86' lang='lat' dir='ltr'>omnes.</span> <span class='ocrx_word' id='word_1_191' title='bbox 442 2101 501 2131; x_wconf 85' lang='lat' dir='ltr'>est</span> <span class='ocrx_word' id='word_1_192' title='bbox 517 2109 586 2131; x_wconf 87' lang='lat' dir='ltr'>om.</span> <span class='ocrx_word' id='word_1_193' title='bbox 611 2096 680 2130; x_wconf 90' lang='lat' dir='ltr'>Gu.</span> <span class='ocrx_word' id='word_1_194' title='bbox 702 2098 729 2131; x_wconf 94' lang='lat'><strong>1.</strong></span> <span class='ocrx_word' id='word_1_195' title='bbox 765 2107 951 2130; x_wconf 69' lang='lat' dir='ltr'>maxume</span> <span class='ocrx_word' id='word_1_196' title='bbox 975 2095 1041 2139; x_wconf 82' lang='lat' dir='ltr'><strong>Lg.</strong></span> <span class='ocrx_word' id='word_1_197' title='bbox 1062 2094 1116 2129; x_wconf 82' lang='lat'><strong>58.</strong></span> <span class='ocrx_word' id='word_1_198' title='bbox 1147 2093 1222 2128; x_wconf 90' lang='lat' dir='ltr'>Ott.</span> <span class='ocrx_word' id='word_1_199' title='bbox 1244 2112 1291 2121; x_wconf 63' lang='grc'>»-</span> <span class='ocrx_word' id='word_1_200' title='bbox 1316 2094 1530 2140; x_wconf 73' lang='lat' dir='ltr'>aspexerit]</span> 
     </span>
     <span class='ocr_line' id='line_1_27' title="bbox 135 2149 1532 2195; baseline -0.004 -5"><span class='ocrx_word' id='word_1_201' title='bbox 135 2157 264 2191; x_wconf 76' lang='lat' dir='ltr'>sine&#39;d</span> <span class='ocrx_word' id='word_1_202' title='bbox 288 2156 382 2189; x_wconf 86' lang='lat' dir='ltr'>libri.</span> <span class='ocrx_word' id='word_1_203' title='bbox 401 2175 446 2179; x_wconf 91' lang='lat'>-—</span> <span class='ocrx_word' id='word_1_204' title='bbox 471 2156 507 2187; x_wconf 84' lang='lat' dir='ltr'>si</span> <span class='ocrx_word' id='word_1_205' title='bbox 530 2152 634 2186; x_wconf 74' lang='lat' dir='ltr'>nihil</span> <span class='ocrx_word' id='word_1_206' title='bbox 657 2152 871 2194; x_wconf 76' lang='lat' dir='ltr'>audiverit]</span> <span class='ocrx_word' id='word_1_207' title='bbox 899 2153 974 2184; x_wconf 82' lang='lat' dir='ltr'>etsi</span> <span class='ocrx_word' id='word_1_208' title='bbox 1000 2149 1139 2192; x_wconf 68' lang='lat' dir='ltr'>orest,</span> <span class='ocrx_word' id='word_1_209' title='bbox 1160 2150 1312 2191; x_wconf 81' lang='lat' dir='ltr'>vitiose3</span> <span class='ocrx_word' id='word_1_210' title='bbox 1338 2150 1532 2195; x_wconf 83' lang='lat' dir='ltr'>oportebat</span> 
     </span>
     <span class='ocr_line' id='line_1_28' title="bbox 137 2204 1530 2252; baseline -0.004 -6"><span class='ocrx_word' id='word_1_211' title='bbox 137 2213 229 2246; x_wconf 85' lang='lat' dir='ltr'>enim</span> <span class='ocrx_word' id='word_1_212' title='bbox 256 2215 379 2245; x_wconf 80' lang='lat' dir='ltr'>etiam</span> <span class='ocrx_word' id='word_1_213' title='bbox 403 2213 449 2245; x_wconf 83' lang='lat' dir='ltr'>si.</span> <span class='ocrx_word' id='word_1_214' title='bbox 501 2208 697 2242; x_wconf 77' lang='lat' dir='ltr'>audiverit</span> <span class='ocrx_word' id='word_1_215' title='bbox 722 2207 787 2252; x_wconf 84' lang='lat' dir='ltr'><strong>Lg.</strong></span> <span class='ocrx_word' id='word_1_216' title='bbox 814 2219 961 2250; x_wconf 84' lang='lat' dir='ltr'>omnes,</span> <span class='ocrx_word' id='word_1_217' title='bbox 995 2205 1089 2240; x_wconf 82' lang='lat' dir='ltr'>Ven.</span> <span class='ocrx_word' id='word_1_218' title='bbox 1114 2209 1144 2241; x_wconf 96' lang='lat' dir='ltr'>l.</span> <span class='ocrx_word' id='word_1_219' title='bbox 1178 2205 1263 2243; x_wconf 84' lang='lat' dir='ltr'>Vat.</span> <span class='ocrx_word' id='word_1_220' title='bbox 1299 2204 1373 2242; x_wconf 87' lang='lat' dir='ltr'>Ott.</span> <span class='ocrx_word' id='word_1_221' title='bbox 1410 2206 1478 2242; x_wconf 90' lang='lat' dir='ltr'>Gu.</span> <span class='ocrx_word' id='word_1_222' title='bbox 1499 2207 1530 2242; x_wconf 90' lang='lat' dir='ltr'>l.</span> 
     </span>
     <span class='ocr_line' id='line_1_29' title="bbox 136 2260 1197 2309; baseline -0.006 -6"><span class='ocrx_word' id='word_1_223' title='bbox 136 2269 222 2303; x_wconf 82' lang='lat' dir='ltr'>Par.</span> <span class='ocrx_word' id='word_1_224' title='bbox 245 2268 290 2302; x_wconf 87' lang='lat' dir='ltr'>D.</span> <span class='ocrx_word' id='word_1_225' title='bbox 324 2267 532 2300; x_wconf 81' lang='lat' dir='ltr'>Lambinus.</span> <span class='ocrx_word' id='word_1_226' title='bbox 557 2283 604 2290; x_wconf 74' lang='lat'><strong>—</strong></span> <span class='ocrx_word' id='word_1_227' title='bbox 640 2264 852 2308; x_wconf 68' lang='lat' dir='ltr'>intelleqet]</span> <span class='ocrx_word' id='word_1_228' title='bbox 879 2263 944 2309; x_wconf 84' lang='lat' dir='ltr'><strong>Lg.</strong></span> <span class='ocrx_word' id='word_1_229' title='bbox 970 2263 1002 2297; x_wconf 80' lang='lat' dir='ltr'><strong>S.</strong></span> <span class='ocrx_word' id='word_1_230' title='bbox 1029 2263 1083 2296; x_wconf 89' lang='lat'>51.</span> <span class='ocrx_word' id='word_1_231' title='bbox 1122 2260 1197 2297; x_wconf 84' lang='lat' dir='ltr'>Ott.</span> 
     </span>
    </p>
   </div>
   <div class='ocr_carea' id='block_1_5' title="bbox 133 2329 1532 2651">
    <p class='ocr_par' dir='ltr' id='par_1_6' title="bbox 133 2329 1532 2651">
     <span class='ocr_line' id='line_1_30' title="bbox 227 2329 1532 2374; baseline -0.004 -6"><span class='ocrx_word' id='word_1_232' title='bbox 227 2334 306 2369; x_wconf 88' lang='lat' dir='ltr'>LV.</span> <span class='ocrx_word' id='word_1_233' title='bbox 345 2333 424 2367; x_wconf 74' lang='lat'><strong>201.</strong></span> <span class='ocrx_word' id='word_1_234' title='bbox 465 2343 555 2366; x_wconf 81' lang='lat' dir='ltr'>cum</span> <span class='ocrx_word' id='word_1_235' title='bbox 567 2352 611 2356; x_wconf 91' lang='lat'>——</span> <span class='ocrx_word' id='word_1_236' title='bbox 626 2331 915 2374; x_wconf 74' lang='lat' dir='ltr'>disseruissem]</span> <span class='ocrx_word' id='word_1_237' title='bbox 931 2335 1014 2363; x_wconf 84' lang='lat' dir='ltr'>tum</span> <span class='ocrx_word' id='word_1_238' title='bbox 1027 2350 1070 2354; x_wconf 93' lang='lat'>—-</span> <span class='ocrx_word' id='word_1_239' title='bbox 1088 2330 1345 2364; x_wconf 72' lang='lat' dir='ltr'>deseruissem</span> <span class='ocrx_word' id='word_1_240' title='bbox 1359 2329 1426 2365; x_wconf 85' lang='lat' dir='ltr'>Gn.</span> <span class='ocrx_word' id='word_1_241' title='bbox 1442 2330 1472 2364; x_wconf 93' lang='grc'>1.</span> <span class='ocrx_word' id='word_1_242' title='bbox 1486 2349 1532 2355; x_wconf 88' lang='grc'><strong>-</strong></span> 
     </span>
     <span class='ocr_line' id='line_1_31' title="bbox 138 2385 1530 2437; baseline -0.004 -12"><span class='ocrx_word' id='word_1_243' title='bbox 138 2391 312 2437; x_wconf 79' lang='lat' dir='ltr'>quando]</span> <span class='ocrx_word' id='word_1_244' title='bbox 336 2392 528 2435; x_wconf 78' lang='lat' dir='ltr'>quoniam</span> <span class='ocrx_word' id='word_1_245' title='bbox 542 2389 617 2423; x_wconf 90' lang='lat' dir='ltr'>vult</span> <span class='ocrx_word' id='word_1_246' title='bbox 632 2387 812 2428; x_wconf 75' lang='lat' dir='ltr'>Oremus3</span> <span class='ocrx_word' id='word_1_247' title='bbox 838 2387 902 2421; x_wconf 84' lang='lat' dir='ltr'>sed</span> <span class='ocrx_word' id='word_1_248' title='bbox 920 2387 1012 2421; x_wconf 84' lang='lat' dir='ltr'>idem</span> <span class='ocrx_word' id='word_1_249' title='bbox 1030 2385 1235 2433; x_wconf 84' lang='lat' dir='ltr'>significare</span> <span class='ocrx_word' id='word_1_250' title='bbox 1251 2398 1356 2431; x_wconf 86' lang='lat' dir='ltr'>posse</span> <span class='ocrx_word' id='word_1_251' title='bbox 1371 2386 1530 2431; x_wconf 79' lang='lat' dir='ltr'>quando</span> 
     </span>
     <span class='ocr_line' id='line_1_32' title="bbox 138 2442 1532 2483; baseline -0.006 -1"><span class='ocrx_word' id='word_1_252' title='bbox 138 2448 331 2483; x_wconf 72' lang='lat' dir='ltr'>secundnm</span> <span class='ocrx_word' id='word_1_253' title='bbox 360 2446 559 2481; x_wconf 75' lang='lat' dir='ltr'>Chai-isium</span> <span class='ocrx_word' id='word_1_254' title='bbox 593 2445 713 2479; x_wconf 86' lang='lat' dir='ltr'>docuit</span> <span class='ocrx_word' id='word_1_255' title='bbox 738 2442 899 2477; x_wconf 79' lang='lat' dir='ltr'>wolfius</span> <span class='ocrx_word' id='word_1_256' title='bbox 928 2444 972 2477; x_wconf 86' lang='lat' dir='ltr'>ad</span> <span class='ocrx_word' id='word_1_257' title='bbox 999 2443 1072 2479; x_wconf 85' lang='lat' dir='ltr'>Cic.</span> <span class='ocrx_word' id='word_1_258' title='bbox 1099 2443 1202 2477; x_wconf 83' lang='lat' dir='ltr'>Tusc.</span> <span class='ocrx_word' id='word_1_259' title='bbox 1230 2442 1289 2476; x_wconf 89' lang='lat' dir='ltr'>lv.</span> <span class='ocrx_word' id='word_1_260' title='bbox 1318 2442 1379 2483; x_wconf 81' lang='lat'>15,</span> <span class='ocrx_word' id='word_1_261' title='bbox 1404 2442 1459 2475; x_wconf 72' lang='lat'><strong>34.</strong></span> <span class='ocrx_word' id='word_1_262' title='bbox 1484 2459 1532 2468; x_wconf 86' lang='lat'>·—-</span> 
     </span>
     <span class='ocr_line' id='line_1_33' title="bbox 139 2497 1529 2548; baseline -0.006 -9"><span class='ocrx_word' id='word_1_263' title='bbox 139 2504 341 2546; x_wconf 70' lang='lat' dir='ltr'>maa-ame]</span> <span class='ocrx_word' id='word_1_264' title='bbox 377 2502 441 2548; x_wconf 80' lang='lat' dir='ltr'><strong>Lg.</strong></span> <span class='ocrx_word' id='word_1_265' title='bbox 478 2508 621 2547; x_wconf 83' lang='lat' dir='ltr'>praeter</span> <span class='ocrx_word' id='word_1_266' title='bbox 645 2501 700 2536; x_wconf 71' lang='lat'><strong>⁴20.</strong></span> <span class='ocrx_word' id='word_1_267' title='bbox 727 2501 781 2535; x_wconf 83' lang='lat'><strong>39.</strong></span> <span class='ocrx_word' id='word_1_268' title='bbox 807 2500 882 2542; x_wconf 59' lang='lat'>56„</span> <span class='ocrx_word' id='word_1_269' title='bbox 920 2500 957 2534; x_wconf 91' lang='lat' dir='ltr'>it.</span> <span class='ocrx_word' id='word_1_270' title='bbox 995 2497 1069 2534; x_wconf 84' lang='lat' dir='ltr'>Ott.</span> <span class='ocrx_word' id='word_1_271' title='bbox 1104 2498 1188 2534; x_wconf 83' lang='lat' dir='ltr'>Vat.</span> <span class='ocrx_word' id='word_1_272' title='bbox 1213 2517 1260 2525; x_wconf 88' lang='lat'>·—-</span> <span class='ocrx_word' id='word_1_273' title='bbox 1291 2497 1529 2545; x_wconf 81' lang='lat' dir='ltr'>persequar]</span> 
     </span>
     <span class='ocr_line' id='line_1_34' title="bbox 133 2553 1529 2607; baseline -0.005 -13"><span class='ocrx_word' id='word_1_274' title='bbox 133 2572 356 2607; x_wconf 75' lang='lat' dir='ltr'>prosequar</span> <span class='ocrx_word' id='word_1_275' title='bbox 391 2559 446 2593; x_wconf 85' lang='lat' dir='ltr'>ed.</span> <span class='ocrx_word' id='word_1_276' title='bbox 472 2570 525 2604; x_wconf 86' lang='lat' dir='ltr'>pr.</span> <span class='ocrx_word' id='word_1_277' title='bbox 549 2578 594 2583; x_wconf 86' lang='lat'>—-</span> <span class='ocrx_word' id='word_1_278' title='bbox 632 2556 702 2593; x_wconf 75' lang='lat' dir='ltr'>hos</span> <span class='ocrx_word' id='word_1_279' title='bbox 736 2558 854 2602; x_wconf 81' lang='lat' dir='ltr'>enim]</span> <span class='ocrx_word' id='word_1_280' title='bbox 888 2568 987 2602; x_wconf 85' lang='lat' dir='ltr'>quos</span> <span class='ocrx_word' id='word_1_281' title='bbox 1015 2555 1109 2591; x_wconf 86' lang='lat' dir='ltr'>Ven.</span> <span class='ocrx_word' id='word_1_282' title='bbox 1136 2557 1166 2591; x_wconf 91' lang='lat' dir='ltr'>l.</span> <span class='ocrx_word' id='word_1_283' title='bbox 1201 2555 1269 2601; x_wconf 78' lang='lat' dir='ltr'><strong>Lg.</strong></span> <span class='ocrx_word' id='word_1_284' title='bbox 1305 2559 1453 2600; x_wconf 86' lang='lat' dir='ltr'>praeter</span> <span class='ocrx_word' id='word_1_285' title='bbox 1474 2553 1529 2588; x_wconf 87' lang='lat'><strong>35.</strong></span> 
     </span>
     <span class='ocr_line' id='line_1_35' title="bbox 139 2615 611 2651; baseline -0.004 0"><span class='ocrx_word' id='word_1_286' title='bbox 139 2628 212 2651; x_wconf 86' lang='lat' dir='ltr'>sec.</span> <span class='ocrx_word' id='word_1_287' title='bbox 238 2627 282 2649; x_wconf 84' lang='lat' dir='ltr'>in.</span> <span class='ocrx_word' id='word_1_288' title='bbox 332 2618 436 2650; x_wconf 85' lang='lat' dir='ltr'>enim</span> <span class='ocrx_word' id='word_1_289' title='bbox 461 2627 530 2650; x_wconf 90' lang='lat' dir='ltr'>om.</span> <span class='ocrx_word' id='word_1_290' title='bbox 555 2615 611 2649; x_wconf 79' lang='lat'><strong>20.</strong></span> 
     </span>
    </p>
   </div>
   <div class='ocr_carea' id='block_1_6' title="bbox 230 2677 1530 2725">
    <p class='ocr_par' dir='ltr' id='par_1_7' title="bbox 230 2677 1530 2725">
     <span class='ocr_line' id='line_1_36' title="bbox 230 2677 1530 2725; baseline -0.003 -8"><span class='ocrx_word' id='word_1_291' title='bbox 230 2682 310 2718; x_wconf 76' lang='lat'><strong>202.</strong></span> <span class='ocrx_word' id='word_1_292' title='bbox 358 2682 517 2718; x_wconf 80' lang='lat' dir='ltr'>dicendi</span> <span class='ocrx_word' id='word_1_293' title='bbox 536 2680 882 2725; x_wconf 78' lang='lat' dir='ltr'>accommodabat]</span> <span class='ocrx_word' id='word_1_294' title='bbox 901 2680 973 2716; x_wconf 85' lang='lat' dir='ltr'>inv.</span> <span class='ocrx_word' id='word_1_295' title='bbox 993 2678 1058 2725; x_wconf 83' lang='lat' dir='ltr'><strong>Lg.</strong></span> <span class='ocrx_word' id='word_1_296' title='bbox 1075 2678 1132 2716; x_wconf 81' lang='lat'><strong>39.</strong></span> <span class='ocrx_word' id='word_1_297' title='bbox 1159 2677 1250 2716; x_wconf 84' lang='lat' dir='ltr'>Ven.</span> <span class='ocrx_word' id='word_1_298' title='bbox 1269 2679 1303 2715; x_wconf 92' lang='lat'><strong>1.</strong></span> <span class='ocrx_word' id='word_1_299' title='bbox 1319 2697 1367 2704; x_wconf 94' lang='lat'>—</span> <span class='ocrx_word' id='word_1_300' title='bbox 1391 2685 1530 2714; x_wconf 76' lang='lat' dir='ltr'>maxu-</span> 
     </span>
    </p>
   </div>
  </div>
 </body>
</html>
