1835 3126
501 107 757 152 BRUTUS
797 107 917 152 CAP.
948 109 1015 152 65.
1048 110 1115 153 66.
1377 109 1507 156 265

119 235 213 266 esse
241 224 469 264 venturum:
501 220 576 263 sed
605 220 664 263 ita
695 222 819 264 traxit
848 220 949 264 ordo
980 227 1160 264 aetatum
1184 221 1434 273 oratIonem,
1464 227 1506 264 ut

118 302 201 343 iam
233 298 286 341 ad
320 299 501 341 minores
532 299 657 340 etiam
685 301 955 356 pervenerim.
1015 299 1230 357 Interpone
1262 301 1406 355 igitur,
1442 301 1506 342 in-

120 379 221 433 quit,
253 377 290 419 si
320 390 422 432 quos
452 377 633 429 videtur,
665 378 813 421 deiude
844 379 1064 422 redeamus
1095 378 1148 421 ad
1177 385 1216 420 te
1248 385 1288 420 et
1319 379 1372 420 ad
1399 377 1506 421 Hor-

115 456 303 497 tensium.
371 453 497 498 Immo
532 469 652 506 vero,
697 458 882 512 inquam,
931 458 983 500 ad
1024 457 1309 504 Hortensium
1353 456 1402 498 de
1439 468 1505 498 me

116 533 190 575 alii
220 533 375 583 dicent,
406 535 442 576 si
473 536 542 590 qui
570 534 722 577 volent.
766 535 938 578 Minime
968 549 1089 585 vero,
1118 536 1268 590 inquit:
1299 547 1395 576 nam
1427 536 1506 576 etsi

116 625 180 654 me
212 612 337 654 facile
370 614 480 655 omni
509 619 578 655 tuo
610 627 799 657 sermone
830 615 1016 665 tenuisti,
1053 620 1192 657 tamen
1221 614 1257 655 is
1287 612 1387 654 mihi
1414 612 1506 655 lon-

115 691 210 744 gior
245 690 428 741 videtur,
471 691 579 746 quod
618 705 792 748 propero
824 692 967 734 audire
999 692 1048 734 de
1079 698 1141 742 te,
1186 704 1263 733 nec
1292 704 1392 733 vero
1421 697 1506 732 tam

118 767 167 809 de
202 768 419 811 virtutibus
457 769 620 811 dicendi
658 771 757 819 tuis,
797 783 902 825 quae
942 783 1032 811 cum
1064 769 1252 811 omnibus
1282 775 1365 810 tum
1390 775 1506 810 certe

115 845 215 887 mihi
248 848 501 888 notissumae
540 853 651 895 sunt,
690 859 813 900 quam
849 845 958 900 quod
993 846 1149 899 gradus
1189 852 1282 887 tuos
1316 851 1356 886 et
1386 845 1507 900 quasi

114 937 337 979 processus
367 922 528 965 dicendi
568 922 712 964 studeo
744 935 1013 976 cognoscere.
1072 923 1168 964 233.
1211 921 1406 971 Geretur,
1443 923 1507 964 in-

116 1014 259 1056 quam,
290 1000 364 1042 tibi
402 1013 512 1049 mos,
552 1001 746 1055 quoniam
784 1013 848 1042 me
880 1013 964 1042 non
1003 1002 1145 1055 ingeni
1175 999 1508 1056 praedicatorem

116 1090 212 1120 esse
239 1078 326 1127 vis,
359 1077 434 1120 sed
463 1077 624 1121 laboris
652 1079 746 1121 mei.
805 1076 956 1121 Verum
985 1079 1261 1135 interponam,
1289 1085 1330 1120 ut
1357 1078 1506 1134 placet,

116 1155 223 1199 alios
246 1163 285 1198 et
309 1169 334 1198 a
357 1154 415 1197 M.
442 1155 619 1208 Crasso,
651 1158 720 1213 qui
745 1157 819 1199 suit
841 1157 1030 1213 aequalis
1053 1156 1268 1207 Hortensi,
1300 1157 1506 1199 exordiar.

225 1232 373 1276 LXVI.
417 1232 457 1276 Is
497 1235 623 1289 igitur
666 1236 930 1279 mediocriter
974 1248 999 1278 a
1040 1235 1227 1278 doctrina
1271 1236 1507 1286 instructus,

117 1313 333 1366 angustius
369 1314 492 1355 etiam
529 1326 554 1356 a
593 1321 762 1365 natura,
806 1314 953 1357 labore
993 1320 1031 1356 et
1077 1314 1283 1356 industria
1323 1320 1362 1355 et
1398 1312 1507 1369 quod

117 1389 341 1432 adhibebat
379 1391 431 1433 ad
470 1391 716 1434 obtinendas
755 1406 907 1435 causas
939 1406 1080 1435 curam
1110 1394 1234 1434 etiam
1261 1398 1300 1434 et
1329 1393 1509 1446 gratiam

116 1470 158 1510 in
187 1468 440 1525 principibus
470 1469 625 1525 aliquot
653 1483 783 1513 annos
810 1470 896 1513 suit.
940 1472 984 1512 in
1013 1470 1133 1512 huius
1157 1471 1343 1512 oratione
1370 1483 1507 1512 sermo

114 1544 290 1588 Latinus
321 1554 410 1589 erat
438 1548 567 1590 verba
596 1562 679 1591 non
709 1548 873 1591 abiecta
902 1562 970 1591 res
995 1550 1246 1605 compositae
1274 1548 1508 1603 diligenter,

116 1624 254 1666 nullus
286 1624 362 1667 flos
388 1632 526 1668 tamen
548 1640 681 1683 neque
704 1627 842 1669 lumen
864 1627 1015 1669 ullum:
1046 1628 1172 1669 animi
1196 1639 1364 1680 magna,
1389 1627 1508 1668 vocis

115 1716 246 1759 parva
277 1706 505 1755 contentio,
542 1707 681 1748 omnia
710 1706 797 1747 fere
831 1711 874 1746 ut
907 1704 1097 1747 similiter
1127 1710 1248 1759 atque
1276 1717 1357 1745 uno
1384 1703 1507 1745 modo

117 1781 362 1825 dicerentur.
421 1781 526 1824 Nam
561 1782 682 1825 huius
723 1782 913 1838 aequalis
952 1789 992 1825 et
1027 1783 1218 1824 inimicus
1249 1780 1294 1823 G.
1325 1779 1510 1824 Fimbria

117 1872 201 1902 non
244 1862 303 1903 ita
339 1861 409 1903 diu
451 1861 610 1903 iactare
649 1874 695 1905 se
732 1862 881 1918 potuit:
931 1862 1000 1918 qui
1039 1861 1179 1903 omnia
1217 1872 1370 1915 magna
1402 1872 1508 1903 voce

198 2004 260 2031 232.
296 2012 384 2039 quam
402 2005 496 2040 quod]
516 2013 602 2040 quam
622 2004 743 2041 [quod].

111 2119 338 2163 perveneris
374 2116 467 2152 Ven.
504 2117 533 2151 l.
576 2116 641 2162 Lg.
671 2116 704 2151 8.
738 2116 784 2151 20
807 2127 900 2152 corr.
935 2115 989 2150 39.
1025 2116 1077 2150 51.
1120 2118 1346 2163 pervenerit
1378 2117 1432 2152 56.
1462 2135 1510 2146 ...-

117 2174 252 2216 z'mmo]
279 2175 358 2206 imo
386 2173 452 2218 Lg.
478 2172 533 2206 39.
559 2172 613 2206 53.
652 2172 708 2206 ed.
734 2184 786 2218 pr.
810 2191 856 2199 »-
894 2173 1039 2216 [licent]
1067 2172 1200 2206 dicant
1224 2173 1311 2221 Ern.
1339 2185 1438 2219 susp.
1465 2192 1507 2198 —-

118 2229 166 2263 de
193 2231 244 2272 te]
272 2241 340 2263 om.
367 2228 433 2262 Gu.
463 2228 492 2263 l.
514 2247 560 2254 ·—
598 2240 718 2273 quam
745 2228 863 2274 quod]
890 2228 975 2263 Ern.
1003 2229 1154 2264 tollebat
1179 2229 1306 2274 quod5
1334 2229 1398 2264 sed
1425 2230 1510 2265 leve

118 2285 359 2320 anacoluthon
385 2284 490 2318 facile
518 2284 642 2320 fertur.
666 2304 712 2310 —-
1302 2300 1308 2306 ·

210 2352 287 2386 2:33.
337 2352 483 2397 inqem]
509 2352 560 2386 sic
588 2352 652 2398 Lg.
676 2351 707 2386 8.
730 2351 784 2387 35.
810 2351 865 2386 51.
892 2352 947 2386 70.
987 2352 1080 2387 Ven.
1107 2352 1137 2389 l.
1173 2352 1241 2387 Gu.
1270 2351 1298 2386 l.
1323 2372 1368 2377 —-
1406 2351 1510 2387 Hor-

120 2410 235 2453 tensz']
262 2410 313 2442 sic
338 2409 404 2454 Lg.
433 2414 578 2453 praeter
601 2409 656 2443 20.
684 2407 762 2451 56.,
792 2409 875 2442 item
901 2408 993 2443 Ven.
1016 2409 1045 2442 l.
1074 2409 1158 2444 Vat.

209 2475 338 2511 LXVI.
389 2477 618 2520 instructus]
649 2478 855 2510 institutus
888 2475 953 2521 Lg.
979 2477 1034 2511 56.
1057 2496 1103 2502 —-
1141 2478 1345 2523 angustius
1370 2476 1507 2518 etiam]

120 2537 157 2566 et
182 2543 270 2577 anq.
298 2535 421 2566 eliam
446 2532 512 2567 Gu.
537 2532 565 2567 l.
583 2552 630 2559 κ-
654 2535 760 2567 vocis
779 2544 911 2580 parva
936 2535 1145 2577 contentio]
1170 2535 1275 2567 vocis
1299 2536 1362 2577 qte
1384 2531 1509 2575 firmi-

121 2589 214 2623 tudo
246 2600 372 2635 parva
407 2592 600 2624 contentio
635 2589 703 2624 Gu.
733 2589 782 2632 l.,
820 2589 914 2625 unde
949 2589 1034 2626 Sch.
1067 2590 1161 2627 coni.
1200 2591 1329 2626 animi
1360 2599 1510 2635 maana

116 2645 347 2689 firmitudo,
376 2649 484 2683 vocis
504 2657 630 2693 parva
654 2648 862 2684 contentio.
