1835 3126
588 179 844 225 BRUTUS
885 182 1003 226 CAP.
1033 184 1072 228 8.
1408 186 1525 233 165

137 306 204 335 res
248 291 492 334 Alcibiades
532 292 687 335 Critias
730 293 1034 337 Theramenes:
1082 295 1229 351 quibus
1258 296 1525 353 temporibus

136 369 243 425 quod
287 369 451 412 dicendi
487 383 619 425 genus
659 373 837 427 viguerit
873 386 924 415 ex
960 372 1193 428 Thucydidi
1231 376 1414 430 scriptis,
1456 378 1525 432 qui

134 449 221 503 ipse
264 454 346 489 tum
382 448 474 499 suit,
521 449 708 505 intellegi
744 464 930 494 maxume
968 458 1113 508 potest.
1180 450 1369 494 Grandes
1407 460 1526 496 erant

132 524 290 576 verbis,
335 527 469 569 crebri
511 530 745 579 sententiis,
786 532 1094 586 compressione
1132 543 1268 572 rerum
1303 530 1453 574 breves
1484 538 1525 574 et

131 603 182 646 ob
215 618 307 646 eam
338 607 468 661 ipsam
500 620 670 649 causam
701 608 902 650 interdum
933 608 1192 651 subobscuri.

243 681 348 724 Vlll.
389 684 456 725 30.
495 683 579 727 Sed
620 692 660 727 ut
690 686 940 729 intellectum
971 693 1034 729 est
1059 694 1253 742 quantam
1281 688 1364 729 vim
1392 687 1523 730 habe-

131 767 192 801 ret
237 768 434 804 accurata
471 769 510 804 et
549 763 661 805 sacta
698 765 875 819 quodam
914 764 1036 806 modo
1074 765 1229 813 oratio,
1272 771 1356 806 tum
1396 767 1522 808 etiam

132 839 320 892 magistri
353 840 516 881 dicendi
546 840 660 882 multi
690 840 824 882 subito
848 841 1100 882 exstiterunt.
1161 839 1268 881 Tum
1292 839 1523 885 Leontinus

132 914 334 971 Gorgias,
366 915 704 970 Thrasymachus
737 915 1062 966 Calchedonius,
1092 916 1347 971 Protagoras
1378 918 1521 961 Abde-

129 995 248 1043 rites,
292 993 493 1035 Prodicus
532 992 658 1045 Ceus,
700 992 872 1050 Hippias
914 992 1041 1036 Eleus
1086 995 1129 1036 in
1171 993 1329 1038 honore
1367 1009 1520 1051 magno

127 1070 227 1121 fuit3
283 1070 438 1126 aliique
484 1071 599 1113 multi
640 1072 892 1128 temporibus
937 1072 1095 1114 eisdem
1140 1072 1290 1115 docere
1336 1087 1381 1116 se
1425 1088 1521 1131 pro-

128 1147 368 1199 fitebantur,
414 1150 706 1205 arrogantibus
753 1164 854 1193 sane
895 1150 1059 1201 verbis,
1104 1165 1224 1207 quem
1265 1152 1318 1194 ad
1357 1152 1520 1195 modum

129 1238 262 1270 causa
298 1228 471 1271 inferior
502 1230 580 1281 (ita
611 1230 719 1271 enim
748 1229 1040 1285 loquebantur)
1073 1229 1248 1272 dicendo
1278 1229 1366 1272 fieri
1399 1243 1520 1286 supe-

126 1306 214 1348 rior
246 1313 402 1362 posset.
466 1307 534 1348 31.
573 1306 648 1349 His
687 1309 876 1364 opposuit
913 1321 1008 1350 sese
1044 1303 1271 1358 Soerates‚
1313 1309 1383 1364 qui
1421 1308 1519 1350 sub-

125 1383 271 1426 tilitate
316 1386 494 1440 quadam
525 1386 760 1442 disputandi
791 1386 984 1429 refellere
1019 1400 1161 1429 eorum
1190 1388 1377 1428 instituta
1406 1387 1519 1429 sole-

128 1462 198 1504 bat
237 1462 421 1514 [verbis].
480 1463 611 1505 Huius
642 1477 692 1506 ex
722 1464 953 1506 uberrumis
986 1464 1246 1507 sermonibus
1278 1467 1518 1507 exstiterunt

126 1541 367 1583 doctissumi
402 1542 498 1583 viri:
538 1543 790 1599 primumque
821 1549 904 1585 tum
932 1542 1216 1600 philosophia,
1246 1556 1331 1586 non
1359 1542 1436 1585 illa
1466 1542 1516 1585 de

210 1709 252 1734 31.
290 1709 353 1743 liis]
375 1710 420 1735 iis.
440 1724 474 1728 —
502 1709 615 1743 verbis]
637 1712 701 1736 sine
723 1711 815 1736 uncis.
835 1724 869 1729 -
897 1709 1041 1744 digressi]
1061 1709 1208 1742 degressi.

128 1810 431 1853 Calchedonius]
456 1811 507 1844 sic
536 1809 602 1855 Lg.
628 1810 660 1845 8.
686 1810 741 1844 35.
769 1810 823 1845 39.
845 1810 900 1845 51.
925 1810 980 1844 53.
1003 1810 1058 1844 58.
1094 1809 1187 1843 Ven.
1213 1809 1242 1842 l.
1271 1806 1397 1843 ottob.
1423 1807 1517 1841 Rell.

128 1866 306 1901 Chaleecl.
333 1871 393 1899 aut
423 1865 597 1907 Caleed„
630 1867 736 1900 etiam
765 1865 996 1907 Chalc-hed,
1027 1872 1065 1900 ut
1089 1865 1153 1911 Lg.
1180 1865 1234 1899 70.
1270 1865 1352 1899 Vat.
1401 1864 1518 1898 Recta

121 1923 301 1967 scriptura
325 1924 432 1956 etiam
456 1924 491 1957 in
518 1923 627 1957 titulis
657 1929 824 1966 servata,
848 1935 883 1957 v.
912 1929 935 1958 t.
962 1923 987 1957 Ι.
1013 1934 1047 1968 p.
1072 1922 1145 1956 148.
1172 1933 1206 1956 n.
1231 1921 1309 1955 545.
1335 1918 1452 1956 Orell.
1470 1939 1517 1945 —-—

122 1978 342 2022 Abderites]
367 1979 558 2014 Abderita
581 1978 646 2024 Lg.
670 1979 725 2014 53.
745 1979 798 2013 70.
832 1978 929 2022 Ott.‚
954 1991 1000 2013 ex
1020 1978 1233 2013 Abderitas
1258 1983 1392 2019 ortum,
1420 1975 1519 2021 quod

121 2037 158 2070 in
183 2036 394 2080 quibusdam
418 2036 519 2070 libris
544 2041 608 2070 est.
626 2056 671 2060 —
699 2035 810 2080 Ceus]
839 2035 955 2070 Chius
980 2036 1038 2070 ed.
1057 2047 1111 2081 pr.
1135 2034 1201 2080 Lg.
1221 2034 1275 2068 20.
1293 2033 1348 2067 35.
1368 2032 1413 2068 39
1438 2043 1518 2066 cum

121 2104 199 2127 var.
226 2094 350 2133 seius,
378 2092 432 2126 53.
458 2093 512 2127 56.
539 2092 592 2127 68.
618 2092 672 2126 70.
710 2092 800 2127 Ven.
821 2092 854 2126 2.
897 2092 1093 2139 prodigus
1119 2093 1246 2126 ceeius
1269 2088 1338 2123 Gu.
1362 2089 1392 2123 1.
1424 2088 1515 2122 Rell.

129 2148 268 2187 Ceius5
303 2148 346 2182 cf.
381 2148 621 2194 Epicureius
655 2159 683 2181 c.
716 2148 781 2189 35,
816 2147 998 2194 131.v132.
1047 2147 1187 2180 Eadem
1220 2144 1428 2188 corruptela
1462 2148 1518 2176 est

124 2203 170 2238 N.
191 2203 238 2238 D.
265 2203 291 2237 Ι.
311 2204 374 2246 42,
396 2204 471 2238 118.
489 2224 534 2228 ——
561 2201 695 2246 Eleus]
724 2202 837 2236 Elius
862 2203 953 2236 Ven.
972 2202 1004 2236 2.
1054 2202 1187 2236 Eleius
1211 2199 1277 2246 Lg.
1303 2205 1451 2244 praeter
1472 2197 1517 2232 35

125 2260 171 2304 (is
190 2260 333 2305 eplius)
362 2265 397 2293 et
413 2259 487 2300 56„
512 2260 572 2302 qui
597 2257 746 2292 Theius.
795 2258 852 2292 Ea
877 2258 993 2292 forma
1018 2269 1063 2292 ex
1088 2269 1108 2290 e
1133 2263 1168 2291 et
1193 2259 1209 2291 i
1230 2256 1409 2300 scriptura
1433 2265 1516 2289 con-

125 2316 225 2356 susa3
264 2326 331 2349 nec
362 2315 475 2349 minus
499 2314 594 2349 bene
618 2315 838 2349 scriberetur
867 2313 958 2348 Cius
981 2319 1017 2348 et
1041 2313 1166 2348 Elius.
1191 2331 1238 2340 »-
1279 2311 1417 2355 causa]
1447 2321 1517 2345 om.

125 2372 192 2407 Ευ-
216 2371 271 2462 gl.
321 2426 411 2469 His]
429 2427 481 2460 sic
500 2437 566 2471 pro
585 2426 679 2472 vulg.
695 2428 746 2460 iis
757 2425 823 2472 Lg.
839 2432 983 2471 praeter
997 2425 1069 2467 35„
1088 2425 1171 2459 item
1187 2424 1276 2459 Ven.
1292 2423 1322 2458 l.
1346 2422 1413 2457 Gu.
1432 2421 1514 2456 l.—

125 2483 357 2526 subtilitate]
378 2482 619 2517 sublimitate
632 2481 698 2528 Lg.
712 2482 768 2517 20.
784 2503 829 2507 —-
852 2482 1034 2528 refellere
1047 2480 1212 2524 solebat]
1237 2480 1373 2514 addunt
1385 2476 1515 2513 verbis

124 2540 205 2574 libri
230 2551 374 2581 omnes,
413 2550 480 2573 nec
512 2539 561 2573 ibi
593 2550 670 2573 cum
695 2536 835 2573 Orellio
864 2538 1068 2584 putaverim
1091 2537 1210 2571 latere
1233 2535 1513 2574 urbanissime,

122 2596 190 2630 sed
223 2607 268 2629 ex
297 2595 463 2640 sequenti
494 2593 614 2630 haias
639 2595 734 2630 male
760 2595 853 2629 lecto
881 2601 998 2630 ortum
1030 2593 1216 2634 existim03
1250 2591 1357 2626 simili
1385 2600 1514 2625 errore

125 2651 206 2686 edd.
241 2651 420 2697 quaedam
452 2651 620 2696 antiquae
653 2653 715 2686 vir
744 2653 800 2692 is,
831 2650 963 2686 deinde
987 2652 1096 2686 cuius
1127 2660 1195 2695 pro
1220 2647 1346 2685 huius.
1397 2645 1514 2681 Uncis

124 2707 247 2743 clausi.
272 2728 316 2734 --
351 2707 587 2753 uberrumis]
613 2708 685 2750 sic,
711 2712 747 2744 et
770 2718 854 2744 mox
879 2707 1137 2749 doctissami,
1161 2705 1228 2752 Lg.
1244 2703 1278 2741 8.
1305 2703 1398 2738 Ven.
1421 2701 1452 2740 l.
1467 2719 1513 2728 ·—
