1835 3126
369 213 566 257 BREVIS
596 211 992 265 ELOQUENTIAE
1024 211 1159 256 ROM.
1190 211 1334 255 HIST.
1512 216 1544 259 ἶ

152 328 255 382 apud
283 333 488 381 praetores
520 333 556 368 et
584 327 732 367 iudices
746 327 1076 379 Areopagitarum
1100 327 1172 366 illa
1194 328 1401 368 severitate
1424 338 1542 379 prae-

151 397 250 435 ditos
281 396 500 447 agebantur
519 393 612 446 (¹¹);
644 399 681 434 et
710 406 853 433 causae
878 394 1060 446 publicae
1089 394 1224 446 populi
1250 395 1421 434 tributim
1451 405 1541 434 cen-

149 464 368 503 turiatimve
412 463 615 502 convocati
668 460 867 512 suffragiis
910 461 1105 500 iudicatae
1154 462 1194 500 in
1238 461 1460 501 criminibus
1505 466 1544 501 et

149 531 377 570 testimoniis
415 535 521 569 totae
560 529 832 570 versabantur.
901 528 944 567 In
982 527 1129 580 populo
1176 533 1303 568 autem
1342 527 1541 568 exorando

149 598 276 637 noxiis
316 609 393 637 non
433 609 527 636 sane
565 596 723 636 multum
753 596 837 647 spei
877 600 978 643 erat,
1018 606 1102 634 cum
1137 607 1263 647 neque
1292 600 1420 635 essent
1458 595 1543 635 elo-

150 664 293 717 quendi
311 665 508 704 lenocinia
536 675 606 703 nec
630 663 805 715 pecuniis
828 661 1045 713 largiendis
1077 667 1113 701 et
1135 663 1279 701 ambitu
1302 663 1541 710 iuvarentur,

150 736 187 770 et
216 732 433 771 hominibus
471 731 550 770 illis
589 730 702 782 pravi
732 730 850 769 moris
881 741 966 768 esse
995 728 1193 769 videretur
1233 729 1542 768 misericordiam

150 799 225 838 sibi
267 799 449 850 precibus
499 803 536 837 et
578 797 669 836 fletu
720 796 956 846 extorqueri.
1025 795 1133 834 Duas
1179 807 1318 834 causas
1362 793 1542 846 publicas

148 866 340 911 illustres,
380 869 583 913 utramque
612 861 708 900 belli
738 860 988 900 Hannibalici
1015 865 1191 912 tempore
1221 865 1364 908 actam,
1406 860 1542 900 Livius

149 935 439 977 commemorat,
472 939 573 980 quae
594 939 737 967 causae
759 932 879 966 totam
905 927 1101 966 arrexisse
1125 927 1319 967 civitatem
1341 926 1542 967 videntur:

148 1009 226 1049 qua
254 1008 315 1045 re,
355 997 388 1035 si
417 1001 506 1034 tunc
536 994 784 1046 eloquentiae
815 993 977 1045 aliquod
1012 1006 1146 1033 munus
1177 994 1332 1042 fuisset,
1371 1005 1449 1033 non
1477 998 1541 1033 ta-

145 1064 298 1103 cuisset.
354 1063 501 1103 Harum
530 1061 658 1101 altera
687 1061 743 1101 M.
773 1061 962 1101 Postumii
989 1061 1191 1113 publicani
1217 1066 1274 1101 est
1290 1058 1383 1112 (¹²),
1415 1061 1544 1100 altera

147 1131 214 1171 Cn.
253 1130 383 1171 Fulvii
420 1130 558 1170 Flacci
598 1129 795 1181 praetoris
826 1125 911 1179 (¹3).
979 1128 1128 1168 Neutra
1173 1129 1222 1168 ab
1268 1126 1541 1180 eloquentibus

144 1203 333 1246 tractata,
365 1197 431 1249 qui
459 1196 558 1236 nulli
580 1201 669 1235 tunc
697 1196 738 1234 in
763 1195 916 1235 iudiciis
941 1196 1219 1236 versabantur:
1249 1196 1289 1234 in
1319 1195 1392 1234 illa
1410 1194 1541 1247 publi-

146 1266 233 1304 cani
261 1276 333 1317 pro
365 1264 472 1304 socio
502 1264 578 1303 vim
608 1263 893 1303 intentaverant
929 1274 1064 1303 severo
1103 1268 1259 1301 senatus
1291 1262 1468 1302 consulto
1504 1265 1542 1301 et

146 1332 332 1383 graviore
371 1331 523 1370 actione
557 1330 811 1382 prohibitam3
850 1330 890 1369 in
927 1331 1001 1369 hac
1032 1329 1078 1379 Q.
1108 1329 1238 1369 Fulvii
1277 1334 1416 1381 quater
1446 1340 1541 1369 con-

147 1399 263 1447 sulis,
305 1399 370 1451 qui
398 1398 458 1437 rei
487 1397 611 1436 frater
642 1401 746 1445 erat,
785 1409 923 1449 preces
952 1397 1147 1437 valiturae
1176 1396 1428 1445 videbantur,
1464 1396 1542 1435 nisi

147 1470 304 1504 senatus
342 1477 363 1504 e
393 1476 437 1504 re
465 1464 625 1516 publica
655 1474 741 1502 esse
770 1476 919 1515 negans
950 1464 997 1513 Q.
1028 1464 1208 1503 Fulvium
1244 1465 1294 1502 ab
1326 1462 1541 1503 obsidenda

149 1532 287 1584 Capua
326 1530 526 1570 discedere
559 1530 809 1581 pervicisset‚
852 1535 891 1569 ut
927 1541 1019 1571 reus
1058 1529 1322 1569 damnaretur.
1381 1529 1540 1570 Rectius

144 1599 322 1651 profecto
361 1598 433 1637 illa
464 1601 571 1636 aetas
609 1596 827 1645 iudicabat,
869 1609 984 1649 quam
1014 1596 1237 1645 Ciceronis,
1277 1597 1338 1636 cui
1375 1595 1541 1636 mendax

146 1666 334 1706 orationis
365 1669 524 1704 ornatus
556 1669 592 1703 et
621 1663 889 1703 miserationes
924 1676 996 1716 pro
1031 1663 1311 1714 indignissimis
1341 1663 1541 1702 adhibitae

147 1733 244 1773 adeo
266 1733 491 1785 placebant,
523 1735 563 1769 ut
591 1729 751 1782 publica
776 1729 923 1768 utilitas
955 1730 1117 1782 privatis
1144 1730 1280 1769 studiis
1309 1729 1540 1781 plerumque

144 1801 455 1853 posthaberetur.
522 1797 706 1847 Regnare
750 1796 790 1835 in
830 1797 1003 1845 iudiciis,
1048 1797 1345 1837 nocentissimos
1386 1796 1541 1848 eripere

144 1866 312 1907 invidiae
332 1865 533 1918 populari,
562 1864 623 1903 ius
655 1868 692 1903 et
719 1863 902 1903 iniuriam
932 1864 1012 1904 oris
1042 1869 1344 1916 temperamento
1374 1864 1539 1902 miscere

145 1933 359 1974 ambitiosis
396 1932 539 1972 seculis
577 1942 759 1982 magnum
798 1936 835 1970 et
864 1931 1003 1982 regale
1037 1931 1162 1971 visum
1195 1936 1273 1980 est,
1311 1929 1379 1970 sed
1407 1931 1538 1970 incor-

144 2007 257 2054 rupto
298 2000 492 2040 hominum
525 2004 698 2039 veterum
741 1997 885 2038 iudicio
924 1998 1133 2051 displicuit.
1169 2021 1226 2026 m
1272 1998 1433 2038 Generis
1472 1997 1539 2034 de-

142 2070 400 2113 monstrativi,
432 2066 536 2119 quod
564 2066 719 2106 tertium
744 2065 991 2117 eloquentiae
1013 2071 1161 2118 ponunt
1191 2066 1287 2105 artis
1313 2066 1538 2117 scriptores,

141 2135 388 2176 laudationes
417 2134 601 2173 funebres
632 2137 738 2181 sunt,
777 2133 938 2185 quibus,
970 2145 1056 2173 cum
1087 2133 1380 2185 antiquissimae
1411 2135 1540 2171 essent

142 2204 182 2242 in
212 2215 256 2242 re
286 2202 445 2254 publica
473 2202 652 2241 Romana
669 2197 762 2250 (Η),
792 2200 889 2238 nihil
917 2205 1045 2238 tamen
1076 2200 1125 2238 ab
1157 2199 1382 2250 eloquentia
1411 2197 1538 2247 magis

144 2271 313 2309 alienum
349 2268 496 2307 iudicat
535 2268 672 2307 Cicero
699 2263 780 2317 (¹5).
838 2266 964 2304 Aliter
1000 2277 1070 2303 nos
1109 2265 1318 2304 iudicaturi
1352 2263 1538 2311 videmur,

145 2338 178 2376 si
203 2335 390 2376 eiusmodi
412 2334 659 2373 laudationes
689 2344 788 2372 nunc
818 2333 933 2371 etiam
956 2332 1091 2383 legere
1116 2332 1266 2372 liceret.
1313 2331 1408 2372 Cum
1436 2330 1536 2370 enim

145 2405 267 2444 minus
294 2402 344 2442 ad
367 2414 430 2442 res
450 2401 716 2441 defunctorum
741 2405 872 2452 gestas
900 2399 1162 2448 extollendas,
1194 2411 1309 2452 quam
1329 2398 1379 2438 ad
1405 2409 1537 2438 aemu-

241 2579 296 2622 ll)
330 2578 429 2613 Nihil
463 2578 507 2612 de
537 2578 722 2612 contrario
757 2578 928 2623 probavit
952 2576 1209 2611 hVestermann
1239 2576 1328 2610 Hist.
1356 2575 1462 2619 Eloq.
1490 2573 1532 2608 R.

146 2649 181 2681 p.
197 2635 252 2669 ⁶28.
372 2634 428 2679 12)
451 2634 533 2670 Liv.
552 2634 671 2669 XXV.
698 2635 729 2670 3.
848 2634 905 2676 13)
931 2633 1010 2668 Liv.
1029 2632 1161 2669 XXVI.
1187 2633 1219 2667 2.
1340 2632 1396 2674 14)
1423 2631 1533 2665 Dion.

147 2692 228 2726 Hal.
246 2692 290 2726 V.
320 2691 372 2726 17.
414 2690 509 2728 Plut.
526 2691 636 2738 Popl.
661 2691 694 2727 9.
737 2691 810 2727 Cic.
830 2690 931 2726 Brut.
954 2689 1013 2732 16,
1037 2689 1091 2725 61.
1214 2689 1270 2734 15)
1296 2689 1371 2726 Cic.
1396 2687 1443 2722 de
1468 2684 1533 2723 Or.

148 2748 191 2783 11.
217 2748 281 2784 84.
309 2747 386 2784 341.
