1835 3126
500 133 758 179 BRUTUS
797 134 916 178 CAP.
948 136 1014 179 78.
1046 137 1113 180 79.
1387 139 1513 186 282

232 244 429 290 LXXIX.
471 247 569 290 273.
606 245 695 290 Nec
732 260 832 290 vero
863 245 922 289 M.
953 246 1141 290 Caelium
1169 250 1512 305 praetereundum

119 326 320 375 arbitror,
356 338 624 381 quaecunque
661 326 752 367 cius
790 327 833 367 in
869 327 979 368 exitu
1007 326 1074 370 vel
1104 327 1270 369 fortuna
1297 328 1365 369 vel
1395 341 1512 371 mens

119 404 212 446 fuit:
249 404 318 459 qui
348 415 470 459 quam
502 403 571 445 diu
602 405 834 446 auctoritati
864 417 982 446 meae
1016 406 1169 461 paruit,
1198 405 1296 447 talis
1322 405 1511 449 tribunus

116 481 250 538 plebis
282 481 377 531 fuit,
411 488 453 524 ut
482 495 602 525 nemo
637 489 782 525 contra
808 484 957 525 civium
985 483 1236 538 perditorum
1269 483 1511 540 popularem

114 559 468 616 turbulentamque
503 561 749 603 dementiam
787 573 814 602 a
853 567 998 603 senatu
1029 567 1069 603 et
1100 574 1126 603 a
1152 561 1353 604 bonorum
1379 574 1513 604 causa

116 640 275 680 steterit
304 642 582 690 constantius,
613 652 735 695 quam
765 640 855 682 eius
882 642 1087 682 actionem
1112 640 1279 682 multum
1303 647 1440 682 tamen
1470 647 1513 683 et

116 716 336 773 splendida
375 724 414 759 et
452 717 624 772 grandis
661 725 701 760 et
739 717 885 760 eadem
931 719 1118 774 inprimis
1156 718 1296 760 faceta
1335 725 1374 761 et
1414 731 1510 774 per-

117 794 282 837 urbana
322 795 637 838 commendabat
667 797 813 838 oratio.
874 794 1034 837 Graves
1064 798 1154 837 eius
1185 798 1400 838 contiones
1431 796 1512 837 ali-

116 879 214 928 quot
251 873 436 925 fuerunt3
475 886 596 915 acres
638 873 930 915 accusationes
969 878 1053 914 tres
1093 884 1252 927 eaeque
1283 885 1426 915 omnes
1460 885 1514 915 ex

115 952 178 993 rei
206 951 398 1007 publicae
429 950 690 992 contentione
721 956 962 1005 susceptae,
1001 949 1287 1000 defensiones,
1325 951 1405 992 etsi
1433 949 1513 992 illa.

114 1034 234 1070 erant
262 1030 306 1069 in
332 1040 383 1069 eo
413 1027 608 1079 meliora,
636 1040 743 1083 quae
774 1027 881 1078 dixi,
911 1041 995 1070 non
1018 1027 1342 1083 contemnendae
1373 1034 1514 1070 tamen

114 1119 297 1161 saneque
324 1105 582 1148 tolerabiles.
641 1104 738 1156 Hic,
769 1120 860 1148 cum
886 1120 1046 1148 summa
1069 1105 1279 1149 voluntate
1308 1106 1514 1150 bonorum

114 1184 266 1227 aedilis
305 1184 460 1226 curulis
500 1184 635 1226 factus
675 1191 808 1235 esset,
851 1187 996 1227 nescio
1035 1198 1115 1240 quo
1155 1185 1278 1226 modo
1320 1184 1516 1226 discessu

114 1276 207 1305 meo
245 1262 441 1304 discessit
483 1274 509 1304 a
539 1275 634 1304 sese
663 1263 914 1319 ceciditque,
949 1269 1221 1319 posteaquam
1253 1275 1328 1305 eos
1357 1262 1514 1304 imitari

115 1341 269 1396 coepit,
307 1353 411 1396 quos
450 1341 540 1396 ipse
578 1347 846 1397 perverterat.
904 1340 1000 1384 274.
1036 1339 1124 1383 Sed
1166 1341 1217 1383 de
1251 1339 1311 1382 M.
1345 1338 1514 1382 Calidio

114 1419 301 1462 dicamus
328 1418 509 1474 aliquid,
542 1419 611 1474 qui
639 1432 722 1461 non
748 1419 823 1461 fuit
847 1426 988 1461 orator
1013 1432 1117 1461 unus
1142 1432 1164 1461 e
1189 1418 1348 1470 multis,
1374 1419 1513 1474 potius

113 1498 220 1539 inter
248 1496 398 1539 multos
427 1509 554 1552 prope
587 1497 814 1552 singularis
843 1497 938 1539 fuit:
966 1499 1025 1539 ita
1054 1497 1294 1539 reconditas
1325 1497 1510 1552 exquisi-

112 1581 260 1631 tasque
317 1576 545 1617 sententias
588 1574 728 1617 mollis
773 1581 813 1617 et
856 1574 1089 1631 pellucens'
1112 1575 1320 1618 vestiebat
1363 1576 1517 1618 oratio.

115 1653 219 1696 nihil
253 1660 338 1695 tam
374 1659 578 1704 tenerum,
621 1666 743 1709 quam
781 1653 896 1695 illius
934 1652 1247 1709 comprehensio
1278 1652 1512 1704 verborum,

114 1731 218 1775 nihil
246 1737 332 1773 tam
360 1730 562 1781 flexibile,
591 1730 695 1772 nihil
720 1731 829 1786 quod
857 1732 993 1785 magis
1023 1732 1154 1786 ipsius
1183 1729 1355 1772 arbitrio
1382 1730 1518 1785 finge-

113 1817 248 1860 retur,
292 1815 335 1852 ut
367 1808 521 1851 nullius
552 1809 729 1851 oratoris
761 1821 893 1864 aeque
923 1809 969 1850 in
994 1815 1198 1865 potestate
1222 1808 1367 1851 suerit:
1405 1821 1514 1865 quae

113 1890 286 1945 primum
319 1888 379 1929 ita
406 1899 511 1942 pura
551 1892 659 1937 erat,
700 1893 742 1929 ut
770 1886 875 1929 nihil
904 1886 1123 1943 liquidius,
1160 1889 1219 1930 ita
1247 1887 1380 1930 libere
1410 1886 1517 1930 flue-

115 1966 208 2017 bat,
240 1972 283 2008 ut
313 1977 516 2021 nusquam
547 1964 888 2016 adhaeresceret3
916 1965 1074 2007 nullum
1102 1966 1184 2008 nisi
1209 1965 1305 2008 loco
1334 1968 1514 2023 positum

117 2052 157 2088 et
198 2051 395 2100 tanquam
438 2045 484 2086 in
521 2045 793 2087 vermiculato
834 2044 1089 2092 emblemate,
1131 2050 1174 2086 ut
1217 2046 1274 2086 ait
1311 2042 1514 2096 Lucilius,

114 2204 174 2234 aut
198 2197 368 2253 Cglium,·
389 2196 508 2231 nullus
530 2207 690 2231 meorum
713 2209 768 2234 oe.
819 2198 871 2234 Cf.
893 2198 933 2234 C.
953 2199 1011 2234 Cr.
1036 2198 1072 2233 in
1092 2199 1137 2234 de
1157 2197 1223 2235 Or.
1241 2198 1267 2235 1.
1288 2199 1354 2243 25,
1376 2200 1452 2236 117.
1466 2219 1512 2227 -
1546 2216 1548 2218 ’

116 2259 198 2292 eius
231 2255 287 2298 in]
322 2257 364 2290 in
387 2256 470 2288 eius
502 2252 586 2288 Par.
612 2253 660 2288 D.
701 2254 769 2289 Gu.
797 2255 825 2290 l.
850 2273 897 2281 »-
930 2254 1112 2300 fortuna]
1134 2255 1273 2301 forma
1300 2256 1358 2292 ed.
1383 2268 1436 2302 pr.
1464 2275 1512 2283 -—

109 2310 380 2360 perditorum]
410 2310 667 2356 proditorum
699 2311 768 2346 Gu.
794 2313 824 2348 l.
849 2329 895 2339 ν-
931 2324 1055 2357 quam
1079 2314 1181 2357 eius]
1216 2316 1333 2348 cuius
1364 2313 1428 2359 Lg.
1455 2313 1513 2349 53.

115 2368 171 2404 68.
195 2368 250 2402 70.
274 2385 321 2394 ·—
356 2368 572 2411 contiones]
596 2369 647 2401 sic
671 2367 737 2414 Lg.
763 2380 888 2403 omnes
911 2375 1060 2414 praeter
1083 2369 1140 2403 20.
1167 2374 1202 2403 et
1224 2369 1299 2412 35.‚
1324 2370 1360 2404 in
1381 2370 1514 2415 quibus

116 2428 312 2465 actiones,
334 2424 418 2457 item
435 2422 529 2458 Ven.
546 2425 575 2459 l.
600 2422 674 2460 Ott.
689 2445 735 2451 ——
759 2427 1050 2469 accusationes]
1070 2432 1322 2462 accusatores
1337 2427 1403 2461 Gu.
1420 2429 1450 2462 l.
1465 2445 1511 2452 -

109 2481 393 2529 posteaquam]
413 2484 557 2526 postea
581 2492 667 2516 cum
692 2482 774 2519 edd.
803 2483 979 2528 quaedam
1000 2489 1089 2519 vett.
1126 2488 1345 2530 postquam
1369 2483 1435 2529 Lg.
1453 2483 1512 2520 35.

207 2559 284 2592 274.
326 2569 458 2605 prope
490 2559 725 2606 sinqularis]
760 2573 890 2609 prope
926 2572 996 2595 om.
1030 2561 1097 2597 Gn.
1128 2562 1158 2596 l.
1195 2561 1226 2596 2.
1270 2562 1357 2597 Par.
1383 2562 1430 2597 D.
1464 2581 1513 2589 —-

110 2615 327 2663 pollucem]
354 2615 561 2662 perlucens
598 2616 665 2664 Lg.
697 2618 753 2655 20.
787 2618 842 2654 39.
886 2619 1087 2665 pollucem
1121 2618 1188 2653 Gu.
1216 2620 1247 2654 l.
1284 2639 1328 2645 —
1366 2618 1512 2665 fecerit]

112 2672 276 2718 fuerunt
307 2671 375 2717 Lg.
406 2672 441 2709 8.
471 2672 528 2710 39.
558 2673 614 2710 51.
646 2675 703 2711 53.
735 2675 781 2712 56
814 2687 907 2713 corr.
937 2675 1100 2721 fuerint.
1129 2674 1187 2711 58.
1211 2675 1264 2712 70.
1292 2694 1335 2702 ——
1370 2676 1510 2721 ullum]
