1835 3126
280 213 413 257 222
800 206 1145 252 CICERONIS

283 320 380 373 fingi
423 317 642 360 videantur
677 316 803 367 haec,
843 325 886 360 ut
923 319 1110 361 dieantur
1148 334 1173 363 a
1211 334 1275 363 me
1315 321 1493 377 quodam
1531 320 1673 372 mod03

283 410 352 439 res
382 403 519 438 tamen
550 397 611 438 sic
643 409 688 437 se
718 395 855 437 habet.
902 394 1002 437 Cum
1031 399 1163 439 omnis
1191 401 1319 440 virtus
1351 401 1424 449 sit,
1453 407 1495 442 ut
1520 407 1673 449 vestra,

281 474 427 524 Brute,
457 481 574 517 vetus
596 474 830 516 Academia
860 473 983 524 dixit,
1014 474 1301 525 mediocritas,
1332 483 1499 532 uterque
1530 478 1672 520 horum

282 553 461 595 medium
492 553 684 608 quiddam
705 552 876 594 volebat
906 553 1046 608 sequi3
1078 553 1153 594 sed
1183 554 1241 594 ita
1272 552 1469 603 cadebat,
1500 562 1541 596 ut
1571 556 1675 598 alter

284 645 335 674 ex
368 631 538 673 alterius
568 631 692 673 laude
723 638 900 687 partem,
934 638 1102 686 uterque
1135 637 1270 672 autem
1302 644 1418 672 suam
1447 638 1572 673 totam
1598 633 1674 674 ha-

281 709 411 752 beret.
472 710 566 751 150.
605 708 710 751 Tum
744 709 912 759 Brutus,
954 708 1053 751 Cum
1086 723 1137 751 ex
1165 716 1236 751 tua
1267 710 1456 751 oratione
1486 709 1584 750 mihi
1613 711 1675 752 vi—

284 789 408 837 deor,
454 789 602 843 inquit,
649 787 758 830 hene
802 787 999 830 Crassum
1041 794 1080 830 et
1118 786 1369 830 Scaevolam
1414 788 1677 841 cognovisse,

282 874 366 909 tum
408 866 457 908 de
497 873 535 908 tc
577 873 616 908 et
656 866 705 908 de
745 865 836 909 Ser.
876 865 1063 923 Sulpicio
1109 867 1298 921 cogitans
1339 879 1433 907 esse
1471 865 1678 921 quandam

282 945 404 988 vobis
443 958 533 987 cum
564 945 650 986 illis
689 945 998 987 similitudinem
1036 945 1188 988 iudico.
1249 944 1459 995 Quonam,
1497 946 1678 999 inquam,

283 1025 390 1066 istuc
417 1023 567 1065 modo?
615 1022 723 1074 Quia
749 1023 847 1065 mihi
879 1030 917 1065 et
946 1031 987 1065 tu
1007 1024 1184 1074 videris,
1216 1024 1364 1079 inquit,
1395 1029 1548 1064 tantum
1576 1023 1678 1063 iuris

285 1100 421 1143 civilis
453 1102 560 1142 scire
583 1101 790 1152 voluisse,
823 1110 1015 1157 quantum
1040 1104 1143 1144 satis
1168 1109 1281 1144 esset
1311 1102 1484 1143 oratori:
1517 1107 1555 1141 et
1577 1099 1678 1141 Ser-

284 1179 376 1220 vius
409 1177 671 1233 eloquentiae
701 1185 857 1220 tantum
890 1182 1193 1235 assumpsisse,
1231 1186 1273 1221 ut
1303 1181 1366 1220 ius
1398 1179 1519 1221 civile
1550 1178 1677 1221 facile

282 1262 425 1312 posset
450 1256 574 1297 tueri:
609 1262 848 1312 aetatesque
872 1263 1059 1306 vestrae,
1092 1256 1342 1306 utiliorum,
1373 1256 1477 1317 nihil
1507 1263 1575 1299 aut
1594 1270 1679 1298 non

285 1335 374 1376 fere
405 1333 572 1375 multum
604 1334 806 1376 differunt.

396 1410 509 1453 XLI.
543 1411 638 1454 151.
668 1410 718 1454 Et
749 1425 850 1467 ego,
881 1410 943 1453 De
975 1425 1058 1463 me,
1092 1413 1282 1467 inquam,
1314 1412 1452 1454 dicere
1481 1411 1585 1453 nihil
1617 1417 1679 1453 est

282 1504 482 1541 necesse3
515 1490 564 1532 de
587 1489 736 1533 Servio
770 1497 905 1533 autem
935 1497 974 1533 et
1003 1497 1045 1533 tu
1066 1490 1193 1547 probe
1226 1490 1331 1532 dicis
1363 1496 1402 1532 et
1432 1504 1511 1545 ego
1543 1490 1679 1532 dicam

284 1570 394 1626 quod
432 1570 578 1612 sentio.
637 1583 721 1612 non
759 1571 866 1611 enim
904 1569 1031 1612 facile
1065 1583 1184 1626 quem
1216 1569 1387 1611 dixerim
1423 1569 1516 1625 plus
1554 1569 1678 1610 studii

283 1662 405 1703 quam
435 1648 549 1689 illum
581 1654 620 1690 et
651 1649 704 1691 ad
735 1649 952 1691 dicendum
983 1655 1023 1691 et
1054 1649 1107 1691 ad
1139 1662 1280 1691 omnes
1310 1647 1511 1690 honarum
1541 1661 1679 1689 rerum

275 1726 531 1781 disciplinas
565 1726 819 1770 adhibuisse.
872 1726 978 1769 Nam
1008 1734 1047 1769 et
1077 1728 1118 1769 in
1150 1727 1282 1769 isdem
1314 1725 1681 1769 exercitationibus

273 1805 449 1845 ineunte
488 1810 623 1846 aetate
658 1804 809 1846 fuimus
848 1811 887 1846 et
925 1813 1072 1860 postea
1102 1819 1186 1848 uua
1214 1805 1402 1848 Rhodum
1443 1805 1516 1848 ille
1555 1806 1679 1847 etiam

372 1949 429 1974 149.
468 1955 514 1973 res
532 1949 630 1973 tamen
651 1948 694 1974 sic
714 1949 759 1983 se]
780 1956 828 1975 res
848 1955 881 1974 se
901 1950 997 1975 tamen
1017 1949 1069 1975 sic.

370 1993 430 2019 150.
461 1993 584 2026 posset]
606 1994 714 2027 possit.

377 2115 454 2151 149.
504 2125 567 2149 res
593 2118 727 2147 tamen
751 2116 810 2148 sic
834 2113 890 2157 se]
915 2124 978 2147 res
1001 2094 1074 2148 se‘ae‘z
1096 2118 1227 2148 tamen
1250 2115 1317 2160 Lg.
1339 2115 1374 2150 8.
1389 2115 1443 2149 20.
1467 2115 1522 2151 39.
1547 2115 1602 2150 53.
1623 2116 1679 2152 56.

275 2171 337 2206 58.
363 2171 419 2206 68.
446 2171 499 2206 70.
549 2170 695 2204 Deinde
728 2170 794 2216 Lg.
829 2181 954 2204 omnes
988 2173 1047 2205 sic
1079 2183 1121 2204 se
1155 2170 1269 2205 habet
1301 2177 1337 2206 et
1372 2171 1440 2205 hoc
1464 2184 1609 2216 sequor.
1632 2191 1680 2197 —-—

282 2229 429 2271 vestra]
463 2231 603 2261 nostra
636 2227 721 2262 Par.
748 2227 795 2262 D.
822 2248 866 2251 —
905 2229 1030 2271 vetus]
1066 2232 1218 2261 vetusta
1247 2227 1308 2273 Lg.
1334 2227 1387 2262 ⁶20.
1412 2248 1456 2253 —
1488 2229 1679 2271 medinm]

276 2285 446 2319 mzoclum
459 2285 526 2318 Gu.
540 2285 568 2318 l.
587 2295 658 2318 non
671 2284 775 2326 male,
790 2281 1002 2330 μετριότητά
1014 2298 1102 2319 τινα.
1126 2284 1200 2319 Pro
1215 2283 1355 2318 horum
1367 2285 1421 2319 ed.
1437 2297 1488 2329 pr.
1501 2288 1678 2320 istorum.

380 2341 454 2375 150.
503 2340 746 2385 eloquentiae
767 2341 936 2384 tantum]
963 2341 1037 2375 inv.
1057 2340 1123 2386 Lg.
1144 2340 1202 2375 50..
1220 2361 1265 2366 —-
1291 2344 1351 2376 ius
1373 2341 1499 2385 civile]
1525 2344 1587 2376 ius
1609 2353 1680 2376 om.

275 2398 353 2433 Gu.
378 2399 409 2432 l.
433 2418 477 2422 —
512 2398 661 2443 posset]
696 2398 748 2431 sic
775 2396 899 2431 Lanib.
926 2409 1001 2442 rep.
1030 2397 1128 2431 1584.
1177 2397 1278 2432 Libri
1306 2403 1341 2431 et
1373 2398 1427 2432 etl.
1456 2409 1509 2442 pr.
1530 2401 1676 2443 possit,

284 2454 559 2500 improbandum
583 2454 689 2496 illud,
716 2455 814 2499 quod
839 2455 967 2490 Cicero
992 2453 1192 2499 significat,
1220 2454 1404 2489 consilinm
1429 2453 1585 2487 faciendi
1612 2453 1679 2487 sibi

286 2512 372 2546 olim
393 2511 523 2552 fuisse,
547 2522 615 2543 nec
635 2511 747 2544 refert
772 2522 854 2545 num
880 2522 974 2545 nunc
993 2510 1111 2545 adhuc
1131 2517 1389 2556 persequatur:
1411 2511 1554 2544 minime
1574 2509 1680 2554 igitur

286 2573 407 2613 aptum
428 2567 532 2601 aliter
552 2565 634 2601 fieri
656 2568 690 2601 in
706 2568 888 2614 Sulpicio,
914 2568 972 2613 qui
994 2578 1070 2601 cum
1091 2568 1169 2613 ipso
1186 2573 1484 2612 comparetur.-—
1510 2566 1679 2608 vestrae}

286 2629 441 2659 vostrae
462 2623 527 2669 Lg.
541 2624 563 2658 8
581 2635 659 2658 cum
680 2631 767 2659 nota
782 2625 922 2668 mendi,
942 2624 999 2658 35.
1015 2624 1070 2658 39.
1088 2624 1142 2660 53.
1172 2629 1332 2659 nostrae
1350 2623 1405 2657 20.
1420 2623 1476 2657 51.
1516 2621 1678 2657 Vestrae

284 2681 505 2725 reciperem,
530 2682 565 2714 ni
585 2681 693 2726 paulo
719 2682 899 2727 antiquius
925 2692 1030 2726 quam
1055 2693 1121 2726 pro
1141 2681 1328 2716 Ciceronis
1352 2685 1473 2715 aetate
1491 2679 1680 2715 videretur

283 2741 323 2770 et
347 2737 382 2771 ni
406 2749 527 2772 rarum
551 2744 648 2773 esset
673 2738 707 2772 in
732 2738 845 2774 libris.
870 2759 915 2783 5-
942 2738 1118 2783 illorum]
1142 2749 1274 2774 eorum
1298 2738 1364 2783 Lg.
1385 2737 1442 2772 39.
