1835 3126
298 227 412 271 316
818 222 1162 267 CICERONIS

297 336 375 377 hoc
409 333 604 382 studium,
636 331 781 382 Brute,
811 341 995 376 nostrum
1023 336 1217 377 conticuit
1239 334 1373 378 subito
1402 340 1440 376 et
1464 334 1681 377 obmutuit:

298 425 388 454 cum
423 411 519 465 lege
557 409 756 466 Pompeia
790 411 919 452 ternis
957 410 1071 453 horis
1111 411 1165 453 ad
1203 412 1419 455 dicendum
1460 413 1590 461 datis,
1629 411 1683 453 ad

297 502 450 535 causas
480 488 725 530 simillumas
756 489 862 530 inter
892 501 937 530 se
967 487 1035 530 vel
1068 489 1203 544 potius
1226 489 1395 531 easdem
1422 492 1519 532 novi
1541 491 1683 532 venie-

296 568 442 610 bamus
482 566 646 609 cotidie.
714 566 860 622 quibus
901 566 1065 622 quidem
1106 568 1246 608 causis
1283 572 1327 608 tu
1364 568 1507 616 etiam,
1544 566 1684 616 Brute,

295 651 460 701 praesto
493 644 624 694 suisti,
665 644 967 700 complurisque
999 651 1038 686 et
1073 643 1289 686 nobiscum
1320 651 1358 686 et
1388 644 1503 687 solus
1534 646 1680 698 egisti:

295 730 337 765 ut
373 725 442 779 qui
478 736 561 765 non
591 723 693 764 satis
725 722 794 764 diu
823 724 971 764 vixerit
999 721 1244 764 Hortensius
1281 728 1419 764 tamen
1456 721 1562 765 hunc
1593 735 1684 764 cur-

295 815 385 844 sum
426 801 663 843 confecerit.
723 800 858 842 Annis
900 806 992 842 ante
1025 800 1167 842 decem
1200 813 1351 843 causas
1383 813 1509 855 agere
1538 801 1684 856 coepit,

296 893 418 936 quam
447 886 489 921 tu
519 891 565 921 es
594 885 737 929 natus3
768 878 877 920 idem
905 884 1049 934 quarto
1084 885 1123 920 et
1158 880 1422 934 sexagesimo
1455 891 1561 921 anno
1592 891 1684 934 per-

295 959 438 1014 paucIs
471 963 564 998 aute
595 963 766 999 mortem
797 956 943 998 diebus
973 970 1057 998 una
1088 963 1223 999 tecum
1253 970 1442 1000 socerum
1472 963 1582 999 tuum
1613 956 1684 998 de-

296 1036 425 1078 fendit
451 1035 639 1091 Appium.
685 1032 861 1076 Dicendi
889 1041 1025 1077 autem
1055 1048 1186 1089 genus
1218 1036 1327 1090 quod
1357 1036 1478 1077 fuerit
1507 1036 1549 1077 in
1573 1042 1684 1076 utro-

297 1127 373 1169 que
405 1114 615 1155 orationes
645 1113 855 1167 utriusque
886 1113 1010 1154 etiam
1039 1114 1217 1168 posteris
1247 1114 1401 1155 nostris
1431 1112 1683 1155 indicabunt.

406 1187 533 1231 XCV.
564 1188 660 1229 325.
692 1187 799 1238 Sed3
830 1191 865 1231 si
897 1192 1132 1244 quaerimus
1164 1204 1236 1232 cur
1267 1190 1514 1233 adolescens
1548 1191 1684 1243 magis

294 1268 477 1311 floruerit
508 1266 682 1308 dicendo
714 1278 835 1320 quam
866 1268 1007 1308 senior
1029 1265 1296 1317 Hortensius,
1323 1281 1475 1309 causas
1502 1268 1683 1323 reperie—

296 1359 384 1388 mus
425 1346 681 1388 verissumas
724 1343 840 1385 duas.
898 1343 1077 1385 Primum
1105 1344 1213 1399 quod
1247 1358 1378 1399 genus
1410 1351 1498 1387 erat
1529 1347 1685 1387 oratio-

294 1426 360 1466 nis
391 1423 644 1472 Asiaticum‚
679 1421 989 1465 adolescentiae
1020 1423 1155 1477 magis
1187 1435 1431 1466 concessum
1465 1437 1584 1479 quam
1616 1437 1684 1466 se-

294 1503 459 1545 nectuti.
505 1500 671 1543 Genera
701 1507 835 1543 autem
857 1500 1073 1543 Asiaticae
1098 1500 1290 1544 dictionis
1317 1502 1395 1545 duo
1419 1509 1530 1544 sunt:
1562 1515 1684 1544 unum

295 1582 588 1623 sententiosum
618 1586 657 1622 et
688 1586 899 1634 argutum,
939 1580 1153 1621 sententiis
1188 1593 1271 1622 non
1300 1586 1383 1622 tam
1413 1580 1612 1635 gravibus
1644 1587 1684 1623 et

296 1661 455 1702 severis
500 1672 622 1714 quam
667 1660 881 1701 concinnis
929 1664 968 1700 et
1002 1658 1207 1708 venustis3
1253 1658 1389 1713 qualis
1432 1660 1473 1700 in
1509 1658 1685 1701 historia

297 1736 516 1787 Timaeus,
557 1738 600 1779 in
630 1737 804 1780 dicendo
843 1743 977 1779 autem
1018 1737 1157 1793 pueris
1181 1735 1302 1779 nobis
1333 1735 1550 1780 Hierocles
1580 1736 1685 1779 Ala-

294 1815 504 1865 bandeus,
535 1816 670 1869 magis
701 1817 824 1858 etiam
855 1815 1071 1858 Menecles
1101 1815 1230 1857 frater
1259 1816 1348 1858 eius
1378 1816 1474 1858 suit:
1513 1828 1683 1871 quorum

295 1959 453 2002 maluit]
482 1960 717 1993 communiit
742 1957 809 2003 Lg.
834 1958 889 1993 20.
915 1960 956 1994 51
978 1969 1067 1992 corr.
1094 1965 1130 1993 ut
1154 1959 1207 2001 8.,
1243 1961 1278 1993 ἰη
1310 1970 1378 2003 qno
1413 1965 1448 1993 et
1475 1960 1682 2004 quibusdam

295 2015 375 2049 aliis
400 2020 454 2048 est
479 2017 702 2049 ommutuit.
725 2035 769 2039 -—
802 2016 937 2058 ternis]
965 2017 1093 2049 tertiis
1117 2014 1181 2050 Gu.
1211 2014 1242 2049 l.
1270 2035 1309 2039 —
1350 2015 1603 2059 simulamus]
1631 2017 1682 2051 sic

295 2070 360 2116 Lg.
379 2071 411 2105 8.
432 2070 486 2103 5l.
519 2068 613 2112 Ott.‚
648 2070 764 2105 eidem
797 2071 951 2105 cotidie.
976 2090 1022 2096 -—
1053 2071 1356 2117 complurisque]
1386 2073 1437 2105 sic
1466 2071 1532 2117 Lg.
1557 2084 1682 2108 omnes

296 2132 441 2171 praeter
464 2125 542 2167 5ss.,
570 2125 637 2159 Gu.
656 2125 684 2159 l.
710 2125 801 2160 Ven.
821 2126 849 2160 1.
867 2126 897 2159 2.
925 2126 980 2160 ed.
998 2136 1050 2170 pr.
1070 2145 1116 2150 —
1147 2131 1208 2167 uls,
1236 2128 1320 2171 qui]
1345 2132 1391 2162 ut
1415 2140 1483 2163 om.
1505 2128 1572 2163 Gu.
1592 2129 1681 2162 l.—

296 2182 525 2227 confecerz't]
552 2193 642 2216 cum
663 2182 806 2226 fecerit
831 2181 898 2216 Gu.
923 2182 951 2215 l.
969 2201 1015 2206 --
1049 2182 1169 2225 idem]
1198 2182 1376 2227 idemque
1401 2185 1455 2218 ed.
1476 2196 1528 2228 pr.
1555 2184 1683 2231 Meye-

296 2250 373 2279 rus3
409 2249 478 2282 quo
505 2237 712 2271 debilitatur
737 2239 854 2272 oratio
886 2238 1028 2271 sublata
1052 2239 1088 2271 vi
1114 2237 1289 2273 antitheti.
1312 2258 1358 2264 —
1393 2245 1536 2284 quarto
1562 2243 1611 2285 et]
1646 2248 1683 2276 ec

296 2306 366 2328 om.
392 2293 458 2339 Lg.
481 2294 513 2328 8.
541 2294 595 2328 35.
622 2287 676 2328 39.
705 2295 759 2328 51.
786 2295 841 2329 53.
869 2294 923 2328 56.
958 2293 1052 2327 Ven.
1082 2294 1111 2329 l.
1135 2294 1166 2329 2.
1206 2293 1281 2329 Ott.
1320 2295 1387 2329 Gu.
1414 2296 1440 2329 l.
1478 2297 1534 2331 ed.
1561 2309 1613 2343 pr.
1639 2318 1684 2324 —

297 2352 562 2397 sexafsesz'mo]
596 2353 843 2396 sewayesz‘mo
875 2361 964 2385 umo
995 2349 1060 2395 Lg.
1085 2350 1107 2384 8
1126 2362 1217 2386 corr.
1245 2356 1283 2385 ut
1307 2352 1383 2393 5l.;
1419 2352 1500 2386 hinc
1531 2353 1685 2390 fortasse

294 2407 521 2442 scribendum
550 2418 615 2451 per
640 2419 677 2442 u.

387 2463 497 2498 XCV.
546 2463 624 2497 325.
671 2463 924 2506 verissumas]
960 2463 1012 2496 sic
1043 2461 1107 2508 Lg.
1145 2463 1176 2497 8.
1210 2463 1265 2497 51.
1290 2462 1345 2498 53.
1369 2463 1424 2499 68.
1461 2476 1527 2498 om.
1551 2465 1605 2500 20.
1638 2485 1683 2492 —-

295 2520 488 2566 primum]
510 2521 685 2566 primum.
712 2519 803 2553 coni.
820 2518 907 2553 Ern.
930 2518 1110 2553 inutiliter.
1131 2539 1176 2544 ——
1212 2524 1249 2553 et
1268 2522 1433 2561 severis,
1460 2532 1578 2565 quam
1593 2533 1681 2557 con-

297 2578 438 2620 cinnis]
468 2581 505 2610 et
529 2579 565 2611 si
589 2588 617 2610 s.
643 2578 719 2610 etsi
743 2578 846 2610 veris
870 2587 1074 2620 nunquam
1100 2588 1130 2610 c.
1165 2577 1210 2611 ed
1234 2584 1305 2622 pr?
1318 2575 1383 2620 Lg.
1407 2576 1440 2611 8.
1466 2576 1520 2612 35.
1544 2577 1599 2614 39.
1627 2580 1682 2614 51.

297 2632 350 2668 56.
371 2644 465 2668 corr.
492 2643 567 2668 non
585 2643 808 2678 nunquam,
828 2632 883 2667 58.
916 2631 997 2667 Vat.
1030 2632 1122 2667 Ven.
1144 2633 1173 2667 l.
1215 2637 1253 2667 et
1270 2635 1307 2667 si
1323 2635 1421 2667 veris
1440 2645 1557 2678 quam
1574 2645 1679 2670 conc.

297 2689 353 2723 53.
374 2689 429 2724 68.
452 2689 506 2724 70.
555 2689 691 2724 Verum
713 2693 767 2724 est
791 2690 825 2723 in
847 2699 1007 2723 meorum
1030 2689 1117 2723 solis
1140 2689 1205 2735 Lg.
1223 2689 1299 2732 20„
1324 2690 1413 2724 alias
1437 2701 1549 2736 saepe
1574 2691 1682 2726 inter-

301 2745 442 2789 polato,
482 2750 518 2780 et
549 2743 625 2782 Ott.
672 2745 772 2785 iNam
808 2757 853 2781 ex
885 2745 952 2780 Gu.
979 2746 1009 2781 l.
1044 2744 1129 2780 nihil
1168 2746 1334 2786 enotavi„
1380 2746 1446 2781 sed
1480 2752 1568 2792 puto
1597 2758 1679 2782 con-
