1835 3126
279 206 362 250 46
487 201 683 245 BREVIS
714 199 1108 254 ELOQUENTIAE
1140 200 1274 246 ROM.
1306 201 1448 245 HIST.

278 319 387 357 abire
425 315 569 363 noluit,
609 314 731 354 donec
773 327 798 354 a
828 315 992 355 tribunis
1028 316 1067 355 in
1104 328 1300 356 carcerem
1336 316 1470 355 ductus
1498 321 1555 356 est
1580 314 1662 368 (⁷⁸).

275 386 417 424 Iterum
453 382 589 422 consul
624 380 804 420 suffectus
843 387 901 421 est
934 383 979 422 L.
1011 382 1148 422 Cassio
1187 395 1222 422 a.
1253 383 1336 423 648
1372 384 1411 421 in
1449 382 1601 434 praelio
1639 396 1664 422 a

277 450 478 501 Tigurinis
503 449 645 488 occiso.
696 447 775 488 Sed
800 459 885 487 cum
909 447 1113 489 deiecisset
1135 450 1178 490 P.
1206 450 1391 489 Rutilium
1414 450 1555 490 Rufum
1581 462 1661 489 am-

274 518 377 556 bitus
401 528 491 556 reus
516 516 565 554 ab
585 527 631 554 eo
655 514 800 563 factus,
826 527 908 554 cum
933 515 1220 565 absolveretur,
1246 517 1534 569 competitorem
1560 517 1662 556 eius-

274 584 359 623 dem
385 583 554 622 criminis
580 582 792 634 postulavit
815 593 885 621 nec
907 583 1083 634 pervicit,
1106 588 1148 622 ut
1172 583 1438 631 damnaretur,
1471 585 1562 635 quin
1587 596 1663 623 non

274 650 392 689 dubia
420 649 565 689 iudicia
592 649 639 689 de
669 649 785 701 culpa
815 661 887 688 sua
916 648 1062 689 audivit
1084 647 1166 701 (⁷9).
1217 650 1312 689 Post
1341 650 1521 701 princeps
1549 663 1663 690 sena-

272 718 400 756 toriae
436 717 648 756 scntentiae
682 717 722 756 in
752 716 906 755 summis
939 716 1056 755 rebus
1085 720 1262 755 versatus
1295 715 1475 756 Ciceroni
1504 717 1664 756 mirifice

272 784 481 836 probatur,
513 784 579 835 qui
608 783 705 822 nihil
734 795 780 823 eo
806 784 975 822 sanctius
1006 784 1165 833 gravius
1190 783 1385 835 antiquius
1414 782 1536 823 fuisse
1560 783 1664 823 dicit.

273 851 344 890 Est
384 851 484 890 enim
519 862 601 889 mos
632 849 832 890 Ciceronis
861 850 1100 902 optimatium
1129 850 1346 902 principeS,
1375 849 1665 902 qualescunque

273 917 440 965 fuerint,
465 922 627 969 propter
652 917 906 957 constantiam
927 917 967 956 in
991 928 1111 956 causa
1134 917 1283 956 scilicet
1306 916 1498 956 laudabili
1521 917 1665 956 tuenda

275 984 480 1023 extollere.
538 984 588 1024 Et
624 995 718 1023 sane
756 984 949 1032 Scaurus,
990 984 1052 1022 cui
1088 984 1170 1024 vita
1206 983 1437 1033 longissima
1466 983 1663 1034 obtigerit,

273 1050 468 1090 seditiosis
495 1051 670 1090 omnibus
693 1063 717 1089 a
741 1051 916 1091 Graccho
940 1049 1029 1089 inde
1054 1049 1103 1089 ad
1129 1050 1174 1100 Q.
1198 1049 1357 1089 Varium
1381 1049 1663 1089 Sucronensem

274 1129 420 1156 summa
442 1116 621 1157 firmitate
645 1117 787 1156 restitit
805 1113 897 1168 (8⁰);
928 1129 999 1156 nec
1024 1116 1127 1168 quod
1152 1115 1359 1155 seditiosos
1386 1115 1527 1155 dixerit
1553 1116 1664 1157 Gi‘ce-

272 1185 359 1223 roni
390 1184 538 1223 crimini
568 1184 653 1223 dari
682 1189 827 1236 potest:
861 1196 950 1223 nam
980 1189 1068 1236 post
1104 1183 1300 1223 Gracchos
1330 1194 1440 1222 nemo
1472 1184 1548 1222 nisi
1574 1196 1664 1235 pes-

273 1251 371 1290 sima
395 1252 552 1302 cupiens
576 1251 779 1302 popularis
803 1251 887 1290 fuit.
930 1251 981 1290 At
1006 1250 1216 1292 Sallustius
1233 1247 1304 1300 (3¹)
1331 1250 1499 1290 fortasse
1523 1250 1565 1290 G.
1583 1251 1664 1290 Lu-

273 1318 403 1357 cilium
433 1319 591 1358 Satirae
629 1318 858 1369 scriptorem
887 1323 1040 1357 secutus
1078 1318 1226 1368 ingenii
1259 1317 1298 1355 in
1329 1317 1480 1357 Scauro
1511 1317 1664 1368 magni-

271 1384 441 1423 tudinem
485 1396 569 1423 cum
606 1396 653 1423 ea
698 1396 845 1424 morum
883 1384 1047 1423 fallacia
1074 1385 1242 1423 iunctam
1266 1384 1388 1423 fuisse
1420 1383 1585 1432 iudicat,
1623 1389 1666 1423 ut

271 1451 423 1490 virtutis
454 1450 700 1489 simulatione
729 1451 900 1502 pessima
924 1451 1020 1490 vitia
1049 1451 1263 1500 obtegeret.
1310 1450 1429 1490 Cuius
1462 1451 1521 1489 rei
1545 1450 1664 1489 docu-

273 1522 402 1556 menta
440 1521 592 1556 exstant
624 1517 777 1557 minime
814 1517 975 1556 incerta.
1034 1516 1107 1555 Ille
1146 1517 1246 1555 enim
1274 1516 1430 1567 legatus
1460 1517 1500 1555 in
1528 1517 1666 1556 Africa

270 1584 532 1623 Adherbalem
555 1584 604 1622 ab
629 1584 774 1622 acerba
794 1595 888 1622 nece
911 1594 989 1622 non
1016 1582 1187 1622 defendit
1209 1588 1245 1623 et
1271 1582 1482 1636 Calpurnio
1506 1584 1663 1623 Bestiae

272 1651 425 1690 consuli
469 1662 552 1689 cum
582 1650 771 1699 Iugurtha
804 1649 1048 1701 transigendi
1082 1654 1219 1689 auctor
1252 1650 1374 1689 fuisse
1402 1650 1590 1698 creditur;
1629 1655 1666 1690 et

271 1729 356 1756 cum
385 1717 592 1767 rogatione
621 1717 803 1755 Mamilia
832 1717 893 1756 illi
924 1718 965 1756 in
993 1717 1177 1756 iudicium
1207 1722 1461 1766 vocarentur,
1501 1729 1665 1769 quorum

271 1784 453 1823 instinctu
482 1783 671 1833 Iugurtha
706 1784 943 1823 voluntatem
978 1784 1116 1836 populi
1150 1784 1316 1824 Romani
1346 1784 1543 1833 elusisset,
1580 1785 1666 1836 ipse

273 1863 349 1903 quo
390 1851 512 1889 minus
552 1861 709 1889 causam
743 1850 888 1890 diceret
918 1849 1053 1901 effugit
1091 1862 1136 1890 eo
1168 1850 1354 1898 artificio,
1391 1856 1433 1890 ut
1465 1852 1666 1903 quaesitor

271 1919 355 1970 ipse
373 1930 456 1957 cum
473 1917 562 1956 aliis
580 1929 603 1955 a
618 1917 764 1969 populo
783 1922 994 1957 crearetur.
1033 1918 1249 1957 Avaritiam
1267 1919 1381 1957 etiam
1399 1918 1441 1958 C.
1458 1919 1663 1958 Memmius

271 1985 414 2024 acerbo
445 1984 619 2024 convicio
649 1983 780 2035 palam
811 1984 1062 2035 exprobravit
1080 1982 1168 2035 (⁸2);
1201 1997 1271 2024 nec
1305 1990 1433 2037 potest
1462 1985 1576 2024 aliter
1604 1986 1664 2023 in-

269 2052 400 2102 telligi
440 2063 515 2103 quo
549 2050 662 2089 modo
697 2051 896 2101 ingentes,
936 2063 1032 2102 quas
1063 2051 1143 2091 filio
1173 2052 1354 2103 reliquit,
1393 2051 1547 2092 divitias
1582 2051 1664 2091 col-

268 2118 423 2169 legerit.
469 2117 548 2158 Sed
579 2129 662 2156 cum
687 2118 875 2169 plurimos
899 2119 1065 2157 omnium
1090 2119 1265 2158 ordinum
1290 2119 1464 2157 inimicos
1490 2119 1665 2167 haberet,

270 2186 310 2224 in
340 2185 529 2225 continuis
560 2182 820 2223 simultatibus
850 2185 1062 2224 consenuit.
1120 2186 1345 2224 Inimicitias
1377 2185 1549 2223 exercuit
1580 2196 1664 2224 cum

272 2252 316 2292 G.
343 2251 527 2292 Memmio
559 2251 825 2303 acerrimeque
854 2251 893 2290 in
923 2262 1011 2292 eum
1040 2251 1183 2292 iudicio
1214 2251 1378 2291 ambitus
1406 2251 1664 2291 testimonium

366 2392 423 2434 78)
452 2390 585 2426 Strabo
606 2391 650 2426 V.
669 2392 702 2428 8.
740 2393 853 2430 Amm.
873 2391 1040 2428 Marcell.
1056 2393 1202 2429 XXVII.
1219 2393 1249 2428 3.
1282 2393 1496 2428 Plutarchus
1512 2393 1662 2431 Quaest.

273 2447 374 2482 Rom.
400 2459 434 2492 p.
460 2447 537 2482 342.
571 2448 626 2483 ed.
653 2448 799 2485 Hutten.
918 2449 976 2493 79)
1011 2450 1084 2485 Cic.
1111 2449 1214 2485 Brut.
1242 2450 1308 2493 30,
1337 2450 1414 2486 113.
1457 2450 1501 2485 de
1529 2448 1591 2485 Or.
1616 2450 1660 2486 11.

272 2505 334 2546 69,
362 2504 439 2537 280.
559 2503 619 2547 80)
659 2505 843 2541 Ciceronis
878 2507 1010 2541 iudicia
1042 2507 1126 2540 vide
1163 2505 1232 2542 Off.
1262 2507 1286 2541 Ι.
1312 2507 1375 2549 22,
1397 2506 1454 2541 76.
1494 2507 1559 2549 30,
1587 2507 1660 2541 108.

272 2560 327 2596 Cf.
346 2560 427 2594 val.
447 2560 550 2594 MaX.
571 2560 611 2594 V.
636 2561 678 2604 8,
704 2563 736 2597 4.
777 2563 821 2597 (le
841 2561 906 2600 Or.
926 2563 952 2597 1.
978 2563 1040 2606 49,
1065 2563 1141 2598 214.
1178 2575 1211 2608 p.
1236 2564 1362 2598 Sextio
1385 2563 1438 2606 17,
1463 2563 1517 2597 39.
1556 2562 1659 2598 Brut.

270 2616 333 2659 29,
362 2617 434 2651 Ill.
549 2617 608 2659 Sl)
636 2618 823 2654 Sallustius
850 2621 885 2655 in
906 2619 1076 2665 Iugurtha
1102 2619 1151 2653 15.
1170 2620 1224 2654 25.
1246 2620 1301 2655 28.
1322 2621 1378 2656 ²29.
1397 2619 1451 2655 32.
1477 2621 1513 2654 in
1539 2619 1660 2665 primis

273 2685 302 2708 c.
323 2673 377 2707 40.
425 2672 457 2707 Is
481 2684 526 2706 an
551 2673 679 2708 Cicero
707 2676 837 2711 rectius
864 2676 1075 2712 iudicaverit
1100 2687 1145 2710 ex
1169 2676 1274 2710 rebus
1301 2677 1387 2721 ipsis
1416 2677 1524 2722 gestis
1548 2681 1657 2720 patet.

275 2729 448 2764 Dissentit
471 2730 768 2766 Westernmnnus
793 2746 826 2779 p.
849 2734 902 2770 93.
1018 2732 1078 2777 82)
1104 2733 1177 2768 Cic.
1206 2732 1252 2767 de
1276 2731 1340 2769 Or.
1366 2732 1408 2769 11.
1433 2733 1497 2776 70,
1521 2731 1599 2767 283.
