<?xml version="1.0" encoding="UTF-8"?>
<!DOCTYPE html PUBLIC "-//W3C//DTD XHTML 1.0 Transitional//EN"
    "http://www.w3.org/TR/xhtml1/DTD/xhtml1-transitional.dtd">
<html xmlns="http://www.w3.org/1999/xhtml" xml:lang="en" lang="en">
 <head>
  <title>
</title>
<meta http-equiv="Content-Type" content="text/html;charset=utf-8" />
  <meta name='ocr-system' content='tesseract 3.04.00' />
  <meta name='ocr-capabilities' content='ocr_page ocr_carea ocr_par ocr_line ocrx_word'/>
</head>
<body>
  <div class='ocr_page' id='page_1' title='image "./brutussivedeclar00ciceuoft/brutussivedeclar00ciceuoft_0450.png"; bbox 0 0 1835 3126; ppageno 0'>
   <div class='ocr_carea' id='block_1_1' title="bbox 272 234 1228 289">
    <p class='ocr_par' dir='ltr' id='par_1_1' title="bbox 272 234 1228 289">
     <span class='ocr_line' id='line_1_1' title="bbox 272 234 1228 289; baseline -0.009 1"><span class='ocrx_word' id='word_1_1' title='bbox 272 234 403 289; x_wconf 72' lang='grc'>430</span> <span class='ocrx_word' id='word_1_2' title='bbox 694 235 1228 281; x_wconf 79' lang='lat' dir='ltr'>EXPLICATIONES</span> 
     </span>
    </p>
   </div>
   <div class='ocr_carea' id='block_1_2' title="bbox 272 348 1661 534">
    <p class='ocr_par' dir='ltr' id='par_1_2' title="bbox 272 348 1661 534">
     <span class='ocr_line' id='line_1_2' title="bbox 272 348 1658 402; baseline -0.001 -10"><span class='ocrx_word' id='word_1_3' title='bbox 272 355 447 392; x_wconf 73' lang='lat' dir='ltr'>vicinitas</span> <span class='ocrx_word' id='word_1_4' title='bbox 470 351 679 388; x_wconf 67' lang='lat' dir='ltr'>meretricia</span> <span class='ocrx_word' id='word_1_5' title='bbox 707 361 745 402; x_wconf 88' lang='lat' dir='ltr'>p.</span> <span class='ocrx_word' id='word_1_6' title='bbox 769 348 905 390; x_wconf 81' lang='lat' dir='ltr'>Caelio</span> <span class='ocrx_word' id='word_1_7' title='bbox 932 351 1002 398; x_wconf 88' lang='grc'>16,</span> <span class='ocrx_word' id='word_1_8' title='bbox 1026 352 1092 390; x_wconf 85' lang='grc'><strong>37.</strong></span> <span class='ocrx_word' id='word_1_9' title='bbox 1148 354 1252 400; x_wconf 69' lang='lat' dir='ltr'>‘regia</span> <span class='ocrx_word' id='word_1_10' title='bbox 1279 351 1437 391; x_wconf 70' lang='lat' dir='ltr'>conditio</span> <span class='ocrx_word' id='word_1_11' title='bbox 1468 356 1506 391; x_wconf 86' lang='lat' dir='ltr'>et</span> <span class='ocrx_word' id='word_1_12' title='bbox 1533 351 1658 402; x_wconf 83' lang='lat' dir='ltr'>magis</span> 
     </span>
     <span class='ocr_line' id='line_1_3' title="bbox 273 416 1659 467; baseline -0.001 -9"><span class='ocrx_word' id='word_1_13' title='bbox 273 420 391 459; x_wconf 88' lang='lat' dir='ltr'>etiam</span> <span class='ocrx_word' id='word_1_14' title='bbox 426 420 519 467; x_wconf 57' lang='lat' dir='ltr'>rema</span> <span class='ocrx_word' id='word_1_15' title='bbox 547 419 719 454; x_wconf 65' lang='lat' dir='ltr'>interitus</span> <span class='ocrx_word' id='word_1_16' title='bbox 747 417 852 457; x_wconf 86' lang='lat' dir='ltr'>Livii</span> <span class='ocrx_word' id='word_1_17' title='bbox 878 416 1064 457; x_wconf 84' lang='lat' dir='ltr'>XXXIX.</span> <span class='ocrx_word' id='word_1_18' title='bbox 1092 417 1131 455; x_wconf 86' lang='lat'>4.</span> <span class='ocrx_word' id='word_1_19' title='bbox 1190 416 1260 456; x_wconf 90' lang='lat' dir='ltr'>His</span> <span class='ocrx_word' id='word_1_20' title='bbox 1288 420 1460 458; x_wconf 86' lang='lat' dir='ltr'>omnihus</span> <span class='ocrx_word' id='word_1_21' title='bbox 1496 419 1659 458; x_wconf 90' lang='lat' dir='ltr'>similius</span> 
     </span>
     <span class='ocr_line' id='line_1_4' title="bbox 274 484 1661 534; baseline -0.002 -8"><span class='ocrx_word' id='word_1_22' title='bbox 274 491 333 525; x_wconf 85' lang='lat' dir='ltr'>est</span> <span class='ocrx_word' id='word_1_23' title='bbox 360 486 541 522; x_wconf 66' lang='lat' dir='ltr'>witemorm</span> <span class='ocrx_word' id='word_1_24' title='bbox 570 488 660 520; x_wconf 69' lang='lat' dir='ltr'>nota</span> <span class='ocrx_word' id='word_1_25' title='bbox 690 489 724 520; x_wconf 88' lang='lat' dir='ltr'>ct</span> <span class='ocrx_word' id='word_1_26' title='bbox 754 484 924 534; x_wconf 74' lang='lat' dir='ltr'>aequalis</span> <span class='ocrx_word' id='word_1_27' title='bbox 952 484 1062 523; x_wconf 85' lang='lat' dir='ltr'><strong>Brut.</strong></span> <span class='ocrx_word' id='word_1_28' title='bbox 1089 484 1163 530; x_wconf 81' lang='lat'>69,</span> <span class='ocrx_word' id='word_1_29' title='bbox 1194 484 1307 531; x_wconf 65' lang='lat'>244„</span> <span class='ocrx_word' id='word_1_30' title='bbox 1339 485 1412 523; x_wconf 89' lang='lat' dir='ltr'>etsi</span> <span class='ocrx_word' id='word_1_31' title='bbox 1438 497 1515 524; x_wconf 90' lang='grc'>11011</span> <span class='ocrx_word' id='word_1_32' title='bbox 1543 485 1661 525; x_wconf 86' lang='lat' dir='ltr'>hahet</span> 
     </span>
    </p>
   </div>
   <div class='ocr_carea' id='block_1_3' title="bbox 272 549 1659 668">
    <p class='ocr_par' dir='ltr' id='par_1_3' title="bbox 272 549 1659 668">
     <span class='ocr_line' id='line_1_5' title="bbox 272 549 1659 603; baseline -0.001 -11"><span class='ocrx_word' id='word_1_33' title='bbox 272 551 487 592; x_wconf 83' lang='lat' dir='ltr'>derivatum</span> <span class='ocrx_word' id='word_1_34' title='bbox 524 561 597 601; x_wconf 89' lang='lat' dir='ltr'>pro</span> <span class='ocrx_word' id='word_1_35' title='bbox 627 550 813 601; x_wconf 82' lang='lat' dir='ltr'>primitivi</span> <span class='ocrx_word' id='word_1_36' title='bbox 851 551 1016 590; x_wconf 88' lang='lat' dir='ltr'>nominis</span> <span class='ocrx_word' id='word_1_37' title='bbox 1055 549 1226 601; x_wconf 84' lang='lat' dir='ltr'>genitivo</span> <span class='ocrx_word' id='word_1_38' title='bbox 1262 554 1299 589; x_wconf 87' lang='lat' dir='ltr'>et</span> <span class='ocrx_word' id='word_1_39' title='bbox 1330 554 1510 588; x_wconf 75' lang='lat' dir='ltr'>memoria</span> <span class='ocrx_word' id='word_1_40' title='bbox 1539 551 1659 603; x_wconf 91' lang='lat' dir='ltr'>paulo</span> 
     </span>
     <span class='ocr_line' id='line_1_6' title="bbox 274 617 995 668; baseline -0.006 -10"><span class='ocrx_word' id='word_1_41' title='bbox 274 619 390 658; x_wconf 88' lang='lat' dir='ltr'>aliter</span> <span class='ocrx_word' id='word_1_42' title='bbox 420 617 579 665; x_wconf 88' lang='lat' dir='ltr'>dicitur,</span> <span class='ocrx_word' id='word_1_43' title='bbox 611 628 726 668; x_wconf 84' lang='lat' dir='ltr'>quam</span> <span class='ocrx_word' id='word_1_44' title='bbox 756 620 995 664; x_wconf 71' lang='lat' dir='ltr'>enumeratio.</span> 
     </span>
    </p>
   </div>
   <div class='ocr_carea' id='block_1_4' title="bbox 275 692 1662 814">
    <p class='ocr_par' dir='ltr' id='par_1_4' title="bbox 275 692 1662 814">
     <span class='ocr_line' id='line_1_7' title="bbox 387 692 1662 745; baseline -0.004 -9"><span class='ocrx_word' id='word_1_45' title='bbox 387 698 481 736; x_wconf 80' lang='lat'>320.</span> <span class='ocrx_word' id='word_1_46' title='bbox 539 697 707 744; x_wconf 62' lang='lat' dir='ltr'>picturae</span> <span class='ocrx_word' id='word_1_47' title='bbox 735 694 881 743; x_wconf 60' lang='lat' dir='ltr'>veteris]</span> <span class='ocrx_word' id='word_1_48' title='bbox 924 693 1289 745; x_wconf 82' lang='lat' dir='ltr'>„elegantissimam</span> <span class='ocrx_word' id='word_1_49' title='bbox 1327 692 1494 743; x_wconf 86' lang='lat' dir='ltr'>figuram</span> <span class='ocrx_word' id='word_1_50' title='bbox 1522 698 1662 745; x_wconf 84' lang='lat' dir='ltr'>poe&#39;tae</span> 
     </span>
     <span class='ocr_line' id='line_1_8' title="bbox 275 759 1662 814; baseline -0.004 -10"><span class='ocrx_word' id='word_1_51' title='bbox 275 764 417 805; x_wconf 86' lang='lat' dir='ltr'>Graeci</span> <span class='ocrx_word' id='word_1_52' title='bbox 444 762 713 814; x_wconf 85' lang='lat' dir='ltr'>praeiverant,</span> <span class='ocrx_word' id='word_1_53' title='bbox 746 766 788 801; x_wconf 89' lang='lat' dir='ltr'>ut</span> <span class='ocrx_word' id='word_1_54' title='bbox 814 761 1029 813; x_wconf 78' lang='lat' dir='ltr'>Aeschylus</span> <span class='ocrx_word' id='word_1_55' title='bbox 1056 762 1132 811; x_wconf 90' lang='lat' dir='ltr'>Ag.</span> <span class='ocrx_word' id='word_1_56' title='bbox 1164 762 1305 808; x_wconf 60' lang='lat'>1330„</span> <span class='ocrx_word' id='word_1_57' title='bbox 1335 761 1426 799; x_wconf 91' lang='lat' dir='ltr'>item</span> <span class='ocrx_word' id='word_1_58' title='bbox 1455 759 1662 812; x_wconf 87' lang='lat' dir='ltr'>Euripides</span> 
     </span>
    </p>
   </div>
   <div class='ocr_carea' id='block_1_5' title="bbox 274 826 1663 942">
    <p class='ocr_par' dir='ltr' id='par_1_5' title="bbox 274 826 1663 942">
     <span class='ocr_line' id='line_1_9' title="bbox 274 826 1663 880; baseline -0.004 -10"><span class='ocrx_word' id='word_1_59' title='bbox 274 831 384 871; x_wconf 88' lang='lat' dir='ltr'>Pelei</span> <span class='ocrx_word' id='word_1_60' title='bbox 409 830 474 869; x_wconf 88' lang='lat' dir='ltr'>Fr.</span> <span class='ocrx_word' id='word_1_61' title='bbox 504 830 544 868; x_wconf 82' lang='lat'>4.</span> <span class='ocrx_word' id='word_1_62' title='bbox 585 833 622 868; x_wconf 92' lang='lat' dir='ltr'>et</span> <span class='ocrx_word' id='word_1_63' title='bbox 659 828 899 879; x_wconf 82' lang='lat' dir='ltr'>Antiphanes</span> <span class='ocrx_word' id='word_1_64' title='bbox 937 840 962 867; x_wconf 91' lang='lat' dir='ltr'>a</span> <span class='ocrx_word' id='word_1_65' title='bbox 1001 828 1156 880; x_wconf 89' lang='lat' dir='ltr'>Toupio</span> <span class='ocrx_word' id='word_1_66' title='bbox 1187 826 1347 867; x_wconf 88' lang='lat' dir='ltr'>Emend.</span> <span class='ocrx_word' id='word_1_67' title='bbox 1376 832 1403 867; x_wconf 90' lang='lat' dir='ltr'>t.</span> <span class='ocrx_word' id='word_1_68' title='bbox 1432 826 1462 868; x_wconf 94' lang='lat' dir='ltr'>I.</span> <span class='ocrx_word' id='word_1_69' title='bbox 1499 838 1538 879; x_wconf 91' lang='lat' dir='ltr'>p.</span> <span class='ocrx_word' id='word_1_70' title='bbox 1570 828 1663 866; x_wconf 89' lang='grc'>173.</span> 
     </span>
     <span class='ocr_line' id='line_1_10' title="bbox 276 895 813 942; baseline -0.007 -5"><span class='ocrx_word' id='word_1_71' title='bbox 276 896 520 937; x_wconf 83' lang='lat' dir='ltr'>correctus.“</span> <span class='ocrx_word' id='word_1_72' title='bbox 578 895 813 942; x_wconf 71' lang='lat' dir='ltr'>Bernhardy.</span> 
     </span>
    </p>
   </div>
   <div class='ocr_carea' id='block_1_6' title="bbox 275 970 1666 1356">
    <p class='ocr_par' dir='ltr' id='par_1_6' title="bbox 275 970 1666 1356">
     <span class='ocr_line' id='line_1_11' title="bbox 388 970 1664 1023; baseline -0.002 -13"><span class='ocrx_word' id='word_1_73' title='bbox 388 975 508 1023; x_wconf 61' lang='lat' dir='ltr'>quivis</span> <span class='ocrx_word' id='word_1_74' title='bbox 536 972 647 1021; x_wconf 73' lang='lat' dir='ltr'>unns]</span> <span class='ocrx_word' id='word_1_75' title='bbox 689 972 789 1010; x_wconf 89' lang='lat' dir='ltr'>mira</span> <span class='ocrx_word' id='word_1_76' title='bbox 819 976 876 1011; x_wconf 88' lang='lat' dir='ltr'>est</span> <span class='ocrx_word' id='word_1_77' title='bbox 905 971 1056 1023; x_wconf 89' lang='lat' dir='ltr'>Silligii</span> <span class='ocrx_word' id='word_1_78' title='bbox 1085 971 1296 1020; x_wconf 89' lang='lat' dir='ltr'>sententia,</span> <span class='ocrx_word' id='word_1_79' title='bbox 1335 983 1449 1023; x_wconf 86' lang='lat' dir='ltr'>quam</span> <span class='ocrx_word' id='word_1_80' title='bbox 1479 970 1664 1021; x_wconf 87' lang='lat' dir='ltr'>Meyerus</span> 
     </span>
     <span class='ocr_line' id='line_1_12' title="bbox 275 1038 1665 1093; baseline -0.003 -13"><span class='ocrx_word' id='word_1_81' title='bbox 275 1041 470 1093; x_wconf 85' lang='lat' dir='ltr'>sequitur,</span> <span class='ocrx_word' id='word_1_82' title='bbox 502 1050 587 1078; x_wconf 90' lang='lat' dir='ltr'>esse</span> <span class='ocrx_word' id='word_1_83' title='bbox 611 1038 686 1077; x_wconf 89' lang='lat' dir='ltr'>duo</span> <span class='ocrx_word' id='word_1_84' title='bbox 709 1038 914 1078; x_wconf 89' lang='lat' dir='ltr'>coniuncta</span> <span class='ocrx_word' id='word_1_85' title='bbox 937 1041 1059 1087; x_wconf 62' lang='lat' dir='ltr'>quivis</span> <span class='ocrx_word' id='word_1_86' title='bbox 1090 1042 1126 1077; x_wconf 89' lang='lat' dir='ltr'>et</span> <span class='ocrx_word' id='word_1_87' title='bbox 1151 1052 1246 1075; x_wconf 78' lang='lat' dir='ltr'>unns</span> <span class='ocrx_word' id='word_1_88' title='bbox 1270 1051 1316 1076; x_wconf 70' lang='lat' dir='ltr'>ex</span> <span class='ocrx_word' id='word_1_89' title='bbox 1337 1038 1475 1088; x_wconf 77' lang='lat' dir='ltr'>populo</span> <span class='ocrx_word' id='word_1_90' title='bbox 1500 1038 1665 1076; x_wconf 88' lang='lat' dir='ltr'>rectius-</span> 
     </span>
     <span class='ocr_line' id='line_1_13' title="bbox 277 1105 1666 1159; baseline -0.004 -13"><span class='ocrx_word' id='word_1_91' title='bbox 277 1119 352 1159; x_wconf 83' lang='lat' dir='ltr'>que</span> <span class='ocrx_word' id='word_1_92' title='bbox 381 1105 576 1157; x_wconf 87' lang='lat' dir='ltr'>interponi</span> <span class='ocrx_word' id='word_1_93' title='bbox 603 1105 810 1155; x_wconf 82' lang='lat' dir='ltr'>virgutam.</span> <span class='ocrx_word' id='word_1_94' title='bbox 872 1105 1002 1150; x_wconf 64' lang='lat' dir='ltr'>Quivis</span> <span class='ocrx_word' id='word_1_95' title='bbox 1030 1118 1126 1142; x_wconf 76' lang='lat' dir='ltr'>mnes</span> <span class='ocrx_word' id='word_1_96' title='bbox 1152 1105 1435 1155; x_wconf 87' lang='lat' dir='ltr'>coniunguntur</span> <span class='ocrx_word' id='word_1_97' title='bbox 1462 1109 1503 1142; x_wconf 88' lang='lat' dir='ltr'>ut</span> <span class='ocrx_word' id='word_1_98' title='bbox 1529 1105 1666 1154; x_wconf 66' lang='lat' dir='ltr'>aliquis</span> 
     </span>
     <span class='ocr_line' id='line_1_14' title="bbox 275 1171 1665 1221; baseline -0.002 -11"><span class='ocrx_word' id='word_1_99' title='bbox 275 1186 392 1217; x_wconf 74' lang='lat' dir='ltr'>unus,</span> <span class='ocrx_word' id='word_1_100' title='bbox 423 1184 530 1207; x_wconf 72' lang='lat' dir='ltr'>nemo</span> <span class='ocrx_word' id='word_1_101' title='bbox 551 1183 668 1214; x_wconf 76' lang='lat' dir='ltr'>unus,</span> <span class='ocrx_word' id='word_1_102' title='bbox 699 1171 825 1207; x_wconf 74' lang='lat' dir='ltr'>mellus</span> <span class='ocrx_word' id='word_1_103' title='bbox 841 1183 959 1207; x_wconf 64' lang='lat' dir='ltr'>ttntts:</span> <span class='ocrx_word' id='word_1_104' title='bbox 990 1171 1129 1221; x_wconf 86' lang='lat' dir='ltr'>quibus</span> <span class='ocrx_word' id='word_1_105' title='bbox 1156 1182 1223 1209; x_wconf 83' lang='lat' dir='ltr'>cur</span> <span class='ocrx_word' id='word_1_106' title='bbox 1246 1171 1439 1210; x_wconf 80' lang='lat' dir='ltr'>addiderit</span> <span class='ocrx_word' id='word_1_107' title='bbox 1459 1183 1507 1207; x_wconf 70' lang='lat' dir='ltr'>ca:</span> <span class='ocrx_word' id='word_1_108' title='bbox 1528 1171 1665 1220; x_wconf 77' lang='lat' dir='ltr'>populo</span> 
     </span>
     <span class='ocr_line' id='line_1_15' title="bbox 277 1235 1666 1288; baseline -0.002 -10"><span class='ocrx_word' id='word_1_109' title='bbox 277 1238 502 1278; x_wconf 85' lang='lat' dir='ltr'>existimare</span> <span class='ocrx_word' id='word_1_110' title='bbox 531 1235 623 1274; x_wconf 90' lang='lat' dir='ltr'>licet</span> <span class='ocrx_word' id='word_1_111' title='bbox 653 1246 702 1275; x_wconf 88' lang='lat' dir='ltr'>ex</span> <span class='ocrx_word' id='word_1_112' title='bbox 731 1246 763 1275; x_wconf 88' lang='lat' dir='ltr'>c.</span> <span class='ocrx_word' id='word_1_113' title='bbox 789 1235 863 1284; x_wconf 81' lang='lat'>54,</span> <span class='ocrx_word' id='word_1_114' title='bbox 891 1237 1005 1284; x_wconf 81' lang='lat'>199.;</span> <span class='ocrx_word' id='word_1_115' title='bbox 1034 1236 1073 1275; x_wconf 89' lang='lat' dir='ltr'>id</span> <span class='ocrx_word' id='word_1_116' title='bbox 1104 1236 1209 1288; x_wconf 84' lang='lat' dir='ltr'>quod</span> <span class='ocrx_word' id='word_1_117' title='bbox 1235 1242 1341 1276; x_wconf 89' lang='lat' dir='ltr'>recte</span> <span class='ocrx_word' id='word_1_118' title='bbox 1370 1237 1515 1276; x_wconf 88' lang='lat' dir='ltr'>iudicat</span> <span class='ocrx_word' id='word_1_119' title='bbox 1541 1237 1666 1276; x_wconf 89' lang='lat' dir='ltr'>Bern-</span> 
     </span>
     <span class='ocr_line' id='line_1_16' title="bbox 275 1304 412 1356; baseline -0.022 -10"><span class='ocrx_word' id='word_1_120' title='bbox 275 1304 412 1356; x_wconf 84' lang='lat' dir='ltr'>hardy.</span> 
     </span>
    </p>
   </div>
   <div class='ocr_carea' id='block_1_7' title="bbox 276 1377 1669 1502">
    <p class='ocr_par' dir='ltr' id='par_1_7' title="bbox 276 1377 1669 1502">
     <span class='ocr_line' id='line_1_17' title="bbox 390 1377 1669 1432; baseline -0.002 -12"><span class='ocrx_word' id='word_1_121' title='bbox 390 1383 484 1420; x_wconf 80' lang='lat'>322.</span> <span class='ocrx_word' id='word_1_122' title='bbox 544 1379 759 1429; x_wconf 72' lang='lat' dir='ltr'>complexus</span> <span class='ocrx_word' id='word_1_123' title='bbox 802 1378 917 1428; x_wconf 86' lang='lat' dir='ltr'>esset]</span> <span class='ocrx_word' id='word_1_124' title='bbox 968 1377 1009 1418; x_wconf 83' lang='lat' dir='ltr'>id</span> <span class='ocrx_word' id='word_1_125' title='bbox 1053 1383 1111 1418; x_wconf 83' lang='lat' dir='ltr'>est</span> <span class='ocrx_word' id='word_1_126' title='bbox 1154 1379 1361 1425; x_wconf 70' lang='lat' dir='ltr'>didicisset,</span> <span class='ocrx_word' id='word_1_127' title='bbox 1413 1384 1455 1419; x_wconf 83' lang='lat' dir='ltr'>ut</span> <span class='ocrx_word' id='word_1_128' title='bbox 1497 1378 1669 1432; x_wconf 81' lang='lat' dir='ltr'>explicat</span> 
     </span>
     <span class='ocr_line' id='line_1_18' title="bbox 276 1444 1249 1502; baseline -0.005 -13"><span class='ocrx_word' id='word_1_129' title='bbox 276 1447 595 1502; x_wconf 86' lang='lat' dir='ltr'>Wyttenbachius</span> <span class='ocrx_word' id='word_1_130' title='bbox 625 1447 664 1485; x_wconf 94' lang='lat' dir='ltr'>in</span> <span class='ocrx_word' id='word_1_131' title='bbox 692 1445 795 1485; x_wconf 86' lang='lat' dir='ltr'>Bihl.</span> <span class='ocrx_word' id='word_1_132' title='bbox 824 1444 918 1485; x_wconf 88' lang='lat' dir='ltr'>Crit.</span> <span class='ocrx_word' id='word_1_133' title='bbox 948 1445 1027 1486; x_wconf 83' lang='lat' dir='ltr'>vol.</span> <span class='ocrx_word' id='word_1_134' title='bbox 1056 1445 1085 1486; x_wconf 93' lang='lat' dir='ltr'>I.</span> <span class='ocrx_word' id='word_1_135' title='bbox 1115 1458 1154 1498; x_wconf 91' lang='lat' dir='ltr'>p.</span> <span class='ocrx_word' id='word_1_136' title='bbox 1186 1447 1249 1485; x_wconf 82' lang='lat'>14.</span> 
     </span>
    </p>
   </div>
   <div class='ocr_carea' id='block_1_8' title="bbox 277 1522 1670 1841">
    <p class='ocr_par' dir='ltr' id='par_1_8' title="bbox 277 1522 1670 1841">
     <span class='ocr_line' id='line_1_19' title="bbox 390 1522 1668 1576; baseline 0 -13"><span class='ocrx_word' id='word_1_137' title='bbox 390 1527 548 1575; x_wconf 78' lang='lat' dir='ltr'>beneque</span> <span class='ocrx_word' id='word_1_138' title='bbox 577 1523 772 1573; x_wconf 67' lang='lat' dir='ltr'>dictorum]</span> <span class='ocrx_word' id='word_1_139' title='bbox 804 1523 1079 1563; x_wconf 89' lang='lat' dir='ltr'>sententiarum</span> <span class='ocrx_word' id='word_1_140' title='bbox 1109 1522 1299 1574; x_wconf 84' lang='lat' dir='ltr'>dignitate</span> <span class='ocrx_word' id='word_1_141' title='bbox 1328 1523 1548 1576; x_wconf 87' lang='lat' dir='ltr'>plenarum,</span> <span class='ocrx_word' id='word_1_142' title='bbox 1581 1524 1668 1575; x_wconf 89' lang='lat' dir='ltr'>qui-</span> 
     </span>
     <span class='ocr_line' id='line_1_20' title="bbox 277 1589 1668 1642; baseline -0.003 -9"><span class='ocrx_word' id='word_1_143' title='bbox 277 1595 349 1633; x_wconf 86' lang='lat' dir='ltr'>hus</span> <span class='ocrx_word' id='word_1_144' title='bbox 378 1594 493 1632; x_wconf 91' lang='lat' dir='ltr'>homo</span> <span class='ocrx_word' id='word_1_145' title='bbox 528 1590 578 1630; x_wconf 88' lang='lat' dir='ltr'>ad</span> <span class='ocrx_word' id='word_1_146' title='bbox 605 1591 767 1641; x_wconf 83' lang='lat' dir='ltr'>egregie</span> <span class='ocrx_word' id='word_1_147' title='bbox 795 1589 1014 1629; x_wconf 87' lang='lat' dir='ltr'>faciendum</span> <span class='ocrx_word' id='word_1_148' title='bbox 1043 1590 1239 1630; x_wconf 83' lang='lat' dir='ltr'>incitetur:</span> <span class='ocrx_word' id='word_1_149' title='bbox 1271 1603 1347 1642; x_wconf 88' lang='lat' dir='ltr'>quo</span> <span class='ocrx_word' id='word_1_150' title='bbox 1371 1602 1516 1641; x_wconf 87' lang='lat' dir='ltr'>genere</span> <span class='ocrx_word' id='word_1_151' title='bbox 1546 1591 1668 1630; x_wconf 87' lang='lat' dir='ltr'>abun-</span> 
     </span>
     <span class='ocr_line' id='line_1_21' title="bbox 278 1657 1670 1709; baseline -0.003 -8"><span class='ocrx_word' id='word_1_152' title='bbox 278 1661 424 1701; x_wconf 85' lang='lat' dir='ltr'>dabant</span> <span class='ocrx_word' id='word_1_153' title='bbox 463 1658 587 1700; x_wconf 80' lang='lat' dir='ltr'>Stoici</span> <span class='ocrx_word' id='word_1_154' title='bbox 630 1662 667 1696; x_wconf 89' lang='lat' dir='ltr'>et</span> <span class='ocrx_word' id='word_1_155' title='bbox 704 1657 981 1708; x_wconf 84' lang='lat' dir='ltr'>Peripatetici,</span> <span class='ocrx_word' id='word_1_156' title='bbox 1025 1669 1189 1709; x_wconf 85' lang='lat' dir='ltr'>quorum</span> <span class='ocrx_word' id='word_1_157' title='bbox 1231 1658 1291 1696; x_wconf 88' lang='lat' dir='ltr'>his</span> <span class='ocrx_word' id='word_1_158' title='bbox 1333 1657 1539 1709; x_wconf 88' lang='lat' dir='ltr'>plurimum</span> <span class='ocrx_word' id='word_1_159' title='bbox 1584 1669 1670 1698; x_wconf 89' lang='lat' dir='ltr'>sese</span> 
     </span>
     <span class='ocr_line' id='line_1_22' title="bbox 279 1723 1670 1777; baseline -0.002 -11"><span class='ocrx_word' id='word_1_160' title='bbox 279 1727 421 1767; x_wconf 88' lang='lat' dir='ltr'>debere</span> <span class='ocrx_word' id='word_1_161' title='bbox 450 1725 578 1765; x_wconf 88' lang='lat' dir='ltr'>multis</span> <span class='ocrx_word' id='word_1_162' title='bbox 601 1723 700 1763; x_wconf 86' lang='lat' dir='ltr'>locis</span> <span class='ocrx_word' id='word_1_163' title='bbox 730 1723 874 1762; x_wconf 88' lang='lat' dir='ltr'>fatetur</span> <span class='ocrx_word' id='word_1_164' title='bbox 899 1723 1056 1773; x_wconf 85' lang='lat' dir='ltr'>Cicero,</span> <span class='ocrx_word' id='word_1_165' title='bbox 1088 1724 1181 1776; x_wconf 86' lang='lat' dir='ltr'>quia</span> <span class='ocrx_word' id='word_1_166' title='bbox 1209 1724 1399 1764; x_wconf 90' lang='lat' dir='ltr'>sentiendi</span> <span class='ocrx_word' id='word_1_167' title='bbox 1426 1725 1670 1777; x_wconf 82' lang='lat' dir='ltr'>prudentiam</span> 
     </span>
     <span class='ocr_line' id='line_1_23' title="bbox 280 1790 1354 1841; baseline -0.003 -7"><span class='ocrx_word' id='word_1_168' title='bbox 280 1806 365 1834; x_wconf 90' lang='lat' dir='ltr'>cum</span> <span class='ocrx_word' id='word_1_169' title='bbox 394 1790 547 1832; x_wconf 88' lang='lat' dir='ltr'>dicendi</span> <span class='ocrx_word' id='word_1_170' title='bbox 574 1791 728 1830; x_wconf 84' lang='lat' dir='ltr'>flumine</span> <span class='ocrx_word' id='word_1_171' title='bbox 759 1795 796 1829; x_wconf 91' lang='lat' dir='ltr'>et</span> <span class='ocrx_word' id='word_1_172' title='bbox 827 1790 1027 1841; x_wconf 85' lang='lat' dir='ltr'>elegantia</span> <span class='ocrx_word' id='word_1_173' title='bbox 1056 1791 1354 1841; x_wconf 89' lang='lat' dir='ltr'>coniungebant.</span> 
     </span>
    </p>
   </div>
   <div class='ocr_carea' id='block_1_9' title="bbox 279 1878 1675 2800">
    <p class='ocr_par' dir='ltr' id='par_1_9' title="bbox 279 1878 1675 2800">
     <span class='ocr_line' id='line_1_24' title="bbox 393 1878 1670 1932; baseline 0 -13"><span class='ocrx_word' id='word_1_174' title='bbox 393 1882 438 1920; x_wconf 81' lang='lat' dir='ltr'>ab</span> <span class='ocrx_word' id='word_1_175' title='bbox 467 1879 614 1928; x_wconf 63' lang='lat' dir='ltr'>inferis]</span> <span class='ocrx_word' id='word_1_176' title='bbox 646 1878 840 1929; x_wconf 86' lang='lat' dir='ltr'>significat</span> <span class='ocrx_word' id='word_1_177' title='bbox 862 1878 966 1918; x_wconf 86' lang='lat' dir='ltr'>dicta</span> <span class='ocrx_word' id='word_1_178' title='bbox 990 1879 1174 1931; x_wconf 86' lang='lat' dir='ltr'>factaque</span> <span class='ocrx_word' id='word_1_179' title='bbox 1194 1881 1404 1928; x_wconf 88' lang='lat' dir='ltr'>maiorum,</span> <span class='ocrx_word' id='word_1_180' title='bbox 1436 1880 1575 1932; x_wconf 87' lang='lat' dir='ltr'>quihus</span> <span class='ocrx_word' id='word_1_181' title='bbox 1596 1892 1670 1932; x_wconf 90' lang='lat' dir='ltr'>pro</span> 
     </span>
     <span class='ocr_line' id='line_1_25' title="bbox 281 1945 1671 2000; baseline -0.001 -12"><span class='ocrx_word' id='word_1_182' title='bbox 281 1948 457 2000; x_wconf 86' lang='lat' dir='ltr'>exemplo</span> <span class='ocrx_word' id='word_1_183' title='bbox 496 1945 684 1998; x_wconf 89' lang='lat' dir='ltr'>ponendis</span> <span class='ocrx_word' id='word_1_184' title='bbox 714 1945 880 1984; x_wconf 84' lang='lat' dir='ltr'>maxime</span> <span class='ocrx_word' id='word_1_185' title='bbox 916 1946 957 1984; x_wconf 91' lang='lat' dir='ltr'>in</span> <span class='ocrx_word' id='word_1_186' title='bbox 986 1946 1186 1984; x_wconf 87' lang='lat' dir='ltr'>suadenda</span> <span class='ocrx_word' id='word_1_187' title='bbox 1216 1946 1552 1998; x_wconf 85' lang='lat' dir='ltr'>dissuadendaque</span> <span class='ocrx_word' id='word_1_188' title='bbox 1580 1947 1671 1997; x_wconf 86' lang='lat' dir='ltr'>lege</span> 
     </span>
     <span class='ocr_line' id='line_1_26' title="bbox 281 2011 1669 2064; baseline -0.001 -10"><span class='ocrx_word' id='word_1_189' title='bbox 281 2015 479 2054; x_wconf 87' lang='lat' dir='ltr'>auditores</span> <span class='ocrx_word' id='word_1_190' title='bbox 508 2017 753 2052; x_wconf 84' lang='lat' dir='ltr'>moverentur</span> <span class='ocrx_word' id='word_1_191' title='bbox 781 2011 846 2052; x_wconf 86' lang='lat' dir='ltr'>vel</span> <span class='ocrx_word' id='word_1_192' title='bbox 876 2011 1175 2051; x_wconf 89' lang='lat' dir='ltr'>deterrerentur.</span> <span class='ocrx_word' id='word_1_193' title='bbox 1218 2012 1355 2051; x_wconf 88' lang='lat' dir='ltr'>Cicero</span> <span class='ocrx_word' id='word_1_194' title='bbox 1379 2012 1477 2064; x_wconf 91' lang='lat' dir='ltr'>Top.</span> <span class='ocrx_word' id='word_1_195' title='bbox 1508 2015 1571 2060; x_wconf 90' lang='grc'>10,</span> <span class='ocrx_word' id='word_1_196' title='bbox 1595 2014 1669 2052; x_wconf 81' lang='lat'>45:</span> 
     </span>
     <span class='ocr_line' id='line_1_27' title="bbox 279 2077 1671 2129; baseline -0.001 -10"><span class='ocrx_word' id='word_1_197' title='bbox 279 2084 319 2119; x_wconf 72' lang='lat' dir='ltr'>in</span> <span class='ocrx_word' id='word_1_198' title='bbox 354 2082 421 2119; x_wconf 76' lang='lat' dir='ltr'>hoc</span> <span class='ocrx_word' id='word_1_199' title='bbox 460 2092 590 2129; x_wconf 73' lang='lat' dir='ltr'>ycncrc</span> <span class='ocrx_word' id='word_1_200' title='bbox 628 2077 672 2127; x_wconf 90' lang='lat' dir='ltr'>(i.</span> <span class='ocrx_word' id='word_1_201' title='bbox 710 2089 745 2117; x_wconf 85' lang='lat' dir='ltr'>e.</span> <span class='ocrx_word' id='word_1_202' title='bbox 776 2077 981 2129; x_wconf 83' lang='lat' dir='ltr'>exemplis)</span> <span class='ocrx_word' id='word_1_203' title='bbox 1019 2078 1230 2116; x_wconf 57' lang='lat' dir='ltr'>oratoribus</span> <span class='ocrx_word' id='word_1_204' title='bbox 1259 2079 1292 2117; x_wconf 61' lang='lat'>85</span> <span class='ocrx_word' id='word_1_205' title='bbox 1321 2079 1552 2128; x_wconf 70' lang='lat' dir='ltr'>philosophis</span> <span class='ocrx_word' id='word_1_206' title='bbox 1581 2093 1671 2117; x_wconf 79' lang='lat' dir='ltr'>con-</span> 
     </span>
     <span class='ocr_line' id='line_1_28' title="bbox 281 2144 1673 2194; baseline -0.002 -9"><span class='ocrx_word' id='word_1_207' title='bbox 281 2161 422 2186; x_wconf 74' lang='lat' dir='ltr'>cessum</span> <span class='ocrx_word' id='word_1_208' title='bbox 452 2151 527 2191; x_wconf 85' lang='lat' dir='ltr'>est,</span> <span class='ocrx_word' id='word_1_209' title='bbox 562 2150 603 2182; x_wconf 78' lang='lat' dir='ltr'>ut</span> <span class='ocrx_word' id='word_1_210' title='bbox 631 2150 733 2181; x_wconf 78' lang='lat' dir='ltr'>muta</span> <span class='ocrx_word' id='word_1_211' title='bbox 764 2147 876 2182; x_wconf 68' lang='lat' dir='ltr'>ctiam</span> <span class='ocrx_word' id='word_1_212' title='bbox 904 2145 1124 2194; x_wconf 81' lang='lat' dir='ltr'>loquantur,</span> <span class='ocrx_word' id='word_1_213' title='bbox 1153 2150 1195 2181; x_wconf 80' lang='lat' dir='ltr'>ut</span> <span class='ocrx_word' id='word_1_214' title='bbox 1217 2147 1353 2182; x_wconf 68' lang='lat' dir='ltr'>mortui</span> <span class='ocrx_word' id='word_1_215' title='bbox 1376 2144 1421 2181; x_wconf 82' lang='lat' dir='ltr'>ab</span> <span class='ocrx_word' id='word_1_216' title='bbox 1450 2145 1582 2191; x_wconf 68' lang='lat' dir='ltr'>‘inferis</span> <span class='ocrx_word' id='word_1_217' title='bbox 1604 2158 1673 2182; x_wconf 65' lang='lat' dir='ltr'>ea*-</span> 
     </span>
     <span class='ocr_line' id='line_1_29' title="bbox 282 2211 1674 2261; baseline -0.003 -9"><span class='ocrx_word' id='word_1_218' title='bbox 282 2218 450 2252; x_wconf 74' lang='lat' dir='ltr'>citcntur.</span> <span class='ocrx_word' id='word_1_219' title='bbox 511 2212 772 2261; x_wconf 84' lang='lat' dir='ltr'>Quintilianus</span> <span class='ocrx_word' id='word_1_220' title='bbox 802 2211 867 2252; x_wconf 87' lang='lat' dir='ltr'>IV.</span> <span class='ocrx_word' id='word_1_221' title='bbox 901 2213 945 2259; x_wconf 87' lang='lat' dir='ltr'>l,</span> <span class='ocrx_word' id='word_1_222' title='bbox 976 2212 1048 2251; x_wconf 82' lang='lat'>28:</span> <span class='ocrx_word' id='word_1_223' title='bbox 1087 2214 1124 2249; x_wconf 81' lang='grc' dir='ltr'>ὶη</span> <span class='ocrx_word' id='word_1_224' title='bbox 1154 2212 1297 2261; x_wconf 71' lang='lat' dir='ltr'>epiloyo</span> <span class='ocrx_word' id='word_1_225' title='bbox 1321 2223 1407 2249; x_wconf 81' lang='lat' dir='ltr'>vcro</span> <span class='ocrx_word' id='word_1_226' title='bbox 1438 2211 1546 2248; x_wconf 67' lang='lat' dir='ltr'>liceat</span> <span class='ocrx_word' id='word_1_227' title='bbox 1576 2217 1674 2249; x_wconf 80' lang='lat' dir='ltr'>totos</span> 
     </span>
     <span class='ocr_line' id='line_1_30' title="bbox 282 2277 1675 2329; baseline -0.002 -11"><span class='ocrx_word' id='word_1_228' title='bbox 282 2279 467 2329; x_wconf 69' lang='lat' dir='ltr'>effimdere</span> <span class='ocrx_word' id='word_1_229' title='bbox 508 2278 663 2327; x_wconf 80' lang='lat' dir='ltr'>affectus</span> <span class='ocrx_word' id='word_1_230' title='bbox 704 2284 738 2316; x_wconf 78' lang='lat' dir='ltr'>ct</span> <span class='ocrx_word' id='word_1_231' title='bbox 775 2277 902 2325; x_wconf 77' lang='lat' dir='ltr'>fictam</span> <span class='ocrx_word' id='word_1_232' title='bbox 933 2281 1139 2316; x_wconf 73' lang='lat' dir='ltr'>orationem</span> <span class='ocrx_word' id='word_1_233' title='bbox 1175 2278 1326 2315; x_wconf 72' lang='lat' dir='ltr'>induere</span> <span class='ocrx_word' id='word_1_234' title='bbox 1354 2280 1523 2327; x_wconf 78' lang='lat' dir='ltr'>personis</span> <span class='ocrx_word' id='word_1_235' title='bbox 1550 2283 1584 2314; x_wconf 83' lang='lat' dir='ltr'>et</span> <span class='ocrx_word' id='word_1_236' title='bbox 1609 2278 1675 2315; x_wconf 79' lang='lat' dir='ltr'>dc-</span> 
     </span>
     <span class='ocr_line' id='line_1_31' title="bbox 281 2343 1675 2396; baseline -0.001 -11"><span class='ocrx_word' id='word_1_237' title='bbox 281 2348 431 2395; x_wconf 72' lang='lat' dir='ltr'>fmtctos</span> <span class='ocrx_word' id='word_1_238' title='bbox 473 2349 639 2384; x_wconf 67' lang='lat' dir='ltr'>excitare</span> <span class='ocrx_word' id='word_1_239' title='bbox 677 2351 711 2383; x_wconf 82' lang='lat' dir='ltr'>ct</span> <span class='ocrx_word' id='word_1_240' title='bbox 746 2348 907 2396; x_wconf 67' lang='lat' dir='ltr'>pignora</span> <span class='ocrx_word' id='word_1_241' title='bbox 938 2358 1065 2383; x_wconf 74' lang='lat' dir='ltr'>eorum</span> <span class='ocrx_word' id='word_1_242' title='bbox 1102 2344 1316 2395; x_wconf 74' lang='lat' dir='ltr'>producere.</span> <span class='ocrx_word' id='word_1_243' title='bbox 1372 2344 1518 2384; x_wconf 85' lang='lat' dir='ltr'>Ultima</span> <span class='ocrx_word' id='word_1_244' title='bbox 1547 2343 1597 2383; x_wconf 82' lang='lat' dir='ltr'>ad</span> <span class='ocrx_word' id='word_1_245' title='bbox 1634 2344 1675 2383; x_wconf 83' lang='lat' dir='ltr'>id</span> 
     </span>
     <span class='ocr_line' id='line_1_32' title="bbox 282 2411 1674 2465; baseline -0.001 -13"><span class='ocrx_word' id='word_1_246' title='bbox 282 2425 406 2465; x_wconf 85' lang='lat' dir='ltr'>genus</span> <span class='ocrx_word' id='word_1_247' title='bbox 444 2413 791 2452; x_wconf 82' lang='lat' dir='ltr'>commiserationis</span> <span class='ocrx_word' id='word_1_248' title='bbox 829 2412 1042 2464; x_wconf 87' lang='lat' dir='ltr'>pertinent,</span> <span class='ocrx_word' id='word_1_249' title='bbox 1085 2424 1160 2464; x_wconf 84' lang='lat' dir='ltr'>qno</span> <span class='ocrx_word' id='word_1_250' title='bbox 1201 2423 1294 2450; x_wconf 90' lang='lat' dir='ltr'>usus</span> <span class='ocrx_word' id='word_1_251' title='bbox 1324 2423 1395 2463; x_wconf 90' lang='lat' dir='ltr'>pro</span> <span class='ocrx_word' id='word_1_252' title='bbox 1427 2422 1469 2450; x_wconf 91' lang='lat' dir='ltr'>se</span> <span class='ocrx_word' id='word_1_253' title='bbox 1500 2416 1557 2450; x_wconf 90' lang='lat' dir='ltr'>est</span> <span class='ocrx_word' id='word_1_254' title='bbox 1586 2411 1674 2451; x_wconf 87' lang='lat' dir='ltr'>Ser.</span> 
     </span>
     <span class='ocr_line' id='line_1_33' title="bbox 284 2477 1675 2532; baseline -0.004 -10"><span class='ocrx_word' id='word_1_255' title='bbox 284 2480 412 2522; x_wconf 85' lang='lat' dir='ltr'>Galba</span> <span class='ocrx_word' id='word_1_256' title='bbox 456 2479 576 2518; x_wconf 85' lang='lat' dir='ltr'>filium</span> <span class='ocrx_word' id='word_1_257' title='bbox 620 2479 665 2520; x_wconf 85' lang='lat' dir='ltr'>G.</span> <span class='ocrx_word' id='word_1_258' title='bbox 707 2480 811 2520; x_wconf 86' lang='lat' dir='ltr'>Galli</span> <span class='ocrx_word' id='word_1_259' title='bbox 853 2479 1063 2532; x_wconf 85' lang='lat' dir='ltr'>propinqui</span> <span class='ocrx_word' id='word_1_260' title='bbox 1107 2480 1167 2518; x_wconf 89' lang='lat' dir='ltr'>sui</span> <span class='ocrx_word' id='word_1_261' title='bbox 1205 2479 1353 2531; x_wconf 89' lang='lat' dir='ltr'>populo</span> <span class='ocrx_word' id='word_1_262' title='bbox 1394 2477 1675 2527; x_wconf 90' lang='lat' dir='ltr'>commendans,</span> 
     </span>
     <span class='ocr_line' id='line_1_34' title="bbox 282 2540 1675 2597; baseline -0.002 -9"><span class='ocrx_word' id='word_1_263' title='bbox 282 2560 317 2589; x_wconf 85' lang='lat' dir='ltr'>v.</span> <span class='ocrx_word' id='word_1_264' title='bbox 344 2546 422 2587; x_wconf 86' lang='lat' dir='ltr'>Cic.</span> <span class='ocrx_word' id='word_1_265' title='bbox 446 2547 556 2586; x_wconf 90' lang='lat' dir='ltr'>Brut.</span> <span class='ocrx_word' id='word_1_266' title='bbox 581 2548 655 2595; x_wconf 88' lang='grc'>23,</span> <span class='ocrx_word' id='word_1_267' title='bbox 680 2548 747 2587; x_wconf 86' lang='grc'>90.</span> <span class='ocrx_word' id='word_1_268' title='bbox 791 2545 996 2586; x_wconf 85' lang='lat' dir='ltr'>Contendit</span> <span class='ocrx_word' id='word_1_269' title='bbox 1018 2545 1247 2597; x_wconf 83' lang='lat' dir='ltr'>Bernhardy</span> <span class='ocrx_word' id='word_1_270' title='bbox 1270 2546 1506 2586; x_wconf 87' lang='lat' dir='ltr'>Graecorum</span> <span class='ocrx_word' id='word_1_271' title='bbox 1529 2540 1675 2585; x_wconf 83' lang='grc' dir='ltr'><strong><em>οἰκεῖα</em></strong></span> 
     </span>
     <span class='ocr_line' id='line_1_35' title="bbox 284 2609 1674 2668; baseline -0.003 -14"><span class='ocrx_word' id='word_1_272' title='bbox 284 2609 647 2668; x_wconf 76' lang='grc' dir='ltr'><em>παραδείγματα,</em></span> <span class='ocrx_word' id='word_1_273' title='bbox 675 2614 715 2652; x_wconf 85' lang='grc'>111</span> <span class='ocrx_word' id='word_1_274' title='bbox 739 2614 877 2665; x_wconf 86' lang='lat' dir='ltr'>quibus</span> <span class='ocrx_word' id='word_1_275' title='bbox 900 2613 1112 2654; x_wconf 87' lang='lat' dir='ltr'>tractandis</span> <span class='ocrx_word' id='word_1_276' title='bbox 1139 2613 1279 2653; x_wconf 89' lang='lat' dir='ltr'>multus</span> <span class='ocrx_word' id='word_1_277' title='bbox 1305 2618 1362 2653; x_wconf 89' lang='lat' dir='ltr'>est</span> <span class='ocrx_word' id='word_1_278' title='bbox 1382 2612 1674 2659; x_wconf 82' lang='lat' dir='ltr'>Domesthenes,</span> 
     </span>
     <span class='ocr_line' id='line_1_36' title="bbox 284 2678 1674 2734; baseline -0.002 -13"><span class='ocrx_word' id='word_1_279' title='bbox 284 2680 439 2732; x_wconf 89' lang='lat' dir='ltr'>Olynth.</span> <span class='ocrx_word' id='word_1_280' title='bbox 462 2680 526 2720; x_wconf 86' lang='grc' dir='ltr'><strong>ΙΙΙ.</strong></span> <span class='ocrx_word' id='word_1_281' title='bbox 548 2693 586 2733; x_wconf 92' lang='lat' dir='ltr'>p.</span> <span class='ocrx_word' id='word_1_282' title='bbox 604 2680 671 2721; x_wconf 83' lang='lat'>35.</span> <span class='ocrx_word' id='word_1_283' title='bbox 711 2681 812 2721; x_wconf 91' lang='lat' dir='ltr'>Phil.</span> <span class='ocrx_word' id='word_1_284' title='bbox 834 2681 900 2722; x_wconf 93' lang='grc' dir='ltr'><strong>ΠΙ.</strong></span> <span class='ocrx_word' id='word_1_285' title='bbox 924 2693 963 2734; x_wconf 85' lang='lat' dir='ltr'>p.</span> <span class='ocrx_word' id='word_1_286' title='bbox 981 2682 1073 2722; x_wconf 90' lang='lat'>117.</span> <span class='ocrx_word' id='word_1_287' title='bbox 1094 2683 1175 2722; x_wconf 83' lang='grc'>120</span> <span class='ocrx_word' id='word_1_288' title='bbox 1189 2693 1276 2734; x_wconf 84' lang='lat' dir='ltr'>sqq.</span> <span class='ocrx_word' id='word_1_289' title='bbox 1314 2680 1500 2723; x_wconf 88' lang='lat' dir='ltr'>Cherson.</span> <span class='ocrx_word' id='word_1_290' title='bbox 1523 2691 1561 2732; x_wconf 87' lang='lat' dir='ltr'>p.</span> <span class='ocrx_word' id='word_1_291' title='bbox 1580 2678 1674 2719; x_wconf 81' lang='grc'>108.</span> 
     </span>
     <span class='ocr_line' id='line_1_37' title="bbox 286 2747 859 2800; baseline 0.007 -15"><span class='ocrx_word' id='word_1_292' title='bbox 286 2758 318 2786; x_wconf 83' lang='lat' dir='ltr'>c.</span> <span class='ocrx_word' id='word_1_293' title='bbox 347 2747 535 2789; x_wconf 88' lang='lat' dir='ltr'>Aristocr.</span> <span class='ocrx_word' id='word_1_294' title='bbox 565 2760 603 2800; x_wconf 87' lang='lat' dir='ltr'>p.</span> <span class='ocrx_word' id='word_1_295' title='bbox 634 2749 729 2789; x_wconf 76' lang='lat'>686.</span> <span class='ocrx_word' id='word_1_296' title='bbox 764 2749 859 2789; x_wconf 78' lang='lat'>689.</span> 
     </span>
    </p>
   </div>
   <div class='ocr_carea' id='block_1_10' title="bbox 1779 342 1835 3126">
    <p class='ocr_par' dir='ltr' id='par_1_10' title="bbox 1779 342 1835 3126">
     <span class='ocr_line' id='line_1_38' title="bbox 1779 342 1835 3126; baseline 0 0"><span class='ocrx_word' id='word_1_297' title='bbox 1779 342 1835 3126; x_wconf 95' lang='lat' dir='ltr'> </span> 
     </span>
    </p>
   </div>
  </div>
 </body>
</html>
