1835 3126
10 298 13 316 ἱ
331 249 413 292 AD
447 250 558 294 (210.
590 250 857 294 BRUTUM
890 252 1008 296 GAP.
1039 255 1078 297 6.
1110 256 1147 298 7.
1178 255 1218 299 8.
1356 258 1473 302 332

10 318 13 445 ἶ
191 375 238 401 ex
279 364 439 413 quinque
472 364 593 414 rebus]
639 365 879 415 inventione,
919 367 1195 420 dispositione,
1240 369 1471 420 elocutione,

80 430 285 478 memoria,
316 430 490 470 actione:
521 444 557 471 v.
582 431 629 471 de
655 432 723 472 Or.
748 432 776 471 Ι.
804 435 879 482 31,
909 437 1001 476 142.
1038 436 1086 475 ΙΙ.
1115 438 1189 485 19,
1211 437 1277 476 79.
1309 437 1468 486 Quintil.

78 497 142 537 111.
176 498 220 544 3,
251 498 290 536 7.

187 563 270 604 VH.
326 565 393 604 26.
451 566 698 601 monumentis
736 571 768 602 et
803 566 934 616 literis]
972 566 1202 618 Bernhardy
1241 567 1471 619 hendyadyn

77 631 192 670 etiam
229 635 319 682 post
355 630 547 670 Lobeckii
585 642 699 670 curas
739 631 789 671 ad
826 632 887 672 Ai.
933 634 1024 674 145.
1064 634 1211 673 nullam
1248 645 1334 674 esse
1374 647 1469 687 pro-

74 698 254 737 nuntians
285 697 455 749 explicat
485 698 700 737 orationem
731 699 848 736 literis
877 706 911 737 et
939 701 1068 738 usibus
1088 701 1245 751 publicis
1272 713 1357 741 esse
1388 707 1468 741 tra-

76 765 205 804 ditam.
265 764 368 813 Quid
402 765 452 803 sit
480 764 608 802 usibus
637 764 793 814 publicis
828 766 971 804 tradita
1001 771 1124 805 oratio
1159 779 1236 807 non
1266 768 1468 819 intellig0;

76 833 110 870 si
133 831 405 882 intelligerem,
432 844 540 868 usum
562 831 754 871 vocabulo
778 839 1098 871 monumento-rum
1122 834 1337 885 significari
1352 847 1470 886 posse

74 910 274 950 negarem.
329 898 478 940 Vellem
512 898 586 937 hoc
623 898 839 950 exemplum
876 899 1110 939 addidissem
1148 901 1250 948 illis,
1291 913 1391 951 quae
1421 901 1469 940 de

74 977 170 1006 vera
207 964 434 1016 hendyadye
476 964 580 1015 apud
619 964 847 1004 Ciceronem
883 966 1047 1016 exposui
1082 966 1199 1018 Expl.
1234 966 1275 1004 in
1315 966 1362 1005 de
1398 967 1465 1007 Or.

74 1033 103 1073 Ι.
134 1035 210 1080 21,
241 1034 309 1072 94.

187 1100 253 1137 27.
311 1096 502 1145 Periclem]
531 1095 792 1144 Quintilianus
808 1096 874 1135 III.
895 1098 930 1144 l,
951 1099 1014 1137 12.
1044 1097 1132 1138 XII.
1150 1101 1187 1147 2,
1205 1101 1272 1138 22.
1304 1101 1370 1147 10,
1384 1100 1468 1149 49„

74 1178 158 1206 cum
195 1169 314 1215 negat
352 1174 448 1203 vera
475 1161 640 1202 Periclis
679 1163 826 1215 scripta
855 1162 906 1202 ad
933 1165 1200 1215 posteritatem
1229 1168 1468 1218 pervenisse,

72 1233 226 1273 minime
255 1235 403 1283 pugnat
427 1241 511 1269 cum
533 1226 745 1278 Cicerone,
776 1230 884 1268 cuius
908 1230 1076 1282 prudens
1101 1233 1290 1273 orationis
1321 1239 1467 1287 tempe-

71 1298 220 1340 randae
244 1296 447 1336 artificium
470 1297 564 1335 satis
594 1295 740 1335 indicat
762 1295 875 1335 fidem
897 1298 1149 1349 scriptorum,
1180 1311 1280 1351 quae
1301 1300 1468 1341 Periclis

72 1366 226 1407 nomine
251 1363 642 1411 circumferebantur,
672 1362 733 1401 illi
754 1362 1007 1403 dubitabilem
1029 1365 1166 1405 visam.
1209 1367 1336 1407 Aliter
1364 1368 1468 1408 iudi-

73 1434 176 1474 cavit
197 1431 433 1484 Spengelius
462 1431 561 1470 Artt.
587 1430 745 1482 Scriptt.
774 1441 813 1480 Ρ.
837 1431 927 1479 61.,
958 1431 1045 1480 sed,
1077 1444 1192 1484 quam
1220 1434 1254 1473 is
1286 1436 1469 1487 opposuit

71 1500 237 1542 Periclis
262 1497 456 1551 quandam
479 1497 706 1536 sententiam
730 1497 779 1536 ab
802 1498 1015 1538 Aristotele
1039 1505 1245 1548 servatam,
1272 1512 1319 1539 ea
1340 1513 1466 1553 popu—

71 1568 150 1608 lari
179 1566 366 1607 memoria
393 1569 544 1604 retenta
570 1563 734 1605 videtur.
777 1563 858 1604 Nec
888 1576 937 1604 ex
966 1566 1144 1606 oratione
1172 1567 1328 1606 funebri
1359 1567 1465 1620 apud

71 1633 334 1686 Thucydidem
370 1632 476 1671 lecta
510 1630 558 1670 ΙΙ.
590 1630 643 1671 35
674 1643 758 1683 sqq.
817 1631 968 1683 aliquid
1004 1631 1051 1672 de
1080 1633 1236 1673 Pericle
1273 1634 1467 1686 scriptore

71 1701 310 1753 suspicatum
351 1699 580 1740 Ciceronem
607 1697 861 1749 Bernhardyo
901 1700 1105 1740 assentior.
1168 1700 1315 1741 Confer
1350 1702 1465 1741 etiam

70 1769 224 1809 Ruhnk.
253 1767 351 1806 Hist.
385 1765 482 1806 Crit.
514 1765 582 1805 Or.
615 1765 679 1806 Gr.
707 1778 746 1817 p.
775 1765 963 1805 XXXIX.

184 1833 442 1882 Pisistratimi]
476 1832 558 1872 eius
582 1832 806 1883 eloquentia
827 1831 1012 1871 laudatur
1034 1832 1081 1872 de
1105 1834 1172 1874 Or.
1189 1834 1255 1874 111.
1274 1835 1340 1882 34,
1359 1835 1465 1884 137„

71 1902 236 1942 maxime
267 1899 371 1952 quod
400 1899 596 1949 ingenium
625 1898 750 1937 literis
780 1899 1116 1939 instructissimum
1144 1900 1339 1940 habuerit.

185 1969 251 2008 28.
310 1965 534 2015 temporibus
563 1965 652 2015 illis]
682 1976 800 2017 saepe
828 1964 930 2005 idem
954 1972 1012 2006 est
1034 1972 1150 2019 atque
1172 1973 1213 2004 ut
1238 1968 1465 2017 temporibus

68 2037 166 2081 illis,
209 2034 235 2073 i.
271 2044 304 2072 e.
344 2043 417 2084 pro
457 2037 672 2084 temporum
713 2032 872 2072 illorum
900 2038 1042 2073 natura
1074 2039 1111 2073 et
1141 2034 1387 2074 condicione:
1427 2046 1464 2075 v.

70 2101 185 2154 Expl.
225 2099 274 2139 ad
301 2099 348 2139 de
379 2100 446 2139 Or.
476 2099 524 2139 II.
559 2101 602 2147 l,
634 2101 694 2146 1.;
733 2099 781 2138 de
809 2099 991 2139 uberiore
1018 2100 1189 2139 formula
1217 2106 1258 2137 ut
1284 2103 1463 2150 tempori-

71 2170 137 2207 bus
165 2169 262 2213 iilis,
292 2167 339 2206 de
370 2179 447 2218 qua
475 2166 641 2218 primuS,
665 2164 734 2203 sed
762 2177 900 2216 parum
930 2165 1108 2205 distincte
1136 2167 1217 2217 egit
1244 2166 1303 2205 De
1325 2166 1464 2205 Monte

69 2237 109 2275 in
137 2234 252 2275 Latio
287 2234 465 2272 restituto
496 2232 574 2272 vol.
604 2231 671 2271 III.
701 2243 740 2283 Ρ.
773 2232 916 2279 1182.,
954 2231 1053 2270 hene
1083 2232 1254 2272 Kritzius
1284 2233 1465 2285 exposuit

71 2302 122 2341 ad
151 2300 251 2341 Sall.
281 2299 367 2350 Iug.
397 2312 435 2351 p.
469 2299 551 2339 579
584 2310 669 2350 sqq.
728 2297 812 2337 Hoc
855 2303 982 2337 autem
1017 2298 1106 2338 loco
1131 2299 1229 2339 nihil
1256 2299 1463 2348 indicatur,

69 2369 146 2408 nisi
188 2366 393 2419 aequalem
434 2365 518 2405 fere
556 2371 672 2412 atque
702 2377 910 2417 supparem
941 2366 1088 2406 Pericli
1114 2366 1238 2406 fuisse
1267 2365 1462 2416 Cleonem,

71 2446 195 2488 eaque
224 2434 263 2474 vi
292 2433 431 2473 dieitur
461 2434 575 2472 etiam
605 2432 651 2471 de
682 2432 748 2472 Or.
779 2432 827 2472 II.
859 2433 933 2480 23,
963 2433 1032 2473 98.

182 2502 283 2544 VIII.
343 2502 408 2540 30.
467 2500 571 2548 facta
602 2523 653 2528 ——
685 2499 819 2549 oratio]
860 2500 909 2538 ab
949 2506 1113 2551 argento
1149 2513 1326 2553 auroque
1355 2501 1462 2542 facto

69 2572 96 2610 i.
129 2582 162 2610 e.
191 2570 297 2609 vasis
328 2568 457 2607 aureis
488 2569 781 2622 argenteisque,
812 2580 914 2621 quae
942 2567 1124 2610 Wetzelii
1152 2573 1190 2608 et
1217 2567 1463 2618 Bernhardyi

70 2637 262 2678 sententia
307 2640 386 2683 est,
431 2635 660 2675 translatum
702 2648 781 2676 non
824 2636 1060 2687 putaverim3
1100 2634 1295 2686 significat
1334 2639 1462 2673 autem

70 2709 247 2745 ornatam
284 2701 491 2742 secundum
529 2708 743 2756 praecepta
782 2703 897 2751 artis,
934 2714 971 2742 v.
1007 2701 1163 2741 Ernesti
1199 2701 1296 2741 Lex.
1336 2701 1461 2740 techn.

68 2771 157 2813 Lat.
184 2783 219 2813 v.
243 2770 380 2818 facere.
425 2768 504 2811 Sed
525 2770 651 2817 factus
674 2771 834 2824 proprie
856 2767 1050 2821 significat
1073 2768 1296 2820 perfectum,
1321 2768 1464 2821 quippe

1130 2845 1186 2886 22
