1835 3126
308 230 435 279 :366
738 224 1275 269 EXPLICATIONES

419 342 639 380 domesticas
662 338 891 388 disciplinas]
923 339 1018 377 iuris
1040 339 1283 390 prudentiam
1306 338 1580 379 bereditarium
1604 336 1696 377 Mu-

307 412 391 450 ciae
422 407 548 459 gentis
573 406 729 445 bonum.

421 479 464 513 P.
496 472 730 521 Scaevolam]
763 471 796 509 is
828 482 906 510 cos.
938 482 973 508 a.
999 470 1078 509 621
1107 470 1146 509 in
1171 470 1231 509 Ti.
1259 472 1433 510 Graccho
1463 470 1696 517 mitissimus,

306 543 483 598 pontifex
526 540 713 580 maximus
750 538 790 577 in
829 537 957 576 locum
995 537 1171 576 Muciani
1209 537 1344 575 fratris
1383 543 1557 586 creatus3
1599 536 1698 576 iuris

307 610 492 651 fundator
530 606 632 646 idem
670 617 754 644 cum
791 605 912 643 Bruto
957 608 993 642 et
1021 604 1189 644 Manilio
1229 603 1368 642 dicitur
1396 603 1609 656 Pomponio
1651 603 1697 643 de

309 679 376 718 Or.
408 676 485 715 Iur.
526 686 557 714 c.
587 676 630 721 3,
663 675 727 712 39.
785 671 927 711 Filium
965 668 1102 710 habuit
1142 670 1189 720 Q.
1220 670 1452 711 Scaevolam
1494 681 1573 709 cos.
1615 681 1698 709 cum

307 746 353 785 L.
385 743 530 783 Crasso
562 746 720 780 oratore
753 752 788 777 a.
819 739 901 778 659
925 738 1090 790 itemque
1119 738 1339 790 pontificem
1367 737 1587 776 maximum.

419 811 486 850 99.
548 809 586 844 G.
619 809 757 844 Fannii
784 828 839 832 —
872 806 911 842 C.
941 805 1055 855 filius]
1086 805 1198 844 huius
1228 810 1343 857 pater
1373 804 1415 844 C.
1446 804 1590 844 Strabo
1621 813 1700 842 cos.

309 890 394 918 cum
429 877 488 917 M.
514 874 674 916 Valerio
704 872 899 913 Messalla
939 884 974 911 a.
1008 872 1089 912 593
1128 871 1230 922 legis
1271 871 1533 923 sumptuariae
1565 874 1702 909 auctor

310 943 517 985 secundum
537 942 705 982 Plinium
728 941 777 980 X.
794 942 861 980 50.
907 939 948 979 C.
966 939 1135 979 Fannius
1160 939 1201 979 G.
1220 939 1265 978 F.
1291 938 1426 978 consul
1450 938 1522 977 fuit
1547 949 1582 976 a.
1599 938 1702 984 632;

312 1024 388 1065 quo
429 1012 514 1062 ipso
551 1020 651 1048 anno
693 1019 775 1047 cum
813 1007 854 1047 C.
888 1007 1085 1046 Gracchus
1121 1007 1212 1057 lege
1250 1019 1323 1045 sua
1355 1005 1401 1045 de
1432 1005 1587 1045 civitate
1617 1015 1701 1043 cum

309 1079 426 1118 sociis
459 1074 775 1116 communicanda
805 1075 933 1113 omnia
961 1074 1157 1121 misceret,
1188 1070 1357 1112 Fannius
1383 1072 1519 1112 consul
1547 1071 1607 1110 illi
1632 1070 1701 1109 ad-

309 1150 486 1185 versatus
517 1142 731 1181 orationem
764 1141 810 1179 de
841 1141 956 1180 sociis
993 1145 1029 1179 et
1058 1141 1210 1179 nomine
1238 1140 1378 1179 Latino
1406 1140 1559 1186 habuit,
1600 1148 1701 1190 quae

310 1211 438 1250 statim
469 1212 808 1248 commemoratur:
841 1208 922 1245 eius
954 1207 1076 1246 verba
1097 1207 1287 1258 quaedam
1310 1207 1466 1245 retinuit
1495 1206 1631 1246 Cic-ero
1655 1204 1701 1243 de

311 1280 377 1320 Or.
408 1277 473 1316 ΙΙΙ.
504 1277 576 1323 47,
610 1274 702 1313 183.

424 1357 448 1381 a
492 1344 531 1379 G.
574 1340 715 1389 Pet-sto]
756 1339 912 1377 literato
959 1338 1112 1377 homine
1157 1343 1193 1377 et
1235 1338 1361 1390 perito
1407 1349 1539 1376 earum
1574 1348 1703 1376 rerum

312 1411 599 1455 existimatore,
645 1418 756 1458 quem
793 1405 855 1446 vel
887 1405 1061 1445 Lucilius
1095 1410 1213 1457 poeta
1244 1406 1344 1444 alias
1378 1405 1517 1456 lingua
1554 1415 1703 1456 procax

312 1478 477 1518 iudicem
505 1475 731 1516 verebatur:
765 1473 844 1514 Cic.
877 1472 923 1512 de
955 1473 1021 1513 Or.
1051 1472 1099 1512 II.
1131 1474 1176 1521 6,
1208 1472 1274 1513 25.
1318 1472 1402 1512 Fin.
1434 1472 1462 1511 I.
1495 1474 1541 1520 3,
1573 1473 1610 1511 7.

427 1545 519 1584 100.
578 1541 749 1590 confusa]
781 1541 837 1579 ita
865 1540 975 1588 fusa,
1006 1545 1047 1580 ut
1076 1540 1115 1579 in
1142 1553 1257 1579 unum
1278 1552 1418 1592 corpus
1447 1540 1583 1580 variae
1608 1538 1705 1578 illae

310 1617 472 1665 partes,
521 1622 570 1649 ex
615 1609 753 1661 quibus
800 1608 1015 1660 composita
1060 1613 1183 1657 esset,
1230 1607 1518 1647 coalescerent:
1563 1605 1705 1645 dictum

310 1679 472 1732 proprie
503 1677 550 1716 de
581 1676 683 1715 aeris
707 1676 890 1724 materia,
931 1687 1031 1728 quae
1060 1687 1138 1714 non
1167 1687 1244 1714 una
1275 1680 1352 1724 est,
1385 1674 1453 1715 sed
1477 1686 1526 1713 ex
1555 1673 1703 1713 duabus

313 1747 515 1797 colligata.
575 1744 635 1783 Ita
671 1756 859 1781 sermones
903 1743 1125 1790 confundere
1162 1746 1200 1780 in
1231 1756 1341 1781 unum
1375 1743 1400 1781 i.
1427 1754 1460 1782 e.
1492 1741 1704 1781 conciliare

313 1819 350 1853 et
374 1813 565 1862 colligere
599 1811 711 1850 Livio
743 1810 884 1849 dictum
912 1810 995 1851 VII.
1030 1812 1093 1849 12.

427 1878 520 1915 idem
543 1876 665 1925 stilus]
689 1876 868 1923 Ernesto,
894 1877 955 1915 cui
978 1877 1088 1915 stilus
1112 1888 1184 1928 pro
1206 1889 1336 1925 yenere
1360 1879 1543 1914 orationis
1564 1875 1705 1915 dictum

312 1945 531 1991 videretur,
564 1955 642 1994 qua
670 1943 707 1982 vi
736 1947 908 1982 nostrum
934 1943 1008 1979 Stil
1029 1942 1247 1994 praeditum
1270 1947 1345 1990 est,
1379 1943 1561 1993 placebat
1585 1943 1703 1981 scribi

311 2012 440 2060 filum,
476 2021 570 2048 sane
597 2010 779 2048 usitatum
808 2008 906 2047 illud
937 2009 1118 2049 Ciceroni
1149 2009 1195 2048 de
1224 2008 1352 2047 forma
1379 2009 1579 2048 orationis.
1625 2008 1703 2048 Sed

313 2079 423 2116 smus
466 2081 523 2115 est
562 2079 737 2120 Mamer,
780 2075 908 2114 forma
947 2075 1136 2126 quaedam
1174 2074 1382 2126 eloquendi
1419 2081 1522 2115 certo
1560 2076 1706 2115 homini

313 2149 380 2184 aut
410 2143 529 2183 aetati
563 2142 745 2194 propria,
782 2147 823 2180 ut
851 2142 977 2179 stilum
1007 2143 1177 2179 Atticum
1204 2142 1269 2181 vel
1297 2142 1578 2179 Ciceronianam
1608 2142 1704 2181 (lici-

312 2223 408 2250 mus.
478 2210 580 2247 Idem
623 2209 733 2246 stilus
776 2214 830 2246 est
873 2211 1055 2247 orationis
1098 2208 1292 2259 significat
1337 2220 1421 2247 eum
1463 2219 1548 2247 esse
1586 2210 1705 2248 totius

314 2277 503 2317 orationis
540 2276 735 2325 habitum,
771 2281 813 2316 ut
848 2290 921 2314 uno
956 2279 1064 2326 quasi
1099 2277 1184 2314 stilo
1218 2276 1243 2314 i.
1285 2287 1316 2315 e.
1359 2276 1408 2314 ab
1447 2287 1522 2315 uno
1552 2276 1705 2316 homine

313 2345 460 2397 scripta
485 2343 674 2383 rideatur.

426 2411 667 2459 Maratheno]
694 2410 892 2457 Mai-atho,
918 2410 1132 2450 Phoenices
1156 2411 1252 2449 urbe
1274 2409 1438 2449 oriundo
1453 2411 1704 2450 r.Manne1·ti

316 2479 459 2529 Geogr.
492 2477 585 2518 Orb.
615 2478 744 2529 Antiq.
770 2478 848 2518 vol.
880 2478 942 2519 VI.
973 2490 1012 2530 p.
1041 2476 1069 2516 I.
1102 2489 1139 2529 p.
1165 2479 1260 2518 394.
1318 2476 1477 2517 Notavit
1504 2478 1703 2528 Meyerus.

430 2546 521 2585 101.
584 2545 621 2581 G.
645 2548 814 2583 metus
836 2549 895 2583 M.
918 2544 1033 2595 filius]
1067 2545 1099 2584 is
1130 2545 1235 2584 ultra
1262 2550 1487 2598 praeturam
1513 2556 1589 2584 non
1610 2556 1705 2596 pro-

316 2613 444 2652 cessit.
488 2611 602 2652 Bello
629 2611 946 2663 Carthaginiensi
969 2618 1005 2652 et
1022 2613 1234 2665 Hispanico
1258 2612 1469 2652 fortissime
1496 2612 1704 2664 pugnavit;

318 2679 479 2719 annales
517 2678 688 2731 reliquit.
745 2680 823 2719 Res
853 2680 1090 2720 Fanniorum
1131 2686 1312 2720 accurate
1350 2679 1523 2720 distinxit
1561 2684 1598 2719 et
1636 2690 1704 2718 ex-

318 2747 446 2797 posuit
476 2746 647 2786 Orellins
678 2747 715 2786 in
747 2747 1009 2787 Onomastico.
