1835 3126
329 230 463 275 308
785 255 788 256 ν
856 226 1197 272 CICERONIS

332 337 510 379 Crassus
553 342 591 378 et
627 333 793 377 Lentuli
834 336 932 389 duo)
973 338 1127 392 primas
1166 339 1208 380 in
1244 340 1384 382 causis
1422 338 1573 394 agebat
1610 336 1716 380 Hor*

330 415 512 464 tensius3
557 415 693 468 magis
740 414 957 469 magisque
1005 414 1156 456 cotidie
1200 417 1452 471 probabatur
1493 417 1718 467 Antistius3

329 492 427 534 Piso
458 504 583 548 saepe
615 490 799 542 dicebat,
829 492 963 533 minus
994 504 1120 548 saepe
1149 491 1415 548 Pomponius,
1446 508 1542 537 raro
1567 492 1718 543 Carbo,

330 570 459 612 semel
500 576 568 611 aut
605 571 749 611 iterum
788 568 1012 625 Philippus.
1071 571 1126 611 At
1163 583 1262 612 vero
1303 584 1381 625 ego
1418 571 1498 614 hoc
1535 579 1718 628 tempore

331 648 442 690 omni
478 654 621 689 noctes
659 654 698 689 et
729 648 819 689 dies
858 649 900 689 in
937 648 1114 689 omnium
1150 647 1426 690 doctrinarum
1454 648 1719 691 meditatione

328 724 544 768 versabar.
610 725 705 767 309.
754 724 880 767 Eram
928 738 1017 767 cum
1064 724 1206 768 Stoico
1243 724 1441 776 Diodoto,
1491 727 1578 781 qui,
1630 738 1720 767 cum

329 802 603 845 habitavisset
635 803 741 859 apud
773 817 837 845 me
868 817 1107 859 mecumque
1137 805 1330 854 vixisset,
1362 817 1490 860 nuper
1520 810 1581 845 est
1612 803 1721 846 domi

330 894 449 923 meae
489 888 684 924 mortuus.
751 894 776 923 a
812 895 891 937 quo
930 895 1019 924 cum
1061 883 1104 923 in
1144 882 1241 924 aliis
1279 881 1404 923 rebus
1444 887 1526 923 tum
1567 880 1722 922 studio-

331 960 508 1001 sissume
548 961 592 1001 in
622 959 843 1002 dialectica
871 959 1119 1010 exercebar,
1157 973 1262 1016 quae
1295 961 1414 1015 quasi
1445 965 1656 1002 contracta
1684 965 1723 1000 et

334 1039 505 1079 astricta
535 1037 772 1092 eloquentia
801 1037 983 1093 putanda
1008 1045 1087 1079 est:
1122 1039 1210 1080 sine
1238 1051 1320 1094 qua
1342 1040 1466 1080 etiam
1494 1044 1554 1087 tu,
1584 1035 1722 1086 Brute,

332 1115 570 1157 iudicavisti
597 1122 636 1156 te
668 1114 784 1156 illam
812 1117 961 1157 iustam
986 1115 1284 1170 eloquentiam,
1315 1128 1437 1171 quam
1461 1115 1723 1157 dialecticam

334 1191 548 1232 dilatatam
592 1204 686 1232 esse
729 1199 889 1246 putant,
933 1195 1133 1247 consequi
1176 1206 1258 1235 non
1293 1206 1431 1248 posse.
1500 1191 1604 1235 Huic
1642 1205 1721 1246 ego

333 1269 493 1311 doctori
523 1275 562 1310 et
589 1269 677 1310 eius
701 1267 857 1310 artibus
881 1270 1012 1310 variis
1039 1275 1160 1324 atque
1191 1269 1329 1310 multis
1360 1272 1419 1311 ita
1444 1283 1559 1311 eram
1586 1276 1724 1312 tamen

333 1346 512 1396 deditus,
538 1352 579 1387 ut
608 1345 659 1387 ab
686 1346 1050 1388 exercitationibus
1076 1347 1270 1388 oratoriis
1292 1345 1430 1388 nullus
1456 1346 1545 1388 dies
1568 1359 1724 1389 vacuus
1805 1401 1807 1408 y

333 1429 457 1466 esset.
502 1423 597 1464 310.
629 1421 948 1466 Commentabar
977 1423 1249 1466 declamitans
1281 1424 1362 1480 (sic
1392 1425 1502 1481 enim
1529 1437 1636 1485 nunc
1660 1424 1725 1468 lo-
1778 1411 1807 1486 ζ

333 1502 526 1561 quuntur)
564 1514 690 1557 saepe
728 1514 818 1543 cum
860 1500 919 1542 M.
949 1500 1101 1544 Pisone
1145 1507 1184 1544 et
1221 1515 1312 1544 cum
1343 1501 1391 1553 Q.
1423 1501 1618 1559 Pompeio
1657 1509 1725 1545 aut

335 1593 427 1621 cum
458 1579 598 1634 aliquo
630 1580 800 1631 cotidie3
830 1579 952 1636 idque
984 1579 1192 1622 faciebam
1223 1580 1389 1622 multum
1419 1581 1542 1622 etiam
1562 1579 1724 1630 Latine,

336 1657 412 1699 sed
444 1656 604 1699 Graece
637 1659 824 1713 saepius:
855 1658 920 1700 vel
950 1658 1059 1714 quod
1090 1657 1255 1701 Graeca
1284 1659 1416 1701 oratio
1451 1658 1570 1714 plura
1601 1671 1725 1701 orna-

336 1741 475 1777 menta
505 1735 769 1791 suppeditans
801 1736 1138 1779 consuetudinem
1169 1736 1359 1779 similiter
1382 1734 1531 1778 Latine
1562 1735 1726 1779 dicendi

339 1811 537 1854 afferebat
557 1813 625 1854 vel
642 1814 750 1868 quod
768 1827 794 1855 a
810 1813 984 1857 Graecis
1007 1818 1175 1857 summis
1193 1814 1442 1865 doctoribus,
1465 1813 1726 1875 IliSi,GL{1.Q}9

327 1889 538 1956 ³dicerem,
580 1892 712 1944 neque
752 1892 906 1944 corrigi
935 1905 1101 1947 possem
1131 1906 1264 1951 neque
1296 1893 1462 1947 doceri„
1508 1892 1604 1934 311.
1641 1890 1727 1934 Tu-

429 2020 509 2056 308.
558 2022 720 2066 cotidie]
744 2023 796 2056 sic
820 2021 885 2068 Lg.
907 2023 962 2058 51.
985 2022 1040 2057 53.
1064 2022 1119 2058 70.
1154 2020 1229 2058 Ott.
1263 2034 1331 2059 0111.
1359 2023 1415 2058 ed.
1439 2033 1489 2068 pr.
1515 2042 1559 2048 —
1585 2022 1727 2069 proba-

339 2078 469 2121 batur]
486 2076 681 2124 probatur
707 2078 762 2112 ed.
789 2088 843 2122 pr.

432 2133 510 2169 309.
560 2132 755 2176 Diodoto]
781 2133 948 2168 diodoro
972 2133 1038 2179 Lg.
1057 2133 1112 2168 20.
1132 2133 1187 2167 35.
1209 2133 1264 2168 53.
1288 2134 1342 2169 56.
1361 2134 1416 2170 68.
1438 2134 1493 2169 70.
1528 2135 1584 2170 ed.
1606 2146 1661 2180 pr.
1680 2155 1726 2160 —

338 2190 449 2237 apud
472 2200 535 2223 me
552 2190 792 2234 mecumque]
817 2188 926 2236 apud
943 2200 1030 2222 me:
1044 2200 1131 2223 cum
1151 2188 1295 2230 Quinto
1321 2190 1376 2225 ed.
1393 2201 1464 2235 pr.3
1490 2190 1556 2236 Lg.
1582 2196 1727 2236 praeter

338 2247 395 2282 51.
421 2245 476 2280 53.
501 2245 555 2282 70.
596 2256 659 2279 me
683 2245 835 2279 alterum
860 2245 1033 2280 omittunt.
1059 2264 1104 2269 ——
1139 2246 1321 2289 astricta]
1346 2246 1424 2279 sine
1449 2246 1476 2279 d
1498 2246 1563 2292 Lg.
1591 2258 1726 2290 omnes,

338 2302 434 2337 Ven.
463 2301 492 2337 l.
518 2301 551 2336 2.
588 2301 655 2336 Gu.
684 2301 712 2335 l.
747 2299 824 2336 Ott.
857 2300 941 2335 vat.
965 2318 1011 2329 ·--
1045 2300 1275 2345 dilatatam]
1304 2299 1474 2336 dilatam
1497 2301 1562 2348 Lg.
1592 2314 1727 2345 omnes,

339 2359 397 2394 ed.
423 2369 476 2404 pr.
527 2357 721 2392 clz‘lactam
757 2357 825 2392 Gu.
853 2357 883 2393 l.
932 2355 973 2390 ln
1006 2356 1071 2402 Lg.
1100 2356 1144 2391 39
1170 2369 1263 2392 corr.
1295 2369 1377 2392 esse
1408 2358 1644 2399 dilatatam5
1676 2360 1727 2394 ita

338 2414 466 2450 Lamb.
493 2414 638 2459 Meyer.
662 2433 706 2438 —-
741 2425 853 2448 eram
877 2413 1025 2456 tamen]
1051 2424 1161 2447 eram
1187 2418 1269 2448 tum
1293 2415 1375 2448 Asc.

431 2470 509 2505 310.
559 2470 780 2515 loquuntur]
807 2470 987 2505 locuntur
1010 2468 1078 2514 Lg-
1097 2469 1151 2504 20.
1172 2469 1226 2504 35.
1271 2470 1466 2515 loquimur
1489 2469 1554 2504 Gu.
1578 2470 1606 2504 l.
1633 2470 1728 2504 haud

337 2526 470 2572 inepte.
486 2546 531 2551 -—
558 2526 706 2571 aliquo]
725 2526 806 2562 alio
822 2525 982 2571 Hervag.
994 2542 1041 2552 ›—
1065 2525 1226 2570 cotidie]
1244 2527 1296 2560 sic
1307 2525 1374 2572 Lg.
1389 2526 1443 2561 53.
1459 2525 1514 2560 56.
1541 2523 1667 2561 ottob.
1681 2545 1726 2552 —

288 2576 289 2579 ¹
338 2581 546 2627 afferebat]
578 2581 741 2626 afferret
774 2582 890 2616 voluit
915 2581 1019 2622 Ern„
1052 2587 1204 2626 propter
1233 2583 1483 2617 coniunctivos
1512 2587 1725 2626 sequentes3

335 2638 402 2673 sed
430 2637 466 2672 hi
491 2639 546 2673 sui
572 2638 657 2672 iuris
681 2644 762 2672 sunt
787 2644 822 2672 et
846 2637 1077 2672 conditionali
1106 2649 1201 2673 nexu
1232 2639 1326 2673 inter
1351 2649 1391 2673 se
1416 2638 1654 2674 continentur.
1680 2657 1725 2663 —

331 2695 504 2739 possem]
529 2693 595 2740 Lg.
622 2706 745 2729 omnes
770 2699 807 2729 et
832 2693 900 2728 Gu.
923 2693 952 2729 l.
972 2692 1004 2728 2.
1024 2696 1204 2739 possim,-
1230 2695 1266 2728 in
1289 2693 1333 2728 35
1353 2705 1444 2729 corr.
1467 2705 1636 2740 possem.

425 2749 503 2786 311.
546 2761 622 2797 pro
638 2750 928 2798 recuperanda]
947 2760 1024 2796 pro
1049 2761 1118 2787 om.
1139 2749 1205 2796 Lg.
1223 2761 1366 2793 omnes,
1387 2750 1536 2794 Veneti,
1555 2749 1708 2785 Romani
