1835 3126
313 260 394 302 AD
428 257 541 301 CIC.
572 257 840 302 BRUTUM
873 260 992 304 CAP.
1017 263 1082 306 78.
1108 264 1173 308 79.
1197 265 1265 308 80.
1366 262 1483 313 419

94 371 322 424 Bernhardy
349 372 507 413 iudicat.
565 372 646 414 Nos
676 385 757 414 rem
787 380 969 416 accurate
998 379 1171 418 exsecuti
1200 391 1328 420 sumus
1350 379 1482 433 Expll.

93 441 132 480 in
161 440 208 480 de
238 440 306 481 Or.
330 439 377 480 11.
408 442 480 488 22,
509 441 576 480 91.

206 508 300 547 274.
358 507 557 557 pellucens]
584 505 749 548 advocat
765 508 950 559 Meyerus
972 509 1251 559 Quintilianum
1265 511 1364 553 VIII.
1387 525 1481 564 pro-

92 585 189 614 oem.
223 572 258 626 ᾗ.
285 575 361 613 20:
395 574 567 611 similiter
596 573 665 611 villa
693 575 927 613 translucida
956 583 990 614 et
1018 578 1220 615 versicolor
1248 579 1483 628 quorundam

90 641 246 679 elocutio
275 654 336 678 res
361 643 466 690 ipsas
489 638 699 687 effeminat,
732 654 826 689 (mae
855 642 919 679 illo
948 643 1141 681 verborum
1164 645 1292 682 habitu
1315 649 1482 684 vestiun-

91 712 162 745 tur.
205 706 284 747 Sed
307 707 376 745 iile
401 718 425 744 a
449 705 656 757 pellucidis
678 718 707 745 s,
730 707 823 747 Cois
845 709 1016 748 vestibus
1039 715 1227 762 sumptam
1246 711 1481 752 locutionem

88 774 129 812 in
156 774 290 813 vitium
320 772 527 820 convertit,
567 772 709 813 Cicero
747 773 788 812 in
812 774 975 824 bonum,
1011 775 1058 815 de
1089 782 1223 817 tenero
1256 784 1294 818 et
1319 784 1480 820 venusto

88 838 233 880 dicens.
289 838 451 880 Videtur
479 844 607 878 autem
637 851 685 879 ea
711 840 750 881 vi
780 841 900 880 semel
929 841 1068 882 dictum
1095 855 1194 883 esse.

200 906 383 955 Lucilius]
421 906 596 946 Lucilius
630 907 671 946 in
704 907 837 948 vitium
878 908 1097 960 accipiebat
1131 914 1363 950 structuram
1391 923 1481 952 ver-

86 973 224 1013 borum
260 973 372 1012 nimis
411 977 654 1013 accuratam:
692 973 781 1014 vide
816 984 976 1022 versus,
1021 975 1160 1025 quibus
1188 975 1394 1014 Albucium
1432 977 1479 1025 Q.

87 1039 308 1081 Scaevolae
331 1045 599 1080 accusatorem
618 1039 711 1078 lusit
734 1039 781 1078 de
799 1040 865 1079 Or.
881 1039 949 1079 HI.
964 1040 1032 1087 43,
1052 1041 1144 1079 171.
1172 1040 1281 1080 Orat.
1297 1043 1365 1090 44,
1385 1044 1478 1083 149.

85 1106 313 1158 Respiciunt
352 1117 419 1145 eos
458 1105 718 1156 Quintilianus
749 1105 817 1145 IX.
852 1105 900 1153 4,
935 1107 1027 1145 113.
1071 1105 1221 1147 Plinius
1257 1107 1356 1149 Hist.
1389 1108 1477 1148 Nat.

83 1172 264 1213 XXXVI.
295 1173 362 1212 61.

195 1242 236 1277 in
266 1237 416 1287 ornatu]
460 1237 542 1277 Cic.
572 1238 639 1278 Or.
668 1239 742 1286 39,
772 1238 871 1277 134:
914 1244 949 1275 et
982 1239 1127 1288 reliqua
1160 1251 1208 1277 ex
1238 1240 1479 1279 collocatione

84 1305 298 1350 verborum,
331 1317 426 1355 quae
457 1309 654 1341 sumuntur
683 1306 792 1353 quast
818 1304 980 1349 lumina,
1015 1318 1193 1354 ”caynam
1222 1305 1384 1353 afferunt
1414 1321 1478 1346 or-

84 1378 214 1409 natum
245 1374 419 1409 orationi.
478 1372 575 1408 Sunt
599 1373 695 1407 euim
719 1370 861 1407 similia
885 1370 978 1415 illis,
1010 1384 1104 1420 quae
1128 1374 1168 1409 in
1193 1373 1319 1422 αηιρῖο
1342 1381 1479 1412 ornam

83 1451 214 1476 scenae
253 1443 319 1475 ant
359 1437 436 1483 fori
471 1437 709 1486 appellantur
748 1439 931 1485 insignia3
971 1450 1045 1475 non
1085 1438 1183 1488 quod
1218 1439 1304 1476 sola
1333 1447 1476 1486 ornent,

83 1504 147 1541 sed
176 1503 273 1554 quod
302 1503 498 1540 excellant.
557 1503 776 1543 Secundum
811 1503 911 1543 hunc
950 1503 1078 1544 locum
1112 1516 1193 1544 rem
1230 1506 1401 1558 explicui
1437 1507 1477 1546 in

82 1570 294 1622 Explicatt.
323 1570 363 1609 in
392 1569 440 1609 de
470 1570 537 1610 Or.
568 1570 635 1610 ΙΙΙ.
664 1571 735 1619 25,
765 1572 831 1610 96.

193 1650 269 1688 qua
306 1637 350 1674 de
387 1650 427 1674 re
462 1638 599 1687 agitur]
644 1638 684 1677 in
726 1638 853 1678 causis
891 1637 1054 1690 privatis
1092 1637 1133 1677 id
1172 1643 1250 1687 est,
1296 1638 1399 1691 quod
1436 1640 1477 1679 in

81 1703 248 1756 publicis
272 1703 412 1744 dicitur
436 1717 590 1742 causam
611 1704 754 1751 facere,
784 1704 826 1744 id
850 1710 907 1744 est
929 1716 1006 1756 quo
1030 1704 1184 1745 sublato
1209 1707 1479 1746 controversia

82 1776 188 1810 stare
225 1782 303 1810 non
332 1770 478 1822 possit:
517 1783 552 1810 v.
585 1770 664 1810 Cic.
697 1771 744 1810 de
775 1772 841 1812 Or.
872 1771 919 1811 Il.
954 1772 1027 1819 30,
1059 1773 1151 1810 132.
1213 1772 1475 1821 Quintilianus

81 1837 290 1877 secundum
323 1838 494 1877 Graecos
525 1837 626 1876 alias
655 1843 770 1878 vocat
797 1835 847 1878 τὸ
879 1835 1076 1887 συνέχον,
1115 1837 1216 1877 alias
1248 1835 1297 1878 τὸ
1331 1835 1476 1893 κρινό-

79 1918 228 1954 μενον;
258 1917 294 1943 v.
323 1903 388 1944 III.
423 1906 493 1951 11,
528 1906 564 1944 l.
596 1909 633 1943 et
665 1905 729 1943 18.
786 1903 832 1944 V.
863 1904 979 1942 etiam
1008 1903 1297 1944 Steinmetzium
1329 1905 1369 1945 in
1394 1905 1474 1947 Cic.

80 1971 186 2010 Mur.
212 1973 280 2019 13,
302 1972 369 2011 28.
428 1970 601 2009 Errabat
626 1970 804 2018 Cortius‚
836 1981 921 2009 cum
943 1969 1046 2009 idem
1069 1970 1251 2013 Ciceroni
1281 1971 1358 2011 dici
1379 1986 1474 2022 (μιαε

78 2050 139 2075 res
178 2040 303 2087 agitur
340 2037 522 2090 putabat,
562 2037 603 2076 in
640 2037 740 2077 Sall.
779 2036 894 2077 Catil.
933 2050 972 2089 p.
1005 2039 1121 2085 329.;
1162 2038 1398 2077 contrarium
1436 2039 1474 2077 iu

79 2104 214 2155 primis
244 2105 343 2144 bene
373 2103 485 2144 docet
514 2103 744 2154 Madvigius
778 2104 818 2142 in
848 2103 929 2143 Cic.
958 2103 1044 2143 Fin.
1074 2116 1112 2155 p.
1139 2105 1231 2145 142.

191 2170 354 2210 LXXX.
414 2171 509 2209 276.
569 2170 683 2208 altior
721 2170 856 2219 oratio]
905 2181 954 2209 ea
994 2175 1101 2209 reete
1146 2170 1397 2222 distinguitur
1437 2177 1474 2211 et

79 2237 288 2288 opponitur
313 2237 539 2282 submissae,
574 2236 702 2288 qualis
733 2235 876 2276 Calidii
902 2241 998 2276 erat.
1056 2236 1230 2276 Eandem
1260 2239 1376 2276 alttus
1404 2251 1473 2276 ex-

78 2309 296 2352 ayyeratam
313 2302 363 2342 ad
380 2303 579 2356 exemplar
597 2303 835 2344 Graecorum
852 2297 1239 2357 ἅναπυργουμένην
1253 2305 1472 2345 vocantium

78 2368 175 2408 dixit
204 2380 236 2409 c.
262 2371 326 2417 17,
349 2371 416 2410 66.
450 2370 661 2423 eodemque
682 2371 772 2411 loco
803 2371 1035 2408 altitudinem
1065 2370 1091 2411 i.
1117 2382 1150 2411 e.
1174 2367 1294 2425 ὕψος
1317 2371 1470 2422 Thucy-

78 2435 159 2475 didi
187 2436 373 2476 historico
403 2437 550 2477 tribuit.

191 2503 313 2551 abfuit
342 2523 398 2531 ——
420 2503 551 2552 defuit]
586 2504 687 2542 abest
718 2515 794 2556 quo
826 2514 1025 2552 caremus,
1064 2504 1163 2542 deest
1192 2515 1268 2556 quo
1300 2515 1470 2554 egemus.

78 2569 198 2610 Recte
229 2571 285 2610 sic
312 2570 485 2611 Reitzius
515 2571 556 2610 in
585 2571 757 2612 Miscell.
789 2571 1008 2611 Observatt.
1036 2576 1063 2611 t.
1086 2571 1138 2612 X.
1168 2583 1207 2623 p.
1236 2571 1329 2611 128.

191 2638 286 2678 278.
345 2638 454 2685 frons
495 2659 550 2666 ——
592 2638 727 2688 femur]
780 2643 863 2678 tota
905 2643 1077 2679 veterum
1121 2642 1319 2678 oratorum
1367 2637 1471 2676 actio

79 2717 104 2744 a
143 2709 280 2743 nostra
321 2705 362 2744 in
396 2706 471 2745 hoc
511 2717 656 2757 genere
693 2705 951 2758 temperantia
984 2705 1145 2745 multum
1183 2704 1322 2744 distat:
1367 2702 1471 2755 quod

78 2771 244 2812 maxime
273 2771 509 2824 intelligitur
549 2784 598 2816 ex
634 2772 814 2825 diligenti
847 2771 1109 2826 disputatione
1141 2770 1371 2822 Quintiliani
1400 2769 1469 2812 XI.
