<?xml version="1.0" encoding="UTF-8"?>
<!DOCTYPE html PUBLIC "-//W3C//DTD XHTML 1.0 Transitional//EN"
    "http://www.w3.org/TR/xhtml1/DTD/xhtml1-transitional.dtd">
<html xmlns="http://www.w3.org/1999/xhtml" xml:lang="en" lang="en">
 <head>
  <title>
</title>
<meta http-equiv="Content-Type" content="text/html;charset=utf-8" />
  <meta name='ocr-system' content='tesseract 3.04.00' />
  <meta name='ocr-capabilities' content='ocr_page ocr_carea ocr_par ocr_line ocrx_word'/>
</head>
<body>
  <div class='ocr_page' id='page_1' title='image "./brutussivedeclar00ciceuoft/brutussivedeclar00ciceuoft_0196.png"; bbox 0 0 1835 3126; ppageno 0'>
   <div class='ocr_carea' id='block_1_1' title="bbox 284 194 1147 244">
    <p class='ocr_par' dir='ltr' id='par_1_1' title="bbox 284 194 1147 244">
     <span class='ocr_line' id='line_1_1' title="bbox 284 194 1147 244; baseline -0.006 0"><span class='ocrx_word' id='word_1_1' title='bbox 284 200 390 244; x_wconf 61' lang='lat'>126</span> <span class='ocrx_word' id='word_1_2' title='bbox 803 194 1147 240; x_wconf 86' lang='lat' dir='ltr'>CICERONIS</span> 
     </span>
    </p>
   </div>
   <div class='ocr_carea' id='block_1_2' title="bbox 284 304 1679 1453">
    <p class='ocr_par' dir='ltr' id='par_1_2' title="bbox 284 304 1679 1453">
     <span class='ocr_line' id='line_1_2' title="bbox 286 304 1674 362; baseline -0.001 -12"><span class='ocrx_word' id='word_1_3' title='bbox 286 320 385 361; x_wconf 84' lang='lat' dir='ltr'>rege</span> <span class='ocrx_word' id='word_1_4' title='bbox 426 305 560 361; x_wconf 90' lang='lat' dir='ltr'>Appio</span> <span class='ocrx_word' id='word_1_5' title='bbox 593 304 730 348; x_wconf 86' lang='lat' dir='ltr'>Caeco</span> <span class='ocrx_word' id='word_1_6' title='bbox 772 306 926 349; x_wconf 88' lang='lat' dir='ltr'>diserto</span> <span class='ocrx_word' id='word_1_7' title='bbox 964 307 1128 349; x_wconf 89' lang='lat' dir='ltr'>homine</span> <span class='ocrx_word' id='word_1_8' title='bbox 1170 308 1338 350; x_wconf 87' lang='lat' dir='ltr'>comitia</span> <span class='ocrx_word' id='word_1_9' title='bbox 1378 312 1523 350; x_wconf 84' lang='lat' dir='ltr'>contra</span> <span class='ocrx_word' id='word_1_10' title='bbox 1555 307 1674 362; x_wconf 80' lang='lat' dir='ltr'>leges</span> 
     </span>
     <span class='ocr_line' id='line_1_3' title="bbox 287 383 1674 441; baseline 0 -16"><span class='ocrx_word' id='word_1_11' title='bbox 287 385 486 434; x_wconf 85' lang='lat' dir='ltr'>habente,</span> <span class='ocrx_word' id='word_1_12' title='bbox 530 397 620 426; x_wconf 91' lang='lat' dir='ltr'>cum</span> <span class='ocrx_word' id='word_1_13' title='bbox 656 383 705 425; x_wconf 89' lang='lat' dir='ltr'>de</span> <span class='ocrx_word' id='word_1_14' title='bbox 735 383 858 439; x_wconf 82' lang='lat' dir='ltr'>plebe</span> <span class='ocrx_word' id='word_1_15' title='bbox 894 384 1106 426; x_wconf 85' lang='lat' dir='ltr'>consulem</span> <span class='ocrx_word' id='word_1_16' title='bbox 1131 398 1214 426; x_wconf 90' lang='lat' dir='ltr'>non</span> <span class='ocrx_word' id='word_1_17' title='bbox 1244 385 1496 441; x_wconf 83' lang='lat' dir='ltr'>accipiebat,</span> <span class='ocrx_word' id='word_1_18' title='bbox 1535 391 1674 441; x_wconf 83' lang='lat' dir='ltr'>patres</span> 
     </span>
     <span class='ocr_line' id='line_1_4' title="bbox 288 461 1675 517; baseline 0 -14"><span class='ocrx_word' id='word_1_19' title='bbox 288 469 380 504; x_wconf 85' lang='lat' dir='ltr'>ante</span> <span class='ocrx_word' id='word_1_20' title='bbox 410 468 599 504; x_wconf 82' lang='lat' dir='ltr'>auctores</span> <span class='ocrx_word' id='word_1_21' title='bbox 624 461 712 503; x_wconf 88' lang='lat' dir='ltr'>fieri</span> <span class='ocrx_word' id='word_1_22' title='bbox 739 462 942 515; x_wconf 52' lang='lat' dir='ltr'>coegerim</span> <span class='ocrx_word' id='word_1_23' title='bbox 972 461 1080 516; x_wconf 85' lang='lat' dir='ltr'>quod</span> <span class='ocrx_word' id='word_1_24' title='bbox 1109 462 1182 503; x_wconf 87' lang='lat' dir='ltr'>fuit</span> <span class='ocrx_word' id='word_1_25' title='bbox 1208 475 1472 517; x_wconf 80' lang='lat' dir='ltr'>permagnum</span> <span class='ocrx_word' id='word_1_26' title='bbox 1497 463 1675 505; x_wconf 86' lang='lat' dir='ltr'>nondum</span> 
     </span>
     <span class='ocr_line' id='line_1_5' title="bbox 284 537 1674 596; baseline 0 -15"><span class='ocrx_word' id='word_1_27' title='bbox 284 540 379 594; x_wconf 80' lang='lat' dir='ltr'>lege</span> <span class='ocrx_word' id='word_1_28' title='bbox 409 539 585 581; x_wconf 79' lang='lat' dir='ltr'>Maenia</span> <span class='ocrx_word' id='word_1_29' title='bbox 614 539 712 581; x_wconf 86' lang='lat' dir='ltr'>lata.</span> <span class='ocrx_word' id='word_1_30' title='bbox 773 539 840 581; x_wconf 87' lang='grc'>56.</span> <span class='ocrx_word' id='word_1_31' title='bbox 872 537 990 581; x_wconf 82' lang='lat' dir='ltr'>Licet</span> <span class='ocrx_word' id='word_1_32' title='bbox 1029 539 1186 594; x_wconf 85' lang='lat' dir='ltr'>aliquid</span> <span class='ocrx_word' id='word_1_33' title='bbox 1217 541 1339 581; x_wconf 82' lang='lat' dir='ltr'>etiam</span> <span class='ocrx_word' id='word_1_34' title='bbox 1371 540 1420 582; x_wconf 89' lang='lat' dir='ltr'>de</span> <span class='ocrx_word' id='word_1_35' title='bbox 1451 540 1509 581; x_wconf 88' lang='lat' dir='ltr'>M.</span> <span class='ocrx_word' id='word_1_36' title='bbox 1540 540 1674 596; x_wconf 87' lang='lat' dir='ltr'>Popili</span> 
     </span>
     <span class='ocr_line' id='line_1_6' title="bbox 286 617 1674 673; baseline 0.001 -15"><span class='ocrx_word' id='word_1_37' title='bbox 286 618 454 672; x_wconf 78' lang='lat' dir='ltr'>ingenio</span> <span class='ocrx_word' id='word_1_38' title='bbox 486 619 713 673; x_wconf 86' lang='lat' dir='ltr'>suspicari,</span> <span class='ocrx_word' id='word_1_39' title='bbox 756 619 844 672; x_wconf 81' lang='lat' dir='ltr'>qui,</span> <span class='ocrx_word' id='word_1_40' title='bbox 887 630 977 659; x_wconf 90' lang='lat' dir='ltr'>cum</span> <span class='ocrx_word' id='word_1_41' title='bbox 1005 617 1150 659; x_wconf 91' lang='lat' dir='ltr'>consul</span> <span class='ocrx_word' id='word_1_42' title='bbox 1181 624 1292 658; x_wconf 86' lang='lat' dir='ltr'>esset</span> <span class='ocrx_word' id='word_1_43' title='bbox 1316 617 1541 672; x_wconf 86' lang='lat' dir='ltr'>eodemque</span> <span class='ocrx_word' id='word_1_44' title='bbox 1573 625 1674 660; x_wconf 78' lang='lat' dir='ltr'>tem-</span> 
     </span>
     <span class='ocr_line' id='line_1_7' title="bbox 284 694 1679 751; baseline 0 -15"><span class='ocrx_word' id='word_1_45' title='bbox 284 709 383 751; x_wconf 84' lang='lat' dir='ltr'>pore</span> <span class='ocrx_word' id='word_1_46' title='bbox 423 695 669 738; x_wconf 88' lang='lat' dir='ltr'>sacrificium</span> <span class='ocrx_word' id='word_1_47' title='bbox 707 695 914 751; x_wconf 86' lang='lat' dir='ltr'>publicum</span> <span class='ocrx_word' id='word_1_48' title='bbox 955 709 1043 737; x_wconf 90' lang='lat' dir='ltr'>cum</span> <span class='ocrx_word' id='word_1_49' title='bbox 1084 694 1209 737; x_wconf 83' lang='lat' dir='ltr'>laena</span> <span class='ocrx_word' id='word_1_50' title='bbox 1234 695 1411 744; x_wconf 82' lang='lat' dir='ltr'>face‘ret,</span> <span class='ocrx_word' id='word_1_51' title='bbox 1453 695 1560 749; x_wconf 89' lang='lat' dir='ltr'>quod</span> <span class='ocrx_word' id='word_1_52' title='bbox 1591 701 1679 736; x_wconf 82' lang='lat' dir='ltr'>erat</span> 
     </span>
     <span class='ocr_line' id='line_1_8' title="bbox 285 772 1679 830; baseline -0.001 -15"><span class='ocrx_word' id='word_1_53' title='bbox 285 773 434 816; x_wconf 84' lang='lat' dir='ltr'>flamen</span> <span class='ocrx_word' id='word_1_54' title='bbox 477 772 774 824; x_wconf 81' lang='lat' dir='ltr'>Carmentalis,</span> <span class='ocrx_word' id='word_1_55' title='bbox 814 773 927 830; x_wconf 84' lang='lat' dir='ltr'>plebi</span> <span class='ocrx_word' id='word_1_56' title='bbox 966 780 1111 816; x_wconf 89' lang='lat' dir='ltr'>contra</span> <span class='ocrx_word' id='word_1_57' title='bbox 1144 779 1282 829; x_wconf 86' lang='lat' dir='ltr'>patres</span> <span class='ocrx_word' id='word_1_58' title='bbox 1324 773 1599 815; x_wconf 86' lang='lat' dir='ltr'>concitatione</span> <span class='ocrx_word' id='word_1_59' title='bbox 1640 778 1679 814; x_wconf 88' lang='lat' dir='ltr'>et</span> 
     </span>
     <span class='ocr_line' id='line_1_9' title="bbox 286 850 1679 902; baseline -0.003 -8"><span class='ocrx_word' id='word_1_60' title='bbox 286 852 488 894; x_wconf 86' lang='lat' dir='ltr'>seditione</span> <span class='ocrx_word' id='word_1_61' title='bbox 528 854 736 902; x_wconf 83' lang='lat' dir='ltr'>nuntiata,</span> <span class='ocrx_word' id='word_1_62' title='bbox 780 858 821 894; x_wconf 94' lang='lat' dir='ltr'>ut</span> <span class='ocrx_word' id='word_1_63' title='bbox 859 859 946 893; x_wconf 86' lang='lat' dir='ltr'>erat</span> <span class='ocrx_word' id='word_1_64' title='bbox 986 852 1112 894; x_wconf 86' lang='lat' dir='ltr'>laena</span> <span class='ocrx_word' id='word_1_65' title='bbox 1150 853 1341 901; x_wconf 85' lang='lat' dir='ltr'>amictus,</span> <span class='ocrx_word' id='word_1_66' title='bbox 1387 852 1447 892; x_wconf 86' lang='lat' dir='ltr'>ita</span> <span class='ocrx_word' id='word_1_67' title='bbox 1483 851 1594 892; x_wconf 88' lang='lat' dir='ltr'>venit</span> <span class='ocrx_word' id='word_1_68' title='bbox 1637 850 1679 891; x_wconf 93' lang='lat' dir='ltr'>in</span> 
     </span>
     <span class='ocr_line' id='line_1_10' title="bbox 287 930 1677 985; baseline -0.003 -13"><span class='ocrx_word' id='word_1_69' title='bbox 287 932 519 973; x_wconf 86' lang='lat' dir='ltr'>contionem</span> <span class='ocrx_word' id='word_1_70' title='bbox 565 931 890 985; x_wconf 81' lang='lat' dir='ltr'>seditionemque</span> <span class='ocrx_word' id='word_1_71' title='bbox 941 943 1030 972; x_wconf 88' lang='lat' dir='ltr'>cum</span> <span class='ocrx_word' id='word_1_72' title='bbox 1076 931 1318 972; x_wconf 84' lang='lat' dir='ltr'>auctoritate</span> <span class='ocrx_word' id='word_1_73' title='bbox 1366 935 1448 970; x_wconf 85' lang='lat' dir='ltr'>tum</span> <span class='ocrx_word' id='word_1_74' title='bbox 1489 930 1677 971; x_wconf 86' lang='lat' dir='ltr'>oratione</span> 
     </span>
     <span class='ocr_line' id='line_1_11' title="bbox 287 1007 1678 1051; baseline -0.002 0"><span class='ocrx_word' id='word_1_75' title='bbox 287 1009 460 1051; x_wconf 84' lang='lat' dir='ltr'>sedavit.</span> <span class='ocrx_word' id='word_1_76' title='bbox 521 1007 607 1050; x_wconf 88' lang='lat' dir='ltr'>Sed</span> <span class='ocrx_word' id='word_1_77' title='bbox 643 1022 716 1051; x_wconf 91' lang='lat' dir='ltr'>eos</span> <span class='ocrx_word' id='word_1_78' title='bbox 761 1015 948 1051; x_wconf 83' lang='lat' dir='ltr'>oratores</span> <span class='ocrx_word' id='word_1_79' title='bbox 976 1008 1141 1050; x_wconf 88' lang='lat' dir='ltr'>habitos</span> <span class='ocrx_word' id='word_1_80' title='bbox 1174 1021 1267 1049; x_wconf 90' lang='lat' dir='ltr'>esse</span> <span class='ocrx_word' id='word_1_81' title='bbox 1300 1013 1368 1049; x_wconf 85' lang='lat' dir='ltr'>aut</span> <span class='ocrx_word' id='word_1_82' title='bbox 1398 1007 1562 1048; x_wconf 90' lang='lat' dir='ltr'>omnino</span> <span class='ocrx_word' id='word_1_83' title='bbox 1594 1013 1678 1048; x_wconf 81' lang='lat' dir='ltr'>tum</span> 
     </span>
     <span class='ocr_line' id='line_1_12' title="bbox 286 1084 1677 1142; baseline -0.001 -14"><span class='ocrx_word' id='word_1_84' title='bbox 286 1087 414 1128; x_wconf 89' lang='lat' dir='ltr'>ullum</span> <span class='ocrx_word' id='word_1_85' title='bbox 441 1086 702 1140; x_wconf 86' lang='lat' dir='ltr'>eloquentiae</span> <span class='ocrx_word' id='word_1_86' title='bbox 728 1087 953 1142; x_wconf 88' lang='lat' dir='ltr'>praemium</span> <span class='ocrx_word' id='word_1_87' title='bbox 985 1087 1114 1128; x_wconf 82' lang='lat' dir='ltr'>fuisse</span> <span class='ocrx_word' id='word_1_88' title='bbox 1139 1085 1241 1127; x_wconf 88' lang='lat' dir='ltr'>nihil</span> <span class='ocrx_word' id='word_1_89' title='bbox 1265 1098 1366 1126; x_wconf 86' lang='lat' dir='ltr'>sane</span> <span class='ocrx_word' id='word_1_90' title='bbox 1394 1084 1493 1126; x_wconf 90' lang='lat' dir='ltr'>mihi</span> <span class='ocrx_word' id='word_1_91' title='bbox 1522 1086 1677 1139; x_wconf 83' lang='lat' dir='ltr'>legisse</span> 
     </span>
     <span class='ocr_line' id='line_1_13' title="bbox 285 1162 1675 1219; baseline 0 -15"><span class='ocrx_word' id='word_1_92' title='bbox 285 1164 452 1205; x_wconf 86' lang='lat' dir='ltr'>videor:</span> <span class='ocrx_word' id='word_1_93' title='bbox 500 1163 776 1205; x_wconf 83' lang='lat' dir='ltr'>tantummodo</span> <span class='ocrx_word' id='word_1_94' title='bbox 820 1165 1059 1205; x_wconf 82' lang='lat' dir='ltr'>coniectura</span> <span class='ocrx_word' id='word_1_95' title='bbox 1103 1164 1230 1205; x_wconf 88' lang='lat' dir='ltr'>ducor</span> <span class='ocrx_word' id='word_1_96' title='bbox 1275 1162 1327 1204; x_wconf 87' lang='lat' dir='ltr'>ad</span> <span class='ocrx_word' id='word_1_97' title='bbox 1373 1163 1675 1219; x_wconf 86' lang='lat' dir='ltr'>suspicandum.</span> 
     </span>
     <span class='ocr_line' id='line_1_14' title="bbox 286 1239 1679 1297; baseline 0.001 -15"><span class='ocrx_word' id='word_1_98' title='bbox 286 1241 353 1283; x_wconf 85' lang='grc'>57.</span> <span class='ocrx_word' id='word_1_99' title='bbox 392 1239 551 1282; x_wconf 85' lang='lat' dir='ltr'>Dicitur</span> <span class='ocrx_word' id='word_1_100' title='bbox 594 1242 715 1282; x_wconf 84' lang='lat' dir='ltr'>etiam</span> <span class='ocrx_word' id='word_1_101' title='bbox 758 1240 802 1282; x_wconf 92' lang='lat' dir='ltr'>C.</span> <span class='ocrx_word' id='word_1_102' title='bbox 840 1239 1089 1292; x_wconf 86' lang='lat' dir='ltr'>Flaminius,</span> <span class='ocrx_word' id='word_1_103' title='bbox 1134 1242 1171 1283; x_wconf 87' lang='lat' dir='ltr'>is</span> <span class='ocrx_word' id='word_1_104' title='bbox 1210 1241 1279 1296; x_wconf 88' lang='lat' dir='ltr'>qui</span> <span class='ocrx_word' id='word_1_105' title='bbox 1320 1240 1505 1283; x_wconf 85' lang='lat' dir='ltr'>tribunus</span> <span class='ocrx_word' id='word_1_106' title='bbox 1543 1240 1679 1297; x_wconf 85' lang='lat' dir='ltr'>plebis</span> 
     </span>
     <span class='ocr_line' id='line_1_15' title="bbox 285 1318 1678 1374; baseline 0 -13"><span class='ocrx_word' id='word_1_107' title='bbox 285 1319 422 1374; x_wconf 84' lang='lat' dir='ltr'>legem</span> <span class='ocrx_word' id='word_1_108' title='bbox 448 1319 498 1360; x_wconf 88' lang='lat' dir='ltr'>dc</span> <span class='ocrx_word' id='word_1_109' title='bbox 531 1331 632 1373; x_wconf 84' lang='lat' dir='ltr'>agro</span> <span class='ocrx_word' id='word_1_110' title='bbox 660 1318 823 1361; x_wconf 86' lang='lat' dir='ltr'>Gallico</span> <span class='ocrx_word' id='word_1_111' title='bbox 854 1325 893 1361; x_wconf 89' lang='lat' dir='ltr'>et</span> <span class='ocrx_word' id='word_1_112' title='bbox 916 1318 1069 1362; x_wconf 89' lang='lat' dir='ltr'>Piceno</span> <span class='ocrx_word' id='word_1_113' title='bbox 1095 1320 1245 1362; x_wconf 86' lang='lat' dir='ltr'>viritim</span> <span class='ocrx_word' id='word_1_114' title='bbox 1277 1319 1498 1361; x_wconf 87' lang='lat' dir='ltr'>dividundo</span> <span class='ocrx_word' id='word_1_115' title='bbox 1528 1319 1678 1369; x_wconf 82' lang='lat' dir='ltr'>tulerit,</span> 
     </span>
     <span class='ocr_line' id='line_1_16' title="bbox 287 1396 1678 1453; baseline 0 -15"><span class='ocrx_word' id='word_1_116' title='bbox 287 1399 355 1452; x_wconf 90' lang='lat' dir='ltr'>qui</span> <span class='ocrx_word' id='word_1_117' title='bbox 386 1396 531 1439; x_wconf 88' lang='lat' dir='ltr'>consul</span> <span class='ocrx_word' id='word_1_118' title='bbox 562 1396 670 1452; x_wconf 87' lang='lat' dir='ltr'>apud</span> <span class='ocrx_word' id='word_1_119' title='bbox 697 1396 998 1439; x_wconf 85' lang='lat' dir='ltr'>Trasumenum</span> <span class='ocrx_word' id='word_1_120' title='bbox 1028 1398 1081 1439; x_wconf 91' lang='lat' dir='ltr'>sit</span> <span class='ocrx_word' id='word_1_121' title='bbox 1110 1397 1373 1447; x_wconf 85' lang='lat' dir='ltr'>interfectus,</span> <span class='ocrx_word' id='word_1_122' title='bbox 1407 1397 1459 1439; x_wconf 88' lang='lat' dir='ltr'>ad</span> <span class='ocrx_word' id='word_1_123' title='bbox 1485 1397 1678 1453; x_wconf 88' lang='lat' dir='ltr'>populum</span> 
     </span>
    </p>
   </div>
   <div class='ocr_carea' id='block_1_3' title="bbox 285 1539 1677 1644">
    <p class='ocr_par' dir='ltr' id='par_1_3' title="bbox 285 1539 1677 1644">
     <span class='ocr_line' id='line_1_17' title="bbox 286 1539 1677 1586; baseline 0.002 -13"><span class='ocrx_word' id='word_1_124' title='bbox 286 1539 380 1574; x_wconf 89' lang='lat' dir='ltr'>Ven.</span> <span class='ocrx_word' id='word_1_125' title='bbox 407 1541 436 1575; x_wconf 95' lang='grc'>1.</span> <span class='ocrx_word' id='word_1_126' title='bbox 472 1539 539 1585; x_wconf 84' lang='lat' dir='ltr'>Lg.</span> <span class='ocrx_word' id='word_1_127' title='bbox 564 1540 618 1575; x_wconf 88' lang='lat'>39.</span> <span class='ocrx_word' id='word_1_128' title='bbox 643 1540 698 1576; x_wconf 86' lang='lat'><strong>51.</strong></span> <span class='ocrx_word' id='word_1_129' title='bbox 724 1540 778 1575; x_wconf 86' lang='lat'>56.</span> <span class='ocrx_word' id='word_1_130' title='bbox 804 1541 858 1575; x_wconf 87' lang='lat'>70.</span> <span class='ocrx_word' id='word_1_131' title='bbox 884 1562 929 1567; x_wconf 91' lang='lat'>—</span> <span class='ocrx_word' id='word_1_132' title='bbox 964 1542 1060 1586; x_wconf 79' lang='lat' dir='ltr'>fuit]</span> <span class='ocrx_word' id='word_1_133' title='bbox 1082 1540 1207 1586; x_wconf 76' lang='lat' dir='ltr'>fuerit</span> <span class='ocrx_word' id='word_1_134' title='bbox 1231 1540 1323 1576; x_wconf 85' lang='lat' dir='ltr'>Ven.</span> <span class='ocrx_word' id='word_1_135' title='bbox 1348 1542 1378 1575; x_wconf 93' lang='lat' dir='ltr'><strong>l.</strong></span> <span class='ocrx_word' id='word_1_136' title='bbox 1414 1540 1482 1577; x_wconf 91' lang='lat' dir='ltr'>Gu.</span> <span class='ocrx_word' id='word_1_137' title='bbox 1506 1542 1535 1576; x_wconf 96' lang='lat' dir='ltr'><strong>l.</strong></span> <span class='ocrx_word' id='word_1_138' title='bbox 1562 1541 1595 1576; x_wconf 85' lang='lat'>2.</span> <span class='ocrx_word' id='word_1_139' title='bbox 1621 1541 1677 1576; x_wconf 88' lang='lat' dir='ltr'>ed.</span> 
     </span>
     <span class='ocr_line' id='line_1_18' title="bbox 285 1595 995 1644; baseline 0.003 -13"><span class='ocrx_word' id='word_1_140' title='bbox 285 1609 340 1642; x_wconf 86' lang='lat' dir='ltr'>pr.</span> <span class='ocrx_word' id='word_1_141' title='bbox 360 1616 406 1623; x_wconf 75' lang='lat'>—</span> <span class='ocrx_word' id='word_1_142' title='bbox 442 1595 626 1640; x_wconf 77' lang='lat' dir='ltr'>Maenia]</span> <span class='ocrx_word' id='word_1_143' title='bbox 652 1599 833 1632; x_wconf 66' lang='lat' dir='ltr'>menevia</span> <span class='ocrx_word' id='word_1_144' title='bbox 861 1598 918 1633; x_wconf 86' lang='lat' dir='ltr'>ed.</span> <span class='ocrx_word' id='word_1_145' title='bbox 941 1610 995 1644; x_wconf 85' lang='lat' dir='ltr'>pr.</span> 
     </span>
    </p>
   </div>
   <div class='ocr_carea' id='block_1_4' title="bbox 285 1663 1679 2157">
    <p class='ocr_par' dir='ltr' id='par_1_4' title="bbox 285 1663 1679 2157">
     <span class='ocr_line' id='line_1_19' title="bbox 377 1663 1678 1712; baseline 0.002 -14"><span class='ocrx_word' id='word_1_146' title='bbox 377 1664 432 1698; x_wconf 83' lang='grc'>56.</span> <span class='ocrx_word' id='word_1_147' title='bbox 480 1663 631 1710; x_wconf 63' lang='lat' dir='ltr'>Popili]</span> <span class='ocrx_word' id='word_1_148' title='bbox 657 1665 707 1699; x_wconf 88' lang='lat' dir='ltr'>sic</span> <span class='ocrx_word' id='word_1_149' title='bbox 726 1665 791 1711; x_wconf 81' lang='lat' dir='ltr'><strong>Lg.</strong></span> <span class='ocrx_word' id='word_1_150' title='bbox 811 1665 841 1700; x_wconf 87' lang='grc'>8.</span> <span class='ocrx_word' id='word_1_151' title='bbox 859 1665 914 1699; x_wconf 85' lang='grc'>39.</span> <span class='ocrx_word' id='word_1_152' title='bbox 933 1665 985 1700; x_wconf 85' lang='grc'>51.</span> <span class='ocrx_word' id='word_1_153' title='bbox 1001 1666 1055 1699; x_wconf 87' lang='grc'>58.</span> <span class='ocrx_word' id='word_1_154' title='bbox 1075 1665 1130 1700; x_wconf 87' lang='grc'>68.</span> <span class='ocrx_word' id='word_1_155' title='bbox 1150 1665 1203 1702; x_wconf 86' lang='lat'>70.</span> <span class='ocrx_word' id='word_1_156' title='bbox 1230 1665 1321 1702; x_wconf 84' lang='lat' dir='ltr'>Ven.</span> <span class='ocrx_word' id='word_1_157' title='bbox 1341 1666 1372 1700; x_wconf 89' lang='lat' dir='ltr'><strong>l.</strong></span> <span class='ocrx_word' id='word_1_158' title='bbox 1401 1663 1477 1701; x_wconf 81' lang='lat' dir='ltr'>Ott.</span> <span class='ocrx_word' id='word_1_159' title='bbox 1518 1664 1678 1712; x_wconf 76' lang='lat' dir='ltr'>Popilio</span> 
     </span>
     <span class='ocr_line' id='line_1_20' title="bbox 285 1720 1679 1768; baseline 0.002 -15"><span class='ocrx_word' id='word_1_160' title='bbox 285 1720 368 1755; x_wconf 75' lang='lat' dir='ltr'>vat.</span> <span class='ocrx_word' id='word_1_161' title='bbox 389 1737 434 1745; x_wconf 86' lang='lat'>-—</span> <span class='ocrx_word' id='word_1_162' title='bbox 451 1720 577 1766; x_wconf 74' lang='lat' dir='ltr'>plebi]</span> <span class='ocrx_word' id='word_1_163' title='bbox 605 1722 656 1755; x_wconf 91' lang='lat' dir='ltr'>sic</span> <span class='ocrx_word' id='word_1_164' title='bbox 682 1722 786 1757; x_wconf 86' lang='lat' dir='ltr'>codd.</span> <span class='ocrx_word' id='word_1_165' title='bbox 813 1722 934 1756; x_wconf 80' lang='lat' dir='ltr'>collati</span> <span class='ocrx_word' id='word_1_166' title='bbox 955 1733 1079 1756; x_wconf 85' lang='lat' dir='ltr'>omnes</span> <span class='ocrx_word' id='word_1_167' title='bbox 1104 1728 1250 1768; x_wconf 83' lang='lat' dir='ltr'>praeter</span> <span class='ocrx_word' id='word_1_168' title='bbox 1270 1722 1364 1764; x_wconf 74' lang='lat' dir='ltr'><strong>vat..</strong></span> <span class='ocrx_word' id='word_1_169' title='bbox 1390 1723 1473 1756; x_wconf 88' lang='lat' dir='ltr'>item</span> <span class='ocrx_word' id='word_1_170' title='bbox 1491 1723 1546 1759; x_wconf 90' lang='lat' dir='ltr'>ed.</span> <span class='ocrx_word' id='word_1_171' title='bbox 1565 1734 1618 1768; x_wconf 89' lang='lat' dir='ltr'>pr.</span> <span class='ocrx_word' id='word_1_172' title='bbox 1634 1742 1679 1747; x_wconf 90' lang='lat'>—-</span> 
     </span>
     <span class='ocr_line' id='line_1_21' title="bbox 286 1776 1679 1824; baseline 0.002 -15"><span class='ocrx_word' id='word_1_173' title='bbox 286 1781 323 1810; x_wconf 73' lang='lat' dir='ltr'>et</span> <span class='ocrx_word' id='word_1_174' title='bbox 344 1776 551 1819; x_wconf 74' lang='lat' dir='ltr'>seditione]</span> <span class='ocrx_word' id='word_1_175' title='bbox 581 1788 651 1811; x_wconf 93' lang='lat' dir='ltr'>non</span> <span class='ocrx_word' id='word_1_176' title='bbox 671 1784 758 1822; x_wconf 83' lang='lat' dir='ltr'>puto</span> <span class='ocrx_word' id='word_1_177' title='bbox 776 1778 961 1812; x_wconf 84' lang='lat' dir='ltr'>Ciceronis</span> <span class='ocrx_word' id='word_1_178' title='bbox 986 1790 1084 1822; x_wconf 80' lang='lat' dir='ltr'>esse,</span> <span class='ocrx_word' id='word_1_179' title='bbox 1108 1779 1174 1813; x_wconf 86' lang='lat' dir='ltr'>sed</span> <span class='ocrx_word' id='word_1_180' title='bbox 1193 1779 1399 1824; x_wconf 84' lang='lat' dir='ltr'>interpretis</span> <span class='ocrx_word' id='word_1_181' title='bbox 1421 1779 1536 1813; x_wconf 78' lang='lat' dir='ltr'>verba</span> <span class='ocrx_word' id='word_1_182' title='bbox 1553 1779 1679 1823; x_wconf 88' lang='lat' dir='ltr'>priori-</span> 
     </span>
     <span class='ocr_line' id='line_1_22' title="bbox 286 1832 1679 1878; baseline 0.001 -12"><span class='ocrx_word' id='word_1_183' title='bbox 286 1833 352 1867; x_wconf 84' lang='lat' dir='ltr'>bus</span> <span class='ocrx_word' id='word_1_184' title='bbox 381 1832 560 1877; x_wconf 81' lang='lat' dir='ltr'>particula</span> <span class='ocrx_word' id='word_1_185' title='bbox 584 1845 656 1878; x_wconf 80' lang='lat' dir='ltr'>que</span> <span class='ocrx_word' id='word_1_186' title='bbox 682 1834 840 1875; x_wconf 80' lang='lat' dir='ltr'>adiecta3</span> <span class='ocrx_word' id='word_1_187' title='bbox 868 1846 899 1869; x_wconf 88' lang='lat' dir='ltr'>v.</span> <span class='ocrx_word' id='word_1_188' title='bbox 926 1835 964 1869; x_wconf 89' lang='lat' dir='ltr'><strong>C.</strong></span> <span class='ocrx_word' id='word_1_189' title='bbox 985 1834 1042 1870; x_wconf 86' lang='lat' dir='ltr'>Cr.</span> <span class='ocrx_word' id='word_1_190' title='bbox 1070 1836 1105 1868; x_wconf 91' lang='lat' dir='ltr'>in</span> <span class='ocrx_word' id='word_1_191' title='bbox 1133 1835 1206 1870; x_wconf 89' lang='lat' dir='ltr'>Cic.</span> <span class='ocrx_word' id='word_1_192' title='bbox 1233 1835 1277 1869; x_wconf 87' lang='lat' dir='ltr'>de</span> <span class='ocrx_word' id='word_1_193' title='bbox 1299 1834 1363 1870; x_wconf 82' lang='lat' dir='ltr'><strong>Or.</strong></span> <span class='ocrx_word' id='word_1_194' title='bbox 1385 1834 1429 1869; x_wconf 90' lang='lat'>11.</span> <span class='ocrx_word' id='word_1_195' title='bbox 1450 1835 1514 1876; x_wconf 81' lang='lat'>33,</span> <span class='ocrx_word' id='word_1_196' title='bbox 1543 1836 1617 1870; x_wconf 71' lang='lat'><strong>144.</strong></span> <span class='ocrx_word' id='word_1_197' title='bbox 1634 1854 1679 1859; x_wconf 92' lang='grc'>--</span> 
     </span>
     <span class='ocr_line' id='line_1_23' title="bbox 285 1889 1679 1936; baseline -0.001 -10"><span class='ocrx_word' id='word_1_198' title='bbox 285 1891 488 1934; x_wconf 75' lang='lat' dir='ltr'>nuntiata]</span> <span class='ocrx_word' id='word_1_199' title='bbox 522 1894 688 1924; x_wconf 80' lang='lat' dir='ltr'>constant</span> <span class='ocrx_word' id='word_1_200' title='bbox 721 1889 811 1923; x_wconf 83' lang='lat' dir='ltr'>haee</span> <span class='ocrx_word' id='word_1_201' title='bbox 839 1892 925 1934; x_wconf 82' lang='lat' dir='ltr'>(per</span> <span class='ocrx_word' id='word_1_202' title='bbox 951 1892 981 1933; x_wconf 76' lang='lat' dir='ltr'>t)</span> <span class='ocrx_word' id='word_1_203' title='bbox 1015 1891 1191 1924; x_wconf 85' lang='lat' dir='ltr'>bonorum</span> <span class='ocrx_word' id='word_1_204' title='bbox 1226 1891 1329 1925; x_wconf 83' lang='lat' dir='ltr'>codd.</span> <span class='ocrx_word' id='word_1_205' title='bbox 1358 1892 1538 1936; x_wconf 84' lang='lat' dir='ltr'>scriptura</span> <span class='ocrx_word' id='word_1_206' title='bbox 1572 1892 1679 1925; x_wconf 86' lang='lat' dir='ltr'>etiam</span> 
     </span>
     <span class='ocr_line' id='line_1_24' title="bbox 286 1946 1677 1991; baseline 0 -10"><span class='ocrx_word' id='word_1_207' title='bbox 286 1949 322 1982; x_wconf 90' lang='lat' dir='ltr'>in</span> <span class='ocrx_word' id='word_1_208' title='bbox 347 1947 477 1982; x_wconf 89' lang='lat' dir='ltr'>Bruto.</span> <span class='ocrx_word' id='word_1_209' title='bbox 505 1966 551 1973; x_wconf 80' lang='lat'>—-</span> <span class='ocrx_word' id='word_1_210' title='bbox 587 1947 823 1989; x_wconf 73' lang='lat' dir='ltr'>contionem]</span> <span class='ocrx_word' id='word_1_211' title='bbox 850 1947 901 1979; x_wconf 85' lang='lat' dir='ltr'>sic</span> <span class='ocrx_word' id='word_1_212' title='bbox 927 1946 993 1991; x_wconf 82' lang='lat' dir='ltr'>Lg.</span> <span class='ocrx_word' id='word_1_213' title='bbox 1013 1946 1046 1981; x_wconf 91' lang='grc'>8.</span> <span class='ocrx_word' id='word_1_214' title='bbox 1068 1947 1122 1981; x_wconf 85' lang='grc'>39.</span> <span class='ocrx_word' id='word_1_215' title='bbox 1146 1947 1199 1980; x_wconf 86' lang='grc'>51.</span> <span class='ocrx_word' id='word_1_216' title='bbox 1220 1947 1274 1982; x_wconf 91' lang='grc'>53.</span> <span class='ocrx_word' id='word_1_217' title='bbox 1297 1946 1351 1981; x_wconf 86' lang='grc'>58.</span> <span class='ocrx_word' id='word_1_218' title='bbox 1371 1947 1425 1981; x_wconf 81' lang='grc'>68.</span> <span class='ocrx_word' id='word_1_219' title='bbox 1445 1947 1499 1980; x_wconf 82' lang='lat'>70.</span> <span class='ocrx_word' id='word_1_220' title='bbox 1534 1947 1625 1981; x_wconf 90' lang='lat' dir='ltr'>Ven.</span> <span class='ocrx_word' id='word_1_221' title='bbox 1648 1948 1677 1981; x_wconf 94' lang='lat' dir='ltr'><strong>l.</strong></span> 
     </span>
     <span class='ocr_line' id='line_1_25' title="bbox 287 2002 1678 2047; baseline -0.001 -9"><span class='ocrx_word' id='word_1_222' title='bbox 287 2002 413 2039; x_wconf 85' lang='lat' dir='ltr'>ottob.</span> <span class='ocrx_word' id='word_1_223' title='bbox 448 2003 516 2037; x_wconf 89' lang='lat' dir='ltr'><strong>Gu.</strong></span> <span class='ocrx_word' id='word_1_224' title='bbox 546 2004 594 2045; x_wconf 74' lang='lat' dir='ltr'>l..</span> <span class='ocrx_word' id='word_1_225' title='bbox 632 2013 747 2046; x_wconf 79' lang='lat' dir='ltr'>eaque</span> <span class='ocrx_word' id='word_1_226' title='bbox 780 2003 981 2047; x_wconf 81' lang='lat' dir='ltr'>scriptura,</span> <span class='ocrx_word' id='word_1_227' title='bbox 1015 2003 1083 2036; x_wconf 85' lang='lat' dir='ltr'>nisi</span> <span class='ocrx_word' id='word_1_228' title='bbox 1122 2014 1198 2036; x_wconf 88' lang='lat' dir='ltr'>cum</span> <span class='ocrx_word' id='word_1_229' title='bbox 1230 2002 1315 2036; x_wconf 85' lang='lat' dir='ltr'>boni</span> <span class='ocrx_word' id='word_1_230' title='bbox 1346 2002 1427 2036; x_wconf 87' lang='lat' dir='ltr'>libri</span> <span class='ocrx_word' id='word_1_231' title='bbox 1454 2002 1678 2045; x_wconf 82' lang='lat' dir='ltr'>dissentiunt,</span> 
     </span>
     <span class='ocr_line' id='line_1_26' title="bbox 286 2058 1675 2105; baseline -0.001 -11"><span class='ocrx_word' id='word_1_232' title='bbox 286 2066 415 2105; x_wconf 84' lang='lat' dir='ltr'>postea</span> <span class='ocrx_word' id='word_1_233' title='bbox 449 2070 521 2092; x_wconf 91' lang='lat' dir='ltr'>non</span> <span class='ocrx_word' id='word_1_234' title='bbox 552 2058 746 2091; x_wconf 79' lang='lat' dir='ltr'>notabitur.</span> <span class='ocrx_word' id='word_1_235' title='bbox 770 2077 815 2081; x_wconf 88' lang='lat'>——</span> <span class='ocrx_word' id='word_1_236' title='bbox 859 2069 949 2091; x_wconf 70' lang='lat' dir='ltr'>eum</span> <span class='ocrx_word' id='word_1_237' title='bbox 984 2059 1238 2102; x_wconf 75' lang='lat' dir='ltr'>auctoritate]</span> <span class='ocrx_word' id='word_1_238' title='bbox 1275 2063 1361 2094; x_wconf 77' lang='lat' dir='ltr'>tum</span> <span class='ocrx_word' id='word_1_239' title='bbox 1394 2063 1493 2093; x_wconf 75' lang='lat' dir='ltr'>auct.</span> <span class='ocrx_word' id='word_1_240' title='bbox 1534 2059 1590 2094; x_wconf 85' lang='lat' dir='ltr'>ed.</span> <span class='ocrx_word' id='word_1_241' title='bbox 1623 2070 1675 2104; x_wconf 86' lang='lat' dir='ltr'>pr.</span> 
     </span>
     <span class='ocr_line' id='line_1_27' title="bbox 286 2111 933 2157; baseline -0.008 -7"><span class='ocrx_word' id='word_1_242' title='bbox 286 2117 359 2150; x_wconf 89' lang='lat' dir='ltr'>inv.</span> <span class='ocrx_word' id='word_1_243' title='bbox 386 2119 488 2150; x_wconf 75' lang='lat' dir='ltr'>ancl.</span> <span class='ocrx_word' id='word_1_244' title='bbox 516 2119 552 2148; x_wconf 82' lang='lat' dir='ltr'>et</span> <span class='ocrx_word' id='word_1_245' title='bbox 578 2115 760 2147; x_wconf 74' lang='lat' dir='ltr'>oracione</span> <span class='ocrx_word' id='word_1_246' title='bbox 784 2111 849 2157; x_wconf 83' lang='lat' dir='ltr'><strong>Lg.</strong></span> <span class='ocrx_word' id='word_1_247' title='bbox 877 2112 933 2146; x_wconf 88' lang='lat'>20.</span> 
     </span>
    </p>
   </div>
   <div class='ocr_carea' id='block_1_5' title="bbox 286 2191 1679 2575">
    <p class='ocr_par' dir='ltr' id='par_1_5' title="bbox 286 2191 1679 2575">
     <span class='ocr_line' id='line_1_28' title="bbox 378 2191 1676 2238; baseline 0 -13"><span class='ocrx_word' id='word_1_248' title='bbox 378 2192 432 2228; x_wconf 84' lang='lat'>57.</span> <span class='ocrx_word' id='word_1_249' title='bbox 484 2191 714 2234; x_wconf 76' lang='lat' dir='ltr'>dividundo]</span> <span class='ocrx_word' id='word_1_250' title='bbox 748 2191 800 2225; x_wconf 87' lang='lat' dir='ltr'>sic</span> <span class='ocrx_word' id='word_1_251' title='bbox 832 2191 992 2236; x_wconf 78' lang='lat' dir='ltr'>legitima</span> <span class='ocrx_word' id='word_1_252' title='bbox 1018 2192 1053 2225; x_wconf 90' lang='lat' dir='ltr'>in</span> <span class='ocrx_word' id='word_1_253' title='bbox 1081 2191 1220 2238; x_wconf 82' lang='lat' dir='ltr'>legibus</span> <span class='ocrx_word' id='word_1_254' title='bbox 1249 2191 1365 2226; x_wconf 85' lang='lat' dir='ltr'>forma</span> <span class='ocrx_word' id='word_1_255' title='bbox 1387 2191 1455 2237; x_wconf 85' lang='lat' dir='ltr'><strong>Lg.</strong></span> <span class='ocrx_word' id='word_1_256' title='bbox 1482 2192 1514 2226; x_wconf 86' lang='grc'>8.</span> <span class='ocrx_word' id='word_1_257' title='bbox 1540 2192 1596 2227; x_wconf 84' lang='lat'>20.</span> <span class='ocrx_word' id='word_1_258' title='bbox 1621 2192 1676 2226; x_wconf 84' lang='lat'><strong>51.</strong></span> 
     </span>
     <span class='ocr_line' id='line_1_29' title="bbox 286 2247 1679 2292; baseline -0.001 -9"><span class='ocrx_word' id='word_1_259' title='bbox 286 2250 378 2284; x_wconf 86' lang='lat' dir='ltr'>Ven.</span> <span class='ocrx_word' id='word_1_260' title='bbox 400 2250 429 2283; x_wconf 94' lang='grc'>1.</span> <span class='ocrx_word' id='word_1_261' title='bbox 467 2247 702 2283; x_wconf 77' lang='lat' dir='ltr'>dimittendo</span> <span class='ocrx_word' id='word_1_262' title='bbox 730 2247 798 2281; x_wconf 88' lang='lat' dir='ltr'>Gu.</span> <span class='ocrx_word' id='word_1_263' title='bbox 818 2248 847 2282; x_wconf 94' lang='lat' dir='ltr'><strong>l.</strong></span> <span class='ocrx_word' id='word_1_264' title='bbox 875 2267 918 2272; x_wconf 83' lang='lat'>—</span> <span class='ocrx_word' id='word_1_265' title='bbox 956 2247 1094 2282; x_wconf 77' lang='lat' dir='ltr'>tulerit</span> <span class='ocrx_word' id='word_1_266' title='bbox 1111 2267 1157 2275; x_wconf 78' lang='lat'>›—</span> <span class='ocrx_word' id='word_1_267' title='bbox 1177 2249 1244 2292; x_wconf 70' lang='lat' dir='ltr'>sit]</span> <span class='ocrx_word' id='word_1_268' title='bbox 1271 2248 1361 2282; x_wconf 75' lang='lat' dir='ltr'>tulit</span> <span class='ocrx_word' id='word_1_269' title='bbox 1377 2268 1423 2272; x_wconf 92' lang='lat'>—-</span> <span class='ocrx_word' id='word_1_270' title='bbox 1442 2252 1500 2281; x_wconf 77' lang='lat' dir='ltr'>est</span> <span class='ocrx_word' id='word_1_271' title='bbox 1525 2247 1608 2282; x_wconf 83' lang='lat' dir='ltr'>sch.</span> <span class='ocrx_word' id='word_1_272' title='bbox 1633 2248 1679 2282; x_wconf 85' lang='lat' dir='ltr'>de</span> 
     </span>
     <span class='ocr_line' id='line_1_30' title="bbox 287 2303 1679 2349; baseline -0.001 -10"><span class='ocrx_word' id='word_1_273' title='bbox 287 2307 496 2339; x_wconf 85' lang='lat' dir='ltr'>coniectura</span> <span class='ocrx_word' id='word_1_274' title='bbox 518 2305 662 2338; x_wconf 85' lang='lat' dir='ltr'>minime</span> <span class='ocrx_word' id='word_1_275' title='bbox 684 2303 901 2338; x_wconf 80' lang='lat' dir='ltr'>necessaria.</span> <span class='ocrx_word' id='word_1_276' title='bbox 920 2322 967 2329; x_wconf 83' lang='lat'>-—</span> <span class='ocrx_word' id='word_1_277' title='bbox 1004 2303 1302 2347; x_wconf 77' lang='lat' dir='ltr'>Trasumenum]</span> <span class='ocrx_word' id='word_1_278' title='bbox 1329 2305 1509 2349; x_wconf 83' lang='lat' dir='ltr'>antiquam</span> <span class='ocrx_word' id='word_1_279' title='bbox 1526 2304 1679 2338; x_wconf 81' lang='lat' dir='ltr'>sormam</span> 
     </span>
     <span class='ocr_line' id='line_1_31' title="bbox 287 2359 1676 2406; baseline -0.002 -10"><span class='ocrx_word' id='word_1_280' title='bbox 287 2362 410 2396; x_wconf 85' lang='lat' dir='ltr'>reduci</span> <span class='ocrx_word' id='word_1_281' title='bbox 436 2362 616 2406; x_wconf 82' lang='lat' dir='ltr'>oportuit3</span> <span class='ocrx_word' id='word_1_282' title='bbox 659 2364 713 2394; x_wconf 89' lang='lat' dir='ltr'>est</span> <span class='ocrx_word' id='word_1_283' title='bbox 741 2372 786 2393; x_wconf 83' lang='lat' dir='ltr'>ea</span> <span class='ocrx_word' id='word_1_284' title='bbox 814 2361 849 2393; x_wconf 90' lang='lat' dir='ltr'>in</span> <span class='ocrx_word' id='word_1_285' title='bbox 875 2359 939 2393; x_wconf 89' lang='lat' dir='ltr'>Gu.</span> <span class='ocrx_word' id='word_1_286' title='bbox 969 2359 999 2395; x_wconf 95' lang='lat' dir='ltr'><strong>l.</strong></span> <span class='ocrx_word' id='word_1_287' title='bbox 1056 2360 1369 2396; x_wconf 78' lang='lat' dir='ltr'>Tarsumennum</span> <span class='ocrx_word' id='word_1_288' title='bbox 1394 2359 1460 2405; x_wconf 82' lang='lat' dir='ltr'>Lg.</span> <span class='ocrx_word' id='word_1_289' title='bbox 1485 2360 1517 2393; x_wconf 88' lang='grc'>8.</span> <span class='ocrx_word' id='word_1_290' title='bbox 1543 2360 1597 2393; x_wconf 90' lang='lat'>20.</span> <span class='ocrx_word' id='word_1_291' title='bbox 1623 2360 1676 2394; x_wconf 90' lang='grc'>51.</span> 
     </span>
     <span class='ocr_line' id='line_1_32' title="bbox 286 2415 1677 2461; baseline -0.001 -10"><span class='ocrx_word' id='word_1_292' title='bbox 286 2418 378 2451; x_wconf 87' lang='lat' dir='ltr'>Ven.</span> <span class='ocrx_word' id='word_1_293' title='bbox 400 2418 429 2451; x_wconf 94' lang='lat' dir='ltr'><strong>l.</strong></span> <span class='ocrx_word' id='word_1_294' title='bbox 459 2415 555 2458; x_wconf 64' lang='lat' dir='ltr'>ott..</span> <span class='ocrx_word' id='word_1_295' title='bbox 589 2428 694 2461; x_wconf 79' lang='lat' dir='ltr'>quani</span> <span class='ocrx_word' id='word_1_296' title='bbox 727 2417 937 2461; x_wconf 83' lang='lat' dir='ltr'>scripturam</span> <span class='ocrx_word' id='word_1_297' title='bbox 963 2418 1085 2460; x_wconf 85' lang='lat' dir='ltr'>(modo</span> <span class='ocrx_word' id='word_1_298' title='bbox 1113 2418 1261 2452; x_wconf 87' lang='lat' dir='ltr'>alterum</span> <span class='ocrx_word' id='word_1_299' title='bbox 1284 2428 1311 2450; x_wconf 78' lang='grc' dir='ltr'><em>η</em></span> <span class='ocrx_word' id='word_1_300' title='bbox 1336 2416 1537 2459; x_wconf 75' lang='lat' dir='ltr'>abiiciatur)</span> <span class='ocrx_word' id='word_1_301' title='bbox 1563 2416 1677 2449; x_wconf 88' lang='lat' dir='ltr'>errori</span> 
     </span>
     <span class='ocr_line' id='line_1_33' title="bbox 286 2471 1677 2518; baseline -0.001 -11"><span class='ocrx_word' id='word_1_302' title='bbox 286 2473 446 2507; x_wconf 85' lang='lat' dir='ltr'>tribuere</span> <span class='ocrx_word' id='word_1_303' title='bbox 470 2472 533 2507; x_wconf 84' lang='lat' dir='ltr'>vix</span> <span class='ocrx_word' id='word_1_304' title='bbox 559 2472 705 2506; x_wconf 85' lang='lat' dir='ltr'>audebit</span> <span class='ocrx_word' id='word_1_305' title='bbox 737 2473 795 2517; x_wconf 88' lang='lat' dir='ltr'>qui</span> <span class='ocrx_word' id='word_1_306' title='bbox 820 2473 949 2518; x_wconf 84' lang='lat' dir='ltr'>legerit</span> <span class='ocrx_word' id='word_1_307' title='bbox 975 2473 1121 2511; x_wconf 78' lang='lat' dir='ltr'>Quintil.</span> <span class='ocrx_word' id='word_1_308' title='bbox 1150 2474 1175 2508; x_wconf 91' lang='lat'>1.</span> <span class='ocrx_word' id='word_1_309' title='bbox 1201 2474 1243 2515; x_wconf 87' lang='lat'>5,</span> <span class='ocrx_word' id='word_1_310' title='bbox 1271 2473 1324 2508; x_wconf 85' lang='lat'>12.</span> <span class='ocrx_word' id='word_1_311' title='bbox 1378 2471 1677 2507; x_wconf 74' lang='lat' dir='ltr'>Transimenum</span> 
     </span>
     <span class='ocr_line' id='line_1_34' title="bbox 287 2528 1674 2575; baseline -0.001 -12"><span class='ocrx_word' id='word_1_312' title='bbox 287 2529 354 2575; x_wconf 83' lang='lat' dir='ltr'>Lg.</span> <span class='ocrx_word' id='word_1_313' title='bbox 377 2529 432 2563; x_wconf 90' lang='lat'>20.</span> <span class='ocrx_word' id='word_1_314' title='bbox 487 2528 801 2564; x_wconf 79' lang='lat' dir='ltr'>Trasz&#39;memnum</span> <span class='ocrx_word' id='word_1_315' title='bbox 828 2529 883 2564; x_wconf 89' lang='lat'><strong>35.</strong></span> <span class='ocrx_word' id='word_1_316' title='bbox 932 2529 1205 2566; x_wconf 57' lang='lat' dir='ltr'>Tar-fintenum</span> <span class='ocrx_word' id='word_1_317' title='bbox 1224 2529 1278 2566; x_wconf 83' lang='lat'><strong>56.</strong></span> <span class='ocrx_word' id='word_1_318' title='bbox 1330 2528 1596 2564; x_wconf 78' lang='lat' dir='ltr'>Trasimerum</span> <span class='ocrx_word' id='word_1_319' title='bbox 1621 2528 1674 2562; x_wconf 84' lang='lat'>70.</span> 
     </span>
    </p>
   </div>
   <div class='ocr_carea' id='block_1_6' title="bbox 288 2606 1675 2768">
    <p class='ocr_par' dir='ltr' id='par_1_6' title="bbox 288 2606 1675 2768">
     <span class='ocr_line' id='line_1_35' title="bbox 378 2606 1675 2654; baseline -0.002 -12"><span class='ocrx_word' id='word_1_320' title='bbox 378 2607 459 2642; x_wconf 80' lang='lat' dir='ltr'>XV.</span> <span class='ocrx_word' id='word_1_321' title='bbox 513 2607 717 2654; x_wconf 72' lang='lat' dir='ltr'>Cetlzefflts]</span> <span class='ocrx_word' id='word_1_322' title='bbox 749 2608 910 2654; x_wconf 61' lang='lat' dir='ltr'>Cataquas</span> <span class='ocrx_word' id='word_1_323' title='bbox 936 2608 1001 2654; x_wconf 83' lang='lat' dir='ltr'>Lg.</span> <span class='ocrx_word' id='word_1_324' title='bbox 1024 2609 1079 2644; x_wconf 88' lang='lat'>20.</span> <span class='ocrx_word' id='word_1_325' title='bbox 1103 2610 1157 2644; x_wconf 89' lang='lat'>39.</span> <span class='ocrx_word' id='word_1_326' title='bbox 1182 2610 1235 2644; x_wconf 84' lang='grc'>58.</span> <span class='ocrx_word' id='word_1_327' title='bbox 1260 2610 1316 2644; x_wconf 88' lang='lat' dir='ltr'>ed.</span> <span class='ocrx_word' id='word_1_328' title='bbox 1338 2620 1411 2654; x_wconf 85' lang='lat' dir='ltr'>pr.,</span> <span class='ocrx_word' id='word_1_329' title='bbox 1437 2607 1553 2641; x_wconf 78' lang='lat' dir='ltr'>forma</span> <span class='ocrx_word' id='word_1_330' title='bbox 1576 2606 1675 2641; x_wconf 89' lang='lat' dir='ltr'>Cice-</span> 
     </span>
     <span class='ocr_line' id='line_1_36' title="bbox 288 2662 1673 2710; baseline -0.002 -11"><span class='ocrx_word' id='word_1_331' title='bbox 288 2666 386 2699; x_wconf 84' lang='lat' dir='ltr'>ronis</span> <span class='ocrx_word' id='word_1_332' title='bbox 407 2669 527 2698; x_wconf 76' lang='lat' dir='ltr'>aetate</span> <span class='ocrx_word' id='word_1_333' title='bbox 555 2664 622 2698; x_wconf 81' lang='lat' dir='ltr'>iam</span> <span class='ocrx_word' id='word_1_334' title='bbox 641 2665 836 2710; x_wconf 80' lang='lat' dir='ltr'>antiquata.</span> <span class='ocrx_word' id='word_1_335' title='bbox 854 2685 900 2689; x_wconf 79' lang='lat'>—-</span> <span class='ocrx_word' id='word_1_336' title='bbox 927 2664 1143 2709; x_wconf 76' lang='lat' dir='ltr'>audiverit]</span> <span class='ocrx_word' id='word_1_337' title='bbox 1170 2666 1343 2702; x_wconf 76' lang='lat' dir='ltr'>audierit</span> <span class='ocrx_word' id='word_1_338' title='bbox 1365 2664 1433 2709; x_wconf 82' lang='lat' dir='ltr'>Lg.</span> <span class='ocrx_word' id='word_1_339' title='bbox 1453 2662 1509 2699; x_wconf 86' lang='lat'><strong>35.</strong></span> <span class='ocrx_word' id='word_1_340' title='bbox 1530 2662 1585 2697; x_wconf 85' lang='lat' dir='ltr'>ed.</span> <span class='ocrx_word' id='word_1_341' title='bbox 1604 2672 1673 2707; x_wconf 59' lang='lat' dir='ltr'>pr„</span> 
     </span>
     <span class='ocr_line' id='line_1_37' title="bbox 288 2720 1261 2768; baseline 0.005 -14"><span class='ocrx_word' id='word_1_342' title='bbox 288 2721 385 2765; x_wconf 85' lang='lat' dir='ltr'>quod</span> <span class='ocrx_word' id='word_1_343' title='bbox 410 2732 473 2756; x_wconf 87' lang='lat' dir='ltr'>cur</span> <span class='ocrx_word' id='word_1_344' title='bbox 497 2727 634 2757; x_wconf 87' lang='lat' dir='ltr'>rectum</span> <span class='ocrx_word' id='word_1_345' title='bbox 659 2721 755 2757; x_wconf 84' lang='lat' dir='ltr'>dicat</span> <span class='ocrx_word' id='word_1_346' title='bbox 779 2720 955 2768; x_wconf 84' lang='lat' dir='ltr'>Meyerus</span> <span class='ocrx_word' id='word_1_347' title='bbox 979 2733 1052 2758; x_wconf 92' lang='lat' dir='ltr'>non</span> <span class='ocrx_word' id='word_1_348' title='bbox 1077 2734 1261 2768; x_wconf 80' lang='lat' dir='ltr'>assequor.</span> 
     </span>
    </p>
   </div>
   <div class='ocr_carea' id='block_1_7' title="bbox 1818 439 1834 1155">
    <p class='ocr_par' dir='ltr' id='par_1_7' title="bbox 1818 439 1834 1155">
     <span class='ocr_line' id='line_1_38' title="bbox 1818 439 1834 1155; baseline 0 0"><span class='ocrx_word' id='word_1_349' title='bbox 1818 439 1834 1155; x_wconf 95' lang='lat' dir='ltr'> </span> 
     </span>
    </p>
   </div>
   <div class='ocr_carea' id='block_1_8' title="bbox 1795 582 1835 3126">
    <p class='ocr_par' dir='ltr' id='par_1_8' title="bbox 1795 582 1835 3126">
     <span class='ocr_line' id='line_1_39' title="bbox 1795 582 1835 3126; baseline 0 -239"><span class='ocrx_word' id='word_1_350' title='bbox 1795 582 1835 3126; x_wconf 95' lang='lat' dir='ltr'>   </span> 
     </span>
    </p>
   </div>
   <div class='ocr_carea' id='block_1_9' title="bbox 1789 2447 1796 2692">
    <p class='ocr_par' dir='ltr' id='par_1_9' title="bbox 1789 2447 1796 2692">
     <span class='ocr_line' id='line_1_40' title="bbox 1792 2447 1796 2502; baseline 0 0"><span class='ocrx_word' id='word_1_351' title='bbox 1792 2447 1796 2502; x_wconf 73' lang='grc' dir='ltr'>ε’</span> 
     </span>
     <span class='ocr_line' id='line_1_41' title="bbox 1792 2508 1795 2544; baseline 0 0"><span class='ocrx_word' id='word_1_352' title='bbox 1792 2508 1795 2544; x_wconf 70' lang='grc' dir='ltr'><strong>ι</strong></span> 
     </span>
     <span class='ocr_line' id='line_1_42' title="bbox 1791 2572 1794 2588; baseline 0 0"><span class='ocrx_word' id='word_1_353' title='bbox 1791 2572 1794 2588; x_wconf 77' lang='lat' dir='ltr'>l</span> 
     </span>
     <span class='ocr_line' id='line_1_43' title="bbox 1790 2596 1793 2641; baseline 0 0"><span class='ocrx_word' id='word_1_354' title='bbox 1790 2596 1793 2641; x_wconf 71' lang='lat' dir='ltr'>l</span> 
     </span>
     <span class='ocr_line' id='line_1_44' title="bbox 1789 2645 1792 2692; baseline 0 0"><span class='ocrx_word' id='word_1_355' title='bbox 1789 2645 1792 2692; x_wconf 74' lang='lat' dir='ltr'>l</span> 
     </span>
    </p>
   </div>
   <div class='ocr_carea' id='block_1_10' title="bbox 1783 2863 1786 2916">
    <p class='ocr_par' dir='ltr' id='par_1_10' title="bbox 1783 2863 1786 2916">
     <span class='ocr_line' id='line_1_45' title="bbox 1783 2863 1786 2916; baseline 0 0"><span class='ocrx_word' id='word_1_356' title='bbox 1783 2863 1786 2916; x_wconf 66' lang='grc' dir='ltr'>ι’</span> 
     </span>
    </p>
   </div>
  </div>
 </body>
</html>
