1835 3126
287 207 414 254 344
716 201 1241 247 EXPLICATIONES

288 321 392 360 disse
431 315 665 368 legibusque
702 314 922 356 devinxisse
960 318 1181 357 oratoribus
1215 323 1399 370 tanquam
1436 316 1677 370 provinciam

291 385 437 425 tribuit.

404 451 472 490 46.
532 450 586 486 ait
601 448 835 498 Aristoteles]
859 460 940 488 rem
957 454 1195 500 exposuerat
1213 450 1254 488 in
1268 450 1423 500 τεχνῶν
1439 449 1679 505 συναγωγῇ,

292 529 409 570 quam
438 520 710 556 commemorat
741 514 819 555 Cic.
854 514 901 554 de
932 516 998 556 Or.
1023 516 1070 555 II.
1103 517 1176 564 38,
1202 516 1304 562 116;
1335 516 1529 566 copiosius
1560 528 1681 567 argu-

292 588 459 624 mentum
489 582 582 622 libri
610 582 860 634 persequitur
888 581 969 622 Inv.
999 581 1047 621 II.
1079 585 1116 621 2.
1175 581 1225 622 Et
1259 581 1322 620 hic
1352 580 1504 632 quidem
1533 582 1682 622 Tisiam

294 651 392 690 artis
429 649 650 689 rhetoricae
682 648 923 688 inventorem
950 654 1086 697 vocat,
1128 649 1194 700 qui
1227 659 1305 687 non
1335 646 1459 686 solum
1494 647 1534 685 in
1561 648 1682 688 Bruto

294 719 331 758 sc
360 717 473 757 libris
505 716 552 756 de
582 716 750 756 Oratore
780 715 827 765 (I.
853 718 926 764 21,
951 718 1018 757 91.
1064 715 1114 755 cf.
1142 715 1209 755 III.
1237 716 1310 762 21,
1331 712 1441 764 81.),
1471 713 1540 752 sed
1570 714 1685 753 etiam

295 797 321 824 a
352 784 592 833 Quintiliano
622 781 670 823 II.
704 783 774 830 17,
805 784 843 822 7.
887 783 954 823 111.
988 785 1030 831 1,
1059 783 1098 822 8.
1130 794 1215 821 cum
1245 782 1397 822 Corace
1427 781 1686 831 coniungitur,

297 851 406 891 cuius
443 847 590 904 τέχνην
627 851 939 890 commemoravit
976 849 1207 890 Aristoteles
1246 849 1357 889 Rhet.
1392 847 1442 886 ΙΙ.
1479 849 1552 887 24:
1595 848 1688 899 quin

297 918 495 969 antiquior
536 917 670 957 Corax
712 918 872 969 eiusque
911 917 1125 970 discipulus
1163 916 1294 955 Tisias
1336 913 1476 954 dicitur
1512 915 1687 954 Luciano

296 984 603 1034 Pseudologista
632 985 698 1023 30.
728 997 767 1036 p.
795 985 886 1024 187.
917 990 944 1024 t.
968 985 1033 1024 ΙΙΙ.
1067 984 1125 1024 ed.
1156 983 1280 1023 Reitz.

411 1063 471 1088 res
491 1053 663 1100 privatae
685 1051 833 1088 indiciis
855 1051 1115 1100 repeterentur]
1147 1050 1332 1100 Meyerus
1364 1047 1410 1087 de
1431 1047 1543 1087 bonis
1569 1048 1689 1086 inter-

298 1122 494 1169 pretatur,
527 1127 627 1166 quae
656 1117 810 1168 privata
839 1117 993 1167 tyranni
1021 1128 1093 1169 per
1120 1117 1196 1156 vim
1225 1113 1489 1167 possederint;
1520 1114 1586 1153 sed
1618 1126 1689 1153 nec

297 1182 480 1222 traditum
509 1181 607 1220 illud
637 1187 694 1220 est
722 1188 759 1220 et
787 1196 912 1219 rerum
936 1186 1173 1232 privatarum
1201 1181 1354 1220 nomine
1383 1181 1495 1219 nimis
1525 1181 1689 1220 obscure

299 1250 507 1289 diceretur.
550 1246 658 1286 Nihil
682 1245 774 1285 dicit
803 1247 877 1285 nisi
906 1247 1053 1286 iudicia
1080 1248 1260 1286 restituta
1285 1258 1390 1293 esse,
1419 1252 1462 1284 ut
1490 1247 1530 1284 in
1553 1247 1689 1286 liberis

300 1315 522 1357 civitatibus
546 1313 657 1361 solet,
684 1325 768 1352 cum
793 1318 882 1353 ante
904 1326 977 1366 pro
1000 1313 1162 1353 libidine
1182 1318 1434 1364 tyrannorum
1460 1313 1689 1363 agitaretur.

414 1393 622 1419 communes
651 1380 735 1430 loct]
778 1380 826 1420 de
862 1381 999 1420 horum
1036 1380 1291 1433 scriptoribus
1332 1379 1480 1430 Gorgia
1519 1384 1555 1418 et
1591 1379 1691 1419 Pro-

300 1455 447 1500 tagora
474 1460 511 1488 v.
543 1447 730 1499 Spengel.
753 1449 836 1487 Art.
861 1448 1019 1499 Scriptt.
1048 1460 1087 1500 p.
1109 1449 1174 1487 24.
1217 1446 1414 1489 Welcker.
1439 1446 1544 1486 Mus.
1568 1446 1691 1487 Rhen.

301 1516 380 1557 vol.
410 1515 438 1554 I.
476 1527 513 1567 p.
544 1515 640 1554 564.
701 1513 901 1554 Ciceronis
938 1514 1060 1555 verba
1100 1519 1190 1554 ante
1220 1514 1354 1554 oculos
1384 1513 1540 1553 fuerunt
1570 1513 1692 1564 Quin-

300 1583 438 1622 tiliano
469 1581 534 1621 III.
569 1583 613 1630 l,
647 1583 710 1621 12.

415 1648 667 1698 controversa]
706 1648 772 1688 vix
800 1647 988 1689 credibile
1024 1647 1177 1689 videtur
1206 1653 1482 1686 controversum
1513 1647 1589 1688 dici
1618 1649 1693 1688 nisi

304 1716 351 1755 de
383 1727 459 1767 quo
490 1715 560 1754 alii
588 1715 765 1766 litigant3
808 1716 874 1767 qui
904 1728 1015 1756 secus
1045 1716 1197 1763 statuit,
1229 1715 1436 1765 Meyerus‚
1467 1716 1694 1755 sententiam

303 1782 444 1822 vellem
472 1782 691 1834 probasset.
735 1781 881 1822 Fateor
907 1788 1035 1822 tamen
1065 1782 1191 1821 simile
1221 1781 1314 1834 quid
1344 1780 1536 1821 excidisse
1552 1782 1694 1832 Plinio,

304 1859 390 1887 cum
416 1851 538 1886 virum
565 1849 785 1897 dispositum
818 1861 902 1888 eum
932 1849 1042 1898 dicit,
1081 1850 1147 1901 qui
1175 1850 1331 1890 inventa
1358 1848 1457 1887 bene
1490 1848 1697 1901 disponere

305 1915 443 1963 sciret,
471 1913 571 1966 Epp.
602 1914 650 1953 II.
684 1917 754 1963 11,
787 1917 851 1954 17.

421 1983 487 2020 47.
546 1982 630 2019 huic
658 1981 937 2031 Antiphontem]
970 1980 1017 2021 de
1047 1992 1192 2032 genere
1218 1980 1405 2033 loquendi
1433 1993 1468 2021 v.
1493 1981 1626 2034 Expll.
1656 1983 1694 2022 in

306 2048 355 2087 de
390 2048 457 2087 Or.
494 2046 523 2085 Ι.
563 2048 611 2093 4,
652 2048 716 2087 15.
778 2048 1015 2087 Graecorum
1058 2049 1202 2086 similia
1238 2047 1420 2087 tractavit
1458 2047 1694 2089 Schaeferus

305 2114 403 2154 Mel.
435 2113 498 2152 Cr.
529 2125 567 2164 p.
598 2112 666 2153 58.
723 2112 783 2152 De
810 2114 1045 2166 Antiphonte
1075 2113 1312 2165 Thucydidis
1342 2114 1598 2154 testimonium
1628 2127 1695 2155 ex-

306 2185 383 2220 stat
410 2179 511 2220 VIII.
541 2180 629 2227 68.;
660 2179 708 2218 cf.
741 2179 902 2229 Quintil.
932 2180 998 2220 ΙΙΙ.
1033 2182 1076 2229 1,
1110 2182 1174 2220 ll.

419 2248 487 2286 48.
549 2246 776 2296 Theodorus]
801 2252 989 2300 „propter
1004 2247 1255 2287 subtilitatem
1272 2242 1591 2299 λογοδαίὸαλος
1603 2248 1697 2288 Pla-

307 2314 390 2354 toni
421 2313 561 2352 dictus:
591 2325 627 2353 v.
652 2313 839 2365 Spengel.
868 2326 907 2366 p.
935 2316 1012 2354 101
1039 2327 1145 2366 sqq.,
1178 2313 1417 2365 eundemque
1446 2313 1493 2352 de
1512 2313 1697 2355 Isocratis

307 2383 403 2423 Arte
431 2393 470 2432 p.
503 2380 582 2420 154
609 2393 693 2432 sqq.
705 2382 728 2400 “
774 2381 1004 2428 Bernhardy.
1064 2380 1162 2420 Nam
1191 2381 1422 2421 Plutarchus
1457 2381 1497 2419 in
1523 2380 1697 2421 Isocrate

308 2461 348 2501 p.
376 2448 471 2487 838.
512 2448 567 2485 ait
603 2447 703 2487 alios
743 2447 900 2488 tradere
937 2459 1022 2487 eum
1060 2460 1138 2488 non
1164 2443 1368 2502 μεθόδῳ,
1410 2447 1477 2486 sed
1512 2441 1698 2503 ἀσκήσει

308 2527 420 2554 usum
443 2526 546 2561 esse,
577 2514 678 2553 alios
709 2520 835 2554 autem
866 2527 951 2554 eum
981 2511 1130 2565 τέχνας
1157 2510 1519 2568 συγγεγραφεύαι.
1578 2515 1696 2555 Simi-

308 2581 386 2621 lem
425 2581 472 2620 de
510 2580 682 2620 Isocrate
718 2582 861 2620 famam
901 2582 1028 2622 statim
1063 2582 1190 2633 tangit
1226 2581 1388 2629 Cicero,
1426 2580 1528 2620 idem
1563 2582 1697 2622 Artem

309 2648 495 2688 Isocratis
526 2653 681 2688 exstare
711 2661 858 2700 negans
891 2646 971 2690 Inv.
1000 2648 1048 2688 11.
1079 2651 1116 2687 2.
1176 2648 1273 2688 Hinc
1304 2659 1408 2695 eam,
1445 2660 1545 2700 quae
1575 2661 1600 2688 a
1628 2661 1696 2689 ve-

309 2716 456 2755 teribus
486 2716 704 2764 terebatur,
735 2717 919 2757 Isocratis
947 2716 1112 2756 iunioris
1141 2715 1419 2768 Apolloniatae
1448 2726 1534 2756 esse
1563 2715 1695 2768 dispu-
