1835 3126
315 225 433 279 ἕης
742 229 1275 276 EermATmNES

314 360 339 385 a
365 343 530 385 Cimbris
557 342 683 391 susus,
717 353 804 383 cum
833 354 858 381 a
888 341 930 382 G.
960 341 1146 384 Norbano
1177 345 1332 386 tribuno
1364 346 1577 386 maiestatis
1611 357 1701 385 reus

311 412 437 450 factus
469 414 570 449 esset
600 422 636 450 a.
667 409 772 458 659,
809 420 882 461 per
911 409 988 448 vim
1018 414 1055 448 et
1083 409 1310 452 seditionem
1339 413 1539 453 damnatus
1567 412 1701 464 Smyr-

313 490 402 516 nam
419 477 530 517 exsul
556 477 760 516 concessit.
792 476 839 518 V.
862 480 998 515 nostra
1020 475 1060 514 in
1081 475 1214 528 Expll.
1239 478 1280 516 in
1303 478 1349 517 de
1371 475 1440 519 Or.
1455 481 1502 520 ΙΙ,
1520 483 1588 528 47,
1609 482 1700 521 197.

421 552 602 593 XXXVI.
665 553 756 592 136.
819 553 857 590 G.
886 559 920 591 et
948 556 996 592 L.
1020 554 1206 603 Memmii]
1237 567 1275 595 v.
1305 555 1487 606 prolegg.
1520 559 1555 612 ς.
1578 559 1645 597 24.

425 633 491 681 Sp.
515 630 690 679 Thorius]
726 631 808 669 eius
840 643 940 682 quae
966 632 1029 671 hic
1055 637 1375 672 commemoratur
1402 632 1485 680 leX,
1517 644 1564 671 ea
1583 634 1702 684 plane

310 699 448 749 ignota
477 702 545 737 est.
604 697 703 737 Nam
734 699 767 736 si
787 698 878 749 lege
901 699 1050 738 Thoria
1079 699 1251 750 vectigal
1281 711 1329 738 ex
1352 710 1451 750 agro
1475 698 1632 750 publico
1663 701 1703 738 in

309 765 444 813 Italia,
484 776 585 816 quae
614 765 653 803 in
685 765 879 804 aerarium
909 766 1039 817 redigi
1073 766 1245 815 solebat,
1282 766 1390 818 plebi
1418 766 1526 816 agris
1556 766 1704 805 carenti

310 832 474 872 divisum
504 836 582 879 est,
615 843 691 883 quo
717 832 830 872 modo
863 844 911 872 ea
933 833 1024 884 lege
1050 844 1148 884 ager
1176 834 1350 882 vectigali
1374 833 1491 871 levari
1521 832 1702 873 dicatur?

308 899 368 939 Ne
406 898 504 938 illud
537 898 690 950 quidem
721 900 815 938 satis
847 900 1074 952 probabile,
1115 899 1218 951 quod
1247 899 1421 939 Zeissius
1450 899 1702 940 Vimariensis

309 967 454 1018 scripto
486 966 719 1005 scholastico
752 979 787 1005 a.
821 968 925 1006 1841
959 967 1061 1006 edito
1093 965 1309 1017 significari
1335 966 1428 1005 dicit
1455 966 1557 1016 legis
1587 970 1703 1018 caput

306 1033 427 1081 illud,
459 1044 534 1084 quo
563 1034 831 1084 possessiones
862 1034 965 1072 intra
995 1033 1147 1073 modum
1177 1033 1354 1072 Liciniae
1386 1033 1489 1083 legis
1522 1032 1701 1072 sublatae

310 1105 396 1138 sunt
434 1105 470 1138 et
507 1100 540 1137 is
575 1111 673 1149 ager
709 1100 885 1150 privatus
918 1100 1057 1140 factus.
1120 1099 1235 1140 Certe
1272 1100 1327 1138 sic
1367 1100 1532 1138 obscure
1562 1099 1700 1139 Cicero

306 1166 459 1204 locutus
492 1170 569 1211 est,
610 1166 671 1203 cui
700 1166 819 1215 longe
849 1167 1003 1217 planius
1035 1166 1164 1205 dicere
1193 1166 1329 1206 liceret
1360 1166 1546 1206 Thorium
1579 1178 1700 1217 agros

306 1230 601 1283 possessoribus
630 1231 716 1268 iure
747 1231 951 1281 quiritario
984 1232 1264 1282 assignavisse.

422 1312 481 1346 M.
514 1307 737 1356 Marcellus]
772 1308 885 1347 huius
915 1308 1016 1347 filius
1046 1319 1184 1347 nomen
1216 1308 1414 1345 Aesernina
1442 1307 1532 1347 inde
1562 1308 1702 1349 dicitur

303 1376 492 1422 traxisse,
532 1373 636 1425 quod
675 1379 788 1426 pater
829 1375 935 1414 bello
978 1375 1154 1414 Marsico
1198 1379 1286 1426 post
1324 1373 1474 1412 cladem
1516 1374 1700 1415 Caesaris

306 1441 495 1488 consulis,
528 1452 612 1479 cum
640 1442 868 1480 Aeserniam
899 1442 1092 1482 coloniam
1120 1441 1377 1491 confugisset,
1410 1441 1553 1492 oppido
1584 1447 1697 1494 capto

303 1510 344 1548 in
372 1507 600 1548 Samnitium
633 1507 815 1548 ditionem
850 1510 976 1548 venit:
1015 1510 1101 1549 Liv.
1143 1520 1203 1560 ep.
1234 1506 1413 1547 LXXIII.
1473 1507 1587 1548 Certe
1623 1510 1698 1549 hoc

304 1575 467 1615 similius
493 1575 599 1623 veri,
631 1587 746 1626 quam
766 1577 981 1616 Aeserniae
1009 1581 1160 1624 natum,
1190 1587 1291 1627 quae
1313 1575 1483 1627 Zumptii
1509 1577 1700 1616 sententia

301 1643 375 1682 suit
407 1641 458 1681 ad
486 1642 598 1683 Verr.
628 1655 667 1694 p.
693 1643 788 1683 745.

420 1720 512 1758 137.
572 1722 620 1758 L.
640 1721 761 1770 Cotta]
796 1725 958 1774 praetor
981 1733 1016 1760 a.
1039 1721 1134 1760 663.
1192 1719 1252 1759 De
1272 1719 1587 1771 pronuntiatione
1614 1720 1697 1760 eius

302 1800 338 1827 v.
377 1785 424 1824 de
463 1786 528 1825 Or.
560 1785 626 1824 III.
660 1790 730 1836 ll,
760 1789 828 1828 42.
869 1793 906 1827 et
942 1788 981 1826 in
1022 1787 1143 1827 Bruto
1183 1798 1218 1827 c.
1248 1788 1323 1835 74,
1355 1786 1451 1827 259.
1508 1790 1697 1826 Praetorii

301 1864 441 1892 nomen
471 1851 643 1900 additur,
674 1866 721 1893 ne
752 1854 1009 1894 confundatur
1041 1866 1126 1893 cum
1157 1854 1236 1893 alio
1264 1855 1311 1894 L.
1343 1853 1476 1902 Cotta,
1507 1855 1575 1906 qui
1604 1866 1696 1895 con-

301 1919 467 1959 sulatum
497 1919 619 1968 gessit
652 1932 688 1957 a.
715 1921 811 1960 689.

416 2009 491 2033 aton
528 1999 584 2032 tta
616 1998 787 2046 multum]
827 2009 903 2036 non
941 2008 1035 2035 sane
1070 1996 1248 2044 multtum
1288 1998 1447 2048 copiose
1482 2010 1592 2036 usum
1622 1997 1691 2038 ad-

299 2063 425 2105 verbii
452 2062 624 2101 illustrat
653 2064 826 2102 Handius
856 2064 895 2101 in
922 2062 1146 2101 Tursellino
1175 2063 1254 2103 vol.
1282 2063 1346 2102 III.
1379 2076 1417 2115 p.
1441 2065 1537 2103 490.

415 2139 506 2178 138.
565 2139 696 2189 spisse]
726 2139 859 2188 tarde,
894 2141 975 2179 sive
1003 2140 1132 2191 potius
1162 2140 1234 2186 ita,
1266 2145 1306 2178 ut
1335 2152 1569 2191 progressus
1595 2143 1692 2182 artis

300 2209 521 2256 oratoriae,
553 2218 650 2259 quos
680 2218 752 2258 per
777 2207 909 2259 plures
934 2207 1128 2245 hominum
1158 2211 1306 2245 aetates
1331 2212 1431 2246 esset
1453 2215 1690 2259 persecutus,

297 2275 401 2315 tardi
430 2275 550 2314 fuisse
585 2273 821 2313 viderentur.
878 2274 1030 2313 Primus
1069 2273 1254 2325 explicuit
1282 2274 1483 2314 Manutius
1521 2274 1572 2314 ad
1603 2287 1689 2328 epp.

299 2342 349 2381 ad
375 2342 462 2381 Div.
487 2340 534 2380 ΙΙ.
563 2342 614 2380 10
637 2338 692 2392 (p.
716 2340 843 2390 251.).
902 2341 1110 2392 Principiis
1141 2340 1262 2380 tardis
1294 2346 1540 2393 opponuntur
1569 2346 1692 2381 exitus

296 2412 411 2459 sptsst
440 2414 474 2445 et
502 2408 674 2457 producti
711 2408 738 2446 i.
766 2419 799 2447 e.
839 2408 878 2446 in
909 2408 1047 2459 quibus
1082 2413 1260 2447 oratores
1290 2408 1503 2448 tractandis
1532 2410 1691 2450 multum

296 2475 444 2515 morari
484 2474 610 2513 solent
647 2479 684 2513 et
723 2487 794 2514 nec
825 2474 1033 2527 derepente
1067 2475 1223 2514 assilire
1251 2487 1322 2515 nec
1352 2475 1582 2516 festinanter
1612 2477 1691 2517 dis-

299 2542 457 2590 cedere,
499 2541 547 2580 de
585 2542 651 2581 Or.
682 2541 730 2581 II.
761 2542 835 2591 53,
866 2544 959 2581 213.
1018 2542 1145 2583 Varro
1182 2542 1286 2594 apud
1319 2543 1484 2582 Nonium
1518 2557 1555 2596 p.
1587 2546 1690 2587 392:

294 2612 485 2647 nascimur
524 2610 704 2659 spissius,
746 2623 858 2659 quam
896 2612 1099 2654 morimur,
1142 2609 1167 2649 i.
1202 2621 1235 2649 e.
1274 2614 1311 2649 et
1349 2610 1460 2650 tarde
1496 2616 1533 2650 et
1569 2612 1689 2652 multo

317 2700 325 2715 ι
405 2687 449 2714 ·e.

297 2676 604 2784 hbmXXXVII.
668 2743 759 2784 139.
819 2743 999 2793 Antonio]
1030 2755 1065 2784 v.
1095 2742 1278 2795 prolegg.
1313 2742 1347 2797 ξ.
1376 2745 1442 2784 26.
