1835 3126
360 177 557 221 BREVlS
589 177 983 232 ELOQUENTIAE
1015 179 1149 224 ROM.
1180 179 1322 224 HIST.
1455 183 1538 228 25

148 292 272 332 liter1s
302 297 519 333 assecutum
548 292 767 334 fatebimur.
824 294 1086 335 Concedemus
1115 295 1355 345 Quintiliano
1373 293 1446 348 (⁶¹9)
1472 308 1540 337 ve-

149 365 271 399 terum
293 360 508 399 imitatores
533 360 721 409 omnium,
753 361 786 400 si
815 362 911 401 nihil
934 362 1041 401 aliud
1064 363 1245 411 habeant,
1275 363 1378 415 quod
1408 375 1541 404 aemu-

148 426 297 474 lentur,
342 427 493 466 ieiunos
536 431 572 466 et
614 427 795 468 horridos
832 429 930 469 fore.
989 430 1120 470 Verba
1156 430 1326 482 plurima
1363 430 1542 470 obsoleta

148 494 343 547 ignobilia
385 498 544 546 praeter
588 496 857 535 necessitatem
899 496 1041 536 iterata
1082 496 1146 537 vel
1190 497 1318 536 otiosa
1353 497 1540 545 videmus,

149 561 439 612 compositionis
479 566 516 600 et
552 574 798 602 numerorum
831 575 962 602 curam
992 563 1138 602 nullam
1170 562 1292 614 (haec
1324 564 1423 604 enim
1451 569 1542 616 post

148 633 305 680 reperta
334 626 463 678 sunt),
495 629 610 667 etiam
641 629 741 668 alios
772 630 811 668 in
841 635 925 669 arte
955 629 1126 669 defectus
1158 636 1224 670 aut
1252 631 1406 683 lapsus:
1436 631 1543 672 velut

148 694 345 733 assiduam
367 695 635 747 partitionem,
666 708 768 748 quae
797 696 837 735 in
856 697 1045 737 Cicerone
1066 709 1160 736 rara
1183 698 1232 736 sit
1263 703 1329 736 aut
1352 703 1454 737 tecta
1471 694 1541 747 (⁵⁰)

148 761 347 814 Sulpicius
376 762 511 803 Victor
540 763 796 814 vituperavit,
833 762 998 801 exordia
1036 764 1149 801 unius
1186 763 1356 810 formae,
1397 765 1542 815 quippe

147 840 172 866 a
205 827 364 867 deorum
392 829 639 868 invocatione
669 833 808 878 coepta
836 833 945 867 vetus
982 828 1174 879 interpres
1199 828 1452 869 Verriuarum
1470 828 1541 880 (⁵¹)

147 899 184 934 et
211 894 371 934 Servius
396 891 484 944 (5²);
514 894 583 933 sed
613 905 797 932 summam
825 893 885 932 rei
911 893 1095 941 publicae
1124 894 1323 945 peritiam,
1360 897 1540 935 acutissi-

145 973 246 1001 mum
274 961 458 1000 iudicium
488 960 741 1001 consiliorum
772 959 1068 1012 capiendorum,
1100 962 1304 1012 egregiam
1332 963 1541 1003 verborum

144 1029 479 1081 perspicuitatem,
510 1039 691 1079 magnam
720 1027 796 1067 vim
827 1027 1011 1075 docendi,
1049 1040 1233 1067 summam
1260 1030 1542 1070 vehementiam

144 1096 185 1135 in
206 1094 404 1135 movendis
429 1094 679 1134 auditoribus·
704 1095 740 1134 ei
761 1094 934 1134 tribuere
962 1106 1040 1134 non
1064 1094 1295 1136 dubitamus.
1339 1096 1399 1136 De
1422 1098 1541 1139 vehe-

146 1163 288 1202 mentia
315 1162 516 1202 nobiscum
537 1161 686 1202 Gellius
716 1162 830 1202 sentit
852 1161 1134 1214 praeferendas
1164 1163 1246 1202 eius
1271 1164 1542 1204 miserationes

148 1230 386 1270 Gracchanis
430 1229 633 1279 iudicans,
677 1241 774 1282 quas
818 1229 926 1282 ipsas
972 1230 1112 1271 Cicero
1158 1231 1313 1270 summis
1358 1231 1541 1271 laudibus

148 1297 284 1337 extulit
304 1296 389 1348 (⁵³).

802 1439 810 1448 .
845 1410 910 1449 14.

558 1482 603 1520 P.
632 1483 756 1529 Scipio
775 1406 970 1518 {fricanus
994 1484 1131 1519 Minor.

259 1566 302 1607 P.
350 1564 546 1617 Scipionis
591 1565 752 1605 maioris
794 1565 922 1614 filius,
980 1567 1047 1618 qui
1088 1566 1275 1605 minorem
1318 1566 1542 1618 Scipionem

148 1646 172 1673 a
208 1633 333 1674 Paulo
374 1632 594 1684 adoptavit,
639 1632 673 1671 si
717 1644 883 1684 corpore
915 1633 1124 1680 valuisset,
1168 1634 1344 1684 inprimis
1384 1634 1541 1673 habitus

147 1705 250 1740 esset
292 1700 498 1752 eloquens,
539 1698 642 1751 quod
670 1698 854 1737 iudicium
886 1699 1024 1738 Cicero
1064 1711 1148 1738 cum
1191 1711 1240 1738 ex
1273 1700 1542 1747 oratiunculis,

147 1773 226 1807 tum
270 1779 319 1806 ex
358 1767 524 1806 historia
570 1766 722 1806 Graeca
765 1764 987 1804 dulcissime
1037 1765 1184 1818 scripta
1225 1766 1431 1807 confirmat
1461 1765 1545 1819 (5⁴).

147 1837 236 1871 Sem.
266 1834 396 1870 Aelius
431 1833 546 1869 Catus
585 1831 721 1871 consul
758 1843 795 1871 a.
825 1832 909 1872 556
947 1833 1044 1871 iuris
1083 1833 1249 1884 peritior
1285 1833 1378 1881 suit,
1427 1847 1544 1886 quam

146 1900 406 1953 eloquentior.
469 1900 510 1937 G.
545 1899 735 1949 Sulpicius
775 1899 910 1937 Gallus
946 1900 1083 1940 consul
1125 1912 1161 1939 a.
1193 1900 1277 1940 588
1318 1912 1402 1940 cum
1442 1914 1546 1941 sum-

236 2042 296 2086 49)
323 2041 365 2077 11.
391 2041 429 2083 5,
456 2040 510 2075 21.
562 2041 637 2075 Sed
662 2041 853 2076 Sallustius
890 2041 1113 2086 antiquarius
1144 2041 1321 2077 Catonem
1351 2043 1543 2079 disertissi-

145 2110 237 2133 mum
269 2098 517 2132 Romanorum
554 2098 717 2140 vocavit,
753 2098 797 2132 fr.
826 2098 918 2134 Hist.
955 2109 990 2143 p.
1015 2098 1049 2133 2.
1085 2098 1141 2134 ed.
1168 2098 1332 2134 Haverk.
1371 2100 1415 2135 cf.
1442 2099 1541 2135 Mar.

145 2155 285 2189 Victor.
305 2166 431 2199 expOS.
453 2154 488 2188 in
507 2154 580 2189 Cic.
597 2154 718 2189 Rhett.
739 2154 762 2188 Ι.
779 2166 813 2199 p.
833 2155 908 2188 149.
927 2155 1085 2198 Capper.
1202 2155 1260 2196 50)
1286 2154 1399 2189 Instit.
1418 2155 1541 2190 Rhett.

146 2223 181 2256 p.
195 2211 275 2246 266.
296 2211 452 2255 Capper.
570 2210 629 2253 51)
651 2210 699 2243 ad
715 2210 800 2244 Div.
818 2210 925 2245 caec.
948 2210 1002 2244 20.
1122 2209 1180 2252 52)
1208 2210 1262 2243 Ad
1281 2211 1370 2244 Aen.
1384 2211 1447 2245 xl.
1461 2212 1542 2248 301.

147 2267 227 2301 Hoc
240 2265 418 2312 significat
435 2265 670 2311 Symmachus
689 2276 771 2310 epp.
794 2264 856 2298 111.
874 2266 929 2301 44.
950 2265 1040 2300 haec
1055 2266 1237 2300 scribens:
1267 2265 1399 2300 Iovem
1414 2266 1537 2302 Deos-

146 2335 222 2369 que
251 2327 396 2357 ceteros
426 2321 589 2356 Catonis
617 2322 698 2367 leye
718 2321 1021 2368 praefabimur,
1056 2323 1094 2356 si
1115 2321 1229 2357 nobis
1255 2322 1464 2358 scribenda
1489 2327 1544 2359 sic

148 2383 279 2415 oratio
302 2378 486 2423 forensis.
605 2378 664 2421 53)
692 2378 783 2412 Gell.
803 2377 897 2412 Xlll.
916 2379 970 2413 24.
1004 2378 1046 2412 cf.
1065 2378 1138 2413 Cic.
1158 2378 1203 2412 de
1221 2376 1285 2413 Or.
1307 2378 1366 2414 111.
1392 2380 1445 2422 56,
1464 2380 1543 2416 214.

147 2436 340 2471 Ascribere
364 2436 462 2470 lubet
485 2434 680 2470 Frontonis
705 2435 895 2478 iudicium,
929 2436 1010 2479 qui,
1038 2446 1116 2469 cum
1142 2435 1178 2469 in
1202 2434 1363 2481 Princip.
1391 2436 1482 2472 Hist.
1510 2437 1543 2473 9.

147 2504 182 2537 p.
200 2492 278 2527 256.
305 2492 361 2527 ed.
383 2491 518 2526 Buttm.
546 2491 743 2537 oppidatim
766 2493 892 2526 statuis
918 2491 1119 2526 ornandum
1144 2491 1296 2527 dixisset
1322 2494 1382 2538 qui
1410 2494 1545 2538 primus

147 2547 270 2582 Latini
302 2548 455 2583 nominis
480 2548 644 2583 subolem
681 2553 716 2583 et
742 2548 884 2583 Italicas
918 2549 1077 2594 origines
1113 2547 1317 2591 illustrarit,
1358 2549 1394 2583 in
1422 2550 1543 2584 laudd.

149 2604 250 2638 Fum.
284 2611 320 2638 et
343 2604 450 2640 Pulv.
475 2617 509 2651 p.
532 2604 609 2640 250.
637 2605 779 2640 dicendi
804 2606 879 2640 eius
903 2616 1015 2651 genus
1040 2604 1145 2640 dulce
1169 2610 1205 2640 et
1229 2606 1399 2652 pudicum
1426 2612 1461 2641 et
1486 2606 1543 2640 10-

149 2661 267 2695 nicum
287 2667 396 2696 vocat
414 2672 491 2695 cum
506 2661 696 2697 Herodoto
716 2661 891 2699 Catonem
913 2673 1144 2709 componenS.
1264 2663 1324 2707 54)
1351 2663 1423 2699 Cic.
1437 2662 1544 2698 Brut.

148 2716 214 2758 20,
240 2717 293 2753 77.
331 2717 374 2752 cf.
403 2717 533 2755 Vellei.
560 2717 587 2755 1.
615 2718 677 2763 10,
701 2719 735 2754 3.
