1835 3126
509 142 767 186 BRUTUS
808 142 926 186 CAP.
959 145 1024 188 70.
1056 144 1122 187 71.
1392 146 1508 190 223

124 270 206 300 non
244 254 384 297 tardus
429 256 669 305 sententiiS,
713 268 796 297 non
839 256 958 312 inops
1003 255 1162 306 verbis,
1205 267 1308 298 voce
1354 268 1511 298 canora

123 335 280 376 facetus
321 333 436 375 satis.
497 330 541 374 C.
585 331 806 376 Memqus
836 332 884 375 L.
916 332 959 375 F.
996 334 1202 390 perfectus
1238 332 1392 384 literis,
1434 333 1510 376 sed

123 410 316 453 Graecis:
348 410 592 454 fastidiosus
623 425 724 454 sane
756 410 1018 463 Latinarum,
1047 418 1216 466 argutus
1248 418 1388 453 orator
1418 425 1511 454 ver-

118 488 265 544 bisque
311 488 465 539 duleis,
517 490 592 532 sed
636 490 800 544 fugiens
845 504 927 532 non
970 490 1091 532 modo
1137 488 1324 539 dicendi,
1368 502 1509 531 verum

120 568 244 609 etiam
274 568 485 622 cogitandi
514 568 882 624 laboremtantum
909 568 989 610 sibi
1021 568 1070 610 de
1100 567 1296 610 facultate
1322 567 1510 618 detraxit,

118 652 311 701 quantum
341 647 540 688 imminuit
570 646 809 689 industriae.

229 721 384 765 LXXI.
423 723 520 765 248.
559 723 648 767 Hoc
676 724 770 767 loco
800 723 974 774 Brutus,
1006 723 1139 774 Quam
1167 722 1338 772 vellem,
1368 723 1510 778 inquit,

119 801 169 843 de
198 801 263 844 his
294 803 419 844 etiam
444 802 701 852 oratoribus,
733 803 801 856 qui
831 800 954 843 hodie
981 806 1093 850 sunt,
1123 799 1198 841 tihi
1223 800 1361 842 dicere
1392 800 1510 843 lube-

116 885 197 929 ret3
238 886 297 929 et,
338 880 373 921 si
406 880 456 922 de
488 879 585 921 aliis
614 880 768 928 minus,
807 878 857 920 de
889 876 1049 919 duobus
1078 882 1239 927 tamen,
1279 889 1382 932 quos
1414 890 1440 919 a
1469 884 1509 919 te

117 957 205 999 scio
246 957 410 999 laudari
449 956 611 1006 solere,
655 954 840 997 Caesare
879 961 917 997 et
956 953 1164 996 Marcello
1203 953 1389 996 audirem
1425 968 1511 998 non

114 1035 249 1076 minus
282 1033 489 1084 lubenter,
531 1046 652 1088 quam
692 1033 831 1075 audivi
872 1032 921 1075 de
954 1034 1036 1083 eis,
1077 1034 1147 1088 qui
1184 1031 1358 1074 suerunt.
1426 1031 1510 1075 Cur

113 1111 304 1154 tandem?
342 1113 530 1167 inquam3
562 1125 616 1154 an
646 1118 863 1169 exspectas
889 1111 984 1167 quid
1010 1124 1088 1166 ego
1119 1110 1298 1153 iudicem
1321 1111 1371 1152 de
1402 1112 1508 1162 istis,

115 1192 185 1247 qui
213 1190 288 1233 tibi
318 1197 410 1232 sunt
440 1178 571 1246 aeilue
597 1192 681 1234 noti
714 1204 764 1234 ac
789 1190 914 1233 mihit
969 1188 1095 1240 Mihi,
1127 1202 1190 1231 me
1213 1188 1413 1239 Hercule,
1445 1190 1509 1231 in-

116 1271 223 1325 quit,
268 1267 498 1311 Marcellus
544 1271 647 1312 satis
691 1276 754 1312 est
790 1276 933 1320 notus,
979 1267 1141 1310 Caesar
1179 1273 1314 1310 autem
1349 1280 1505 1324 parum.

115 1347 231 1389 illum
276 1348 385 1388 enim
430 1360 555 1404 saepe
597 1348 758 1391 audivi:
805 1347 890 1398 hic,
938 1360 1028 1390 cum
1068 1359 1147 1400 ego
1192 1345 1378 1388 iudicare
1423 1347 1508 1387 iam

115 1426 273 1481 aliquid
302 1439 489 1481 possem,
522 1426 664 1468 abfuit.
723 1425 819 1468 249.
852 1424 960 1476 Quid
990 1426 1115 1479 igitur
1145 1424 1194 1465 de
1227 1423 1300 1466 illo
1331 1423 1508 1474 iudicas,

115 1518 234 1560 quem
280 1517 406 1560 saepe
454 1504 684 1547 audivisti?
756 1504 864 1555 Quid
908 1515 1082 1552 censes,
1128 1503 1283 1557 inquit,
1325 1503 1408 1544 nisi
1452 1502 1507 1553 id,

115 1583 223 1638 quod
253 1582 466 1624 habiturus
499 1596 544 1625 es
581 1583 758 1625 similem
788 1583 845 1624 tui
857 1585 873 1624 ἓ
916 1579 1006 1623 Nae
1039 1594 1138 1635 ego,
1168 1581 1355 1635 inquam,
1387 1580 1422 1622 si
1449 1582 1509 1622 ita

114 1667 199 1712 est,
230 1661 356 1704 velim
386 1660 460 1702 tibi
492 1674 580 1703 eum
611 1661 778 1717 placere
811 1672 932 1714 quam
961 1671 1163 1701 maxume.
1220 1657 1347 1712 Atqui
1379 1664 1418 1700 et
1447 1659 1507 1700 ita,

114 1746 199 1790 est,
240 1740 393 1795 inquit,
429 1745 468 1781 et
504 1738 768 1781 vehementer
802 1737 959 1793 placet:
1000 1749 1078 1778 nec
1107 1747 1206 1777 vero
1238 1736 1328 1777 sine
1361 1748 1503 1778 causa.

113 1883 212 1928 quod
244 1883 372 1918 Rivius
407 1882 589 1918 serebatur
623 1882 833 1917 coniectura
868 1885 1075 1923 assecutus,
1118 1880 1154 1914 in
1190 1879 1246 1914 ed.
1281 1891 1337 1925 pr.
1375 1886 1505 1923 exstat,

111 1938 328 1985 firmantque
356 1951 449 1975 nunc
476 1939 540 1986 Lg.
567 1940 622 1975 51.
661 1938 735 1975 Ott.
760 1959 806 1964 -—
851 1937 915 1973 Cn.
934 1958 980 1963 —-
1003 1936 1205 1980 Lentulus]
1240 1937 1291 1970 sic
1315 1936 1505 1971 Manutius

111 1997 318 2031 emendavit
346 2008 390 2031 ex
415 1997 534 2039 fastis3
568 1997 651 2031 libri
678 2001 713 2030 et
738 1996 795 2030 ed.
820 2006 874 2040 pr.
904 1994 963 2035 C„
995 1993 1139 2034 Gaius,
1172 1992 1305 2028 Caius.
1335 2014 1375 2019 —
1417 2004 1506 2029 con-

110 2053 263 2096 sulatu]
289 2058 427 2088 senatu
449 2053 515 2099 Lg.
541 2053 596 2087 35.
614 2073 661 2078 —
692 2052 839 2094 verum]
866 2050 936 2084 secl
963 2049 1030 2085 Lo.
1053 2049 1109 2084 20.

202 2109 337 2144 LXXI.
383 2109 462 2144 248.
514 2110 562 2143 cle
583 2108 659 2152 his]
687 2108 735 2142 cle
759 2111 811 2142 iis
837 2107 893 2141 ed.
915 2118 966 2151 pr.
1003 2105 1164 2150 Meyero
1184 2105 1372 2150 placitum;
1398 2104 1505 2140 codd.

109 2166 295 2210 sequendi.
319 2185 363 2189 —
396 2164 557 2208 luberet]
583 2164 720 2198 liberet
743 2163 808 2209 Lg.
826 2163 870 2196 35
887 2174 980 2197 corr.
999 2161 1054 2196 56.
1081 2161 1137 2196 ed.
1155 2173 1209 2206 pr.
1233 2172 1318 2195 mox
1344 2160 1506 2195 libenter

111 2222 178 2267 Lg.
198 2221 252 2256 ⁶20.
271 2220 326 2256 56.
356 2220 423 2254 Gn.
443 2220 472 2255 l.
493 2241 534 2245 -
563 2232 625 2254 me
644 2220 827 2264 Hercule]
853 2219 995 2254 divisim
1020 2217 1086 2264 Lg.
1103 2217 1134 2252 8.
1154 2217 1208 2252 39.
1228 2217 1282 2250 51.
1301 2216 1356 2250 53.
1372 2217 1428 2251 56.
1448 2216 1503 2253 70.

111 2278 205 2313 Ven.
234 2278 263 2312 l.
288 2277 310 2311 2
354 2276 482 2311 hercle
511 2276 577 2322 Lg.
603 2277 659 2312 20.
707 2275 880 2311 mercule
904 2274 970 2310 Gu.
998 2274 1027 2307 l.
1053 2292 1098 2298 ——
1138 2272 1280 2317 abfuit]
1315 2273 1505 2307 meliorem

109 2336 324 2380 scripturam
347 2345 427 2368 esse
452 2332 558 2378 afuit
590 2345 658 2368 nec
680 2332 923 2376 Bernhardyo
949 2330 1146 2365 concedam
1175 2341 1242 2363 nec
1266 2329 1504 2374 sponsoribus

111 2393 188 2426 eius
208 2390 357 2425 Heinsio
379 2390 424 2424 ad
441 2390 539 2436 Virg.
558 2391 648 2426 Aen.
668 2389 744 2423 Vll.
763 2388 841 2423 498.
869 2393 904 2422 et
921 2385 1185 2432 Oudendorpio
1212 2386 1248 2420 in
1266 2385 1371 2421 Caes.
1391 2384 1437 2422 B.
1459 2385 1503 2420 G.

112 2447 139 2483 I.
165 2448 240 2489 36.;
267 2447 372 2482 codd.
397 2446 572 2492 sequendi
598 2447 633 2480 in
658 2457 698 2480 re
722 2445 898 2491 ambigua.

203 2503 281 2539 249.
332 2503 538 2546 audivisti]
573 2503 641 2545 sic,
678 2514 751 2537 non
791 2500 960 2541 audisti,
990 2499 1058 2544 Lg.
1083 2503 1229 2544 praeter
1257 2497 1310 2531 35.
1347 2495 1441 2530 Ven.
1469 2497 1502 2531 Ι.

113 2559 187 2597 Ott.
230 2560 285 2595 ed.
315 2572 367 2605 pr.
400 2579 444 2584 ——
485 2560 574 2603 nae]
605 2570 654 2593 ne
686 2558 752 2605 Lg.
787 2569 931 2598 omnes,
969 2555 1086 2590 Gu.1.
1113 2574 1158 2581 -—
1199 2553 1331 2596 velim]
1365 2552 1504 2586 vellem

113 2617 181 2653 Gu.
205 2617 234 2652 l.
254 2617 305 2658 23
336 2617 419 2651 item
444 2615 509 2651 Gu.
534 2617 565 2651 l.
593 2616 662 2650 secl
687 2627 754 2662 pro
777 2627 885 2656 eum,
913 2619 948 2648 et
974 2623 1042 2647 om.
1069 2618 1199 2656 quam.
1219 2628 1265 2636 -—-
1297 2609 1503 2653 maxume]

111 2675 164 2709 sic
193 2673 260 2719 Lg.
285 2674 318 2712 8.
351 2673 405 2710 51.
432 2673 486 2708 53.
511 2672 566 2720 58.
595 2673 651 2709 68.
677 2672 731 2709 70.
772 2671 848 2709 Ott.
871 2689 917 2698 ·—-
959 2669 1087 2715 atqui]
1123 2672 1239 2713 atque
1270 2665 1337 2713 Lg.
1366 2675 1502 2710 omnes,

1171 2733 1225 2776 18
