1892 3116
704 235 1087 280 PRAEFATIO.
1533 253 1586 282 xv

200 351 242 391 in
275 348 370 392 aliis
401 348 565 404 scriptis
590 347 806 391 Ciceronis
835 349 931 391 libri
963 350 1236 400 consentiunt,
1268 352 1377 391 imus
1409 351 1587 393 retinen-

200 427 293 468 dum
323 426 494 469 videtur.
542 425 643 468 Cum
672 430 779 469 enim
812 435 969 471 constet
999 430 1171 484 primum
1196 426 1422 470 Gaesarem
1451 431 1467 471 i
1491 428 1588 471 sub-

198 518 375 560 rogasse
405 518 478 561 pro
509 518 538 547 u
569 506 863 561 antiquiorum,
904 520 1039 549 nonne
1074 508 1197 549 etiam
1229 505 1471 550 Ciceronem
1502 520 1588 549 me-

198 583 307 625 dium
337 582 560 626 fluctuasse
596 586 686 627 veri
717 585 852 627 simile
884 587 960 627 erit
995 587 1101 628 inter
1128 592 1339 641 utramque
1378 584 1586 628 scribendi

197 663 425 704 rationem}
471 661 622 705 Dubito
651 669 789 706 tamen
819 664 868 706 dc
893 664 1112 707 scribendo
1141 676 1446 718 seoeaqesumus,
1480 664 1588 719 quod

198 740 428 782 solitarium
468 742 616 783 emicat
646 740 719 791 94,
750 741 845 784 324.
905 740 992 784 Sed
1023 744 1206 784 lubenter
1235 749 1274 784 et
1304 744 1409 784 lubet
1438 742 1588 798 pleris-

197 831 274 873 que
297 818 403 860 locis
430 819 596 874 scripsi,
621 833 711 861 cum
731 820 856 861 editio
879 819 1042 873 quidem
1064 821 1255 874 princeps
1276 819 1405 870 (velut
1424 820 1463 869 3,
1487 820 1585 872 ll.),

196 895 270 937 sed
299 908 395 936 raro
427 895 660 950 discrepent
689 895 788 937 boni
818 895 936 945 libri3
966 896 1063 937 item
1094 903 1280 938 aestumo
1311 902 1350 938 et
1379 899 1586 939 eoet'stumo

194 979 234 1013 et
265 979 496 1025 optumates
535 985 617 1014 uno
657 972 821 1028 quidem
858 973 954 1016 loco
996 973 1160 1016 obvium
1187 973 1264 1024 89,
1292 974 1387 1016 306.
1451 975 1588 1025 Quom

195 1056 233 1092 et
263 1063 376 1097 cum,
418 1052 568 1104 quoius
598 1056 637 1092 et
668 1053 807 1098 cuius,
853 1054 952 1106 quoi
985 1058 1025 1094 et
1056 1055 1122 1094 cui
1162 1051 1308 1094 eadem
1339 1059 1474 1095 aetate
1504 1067 1588 1096 una

193 1129 235 1170 in
271 1142 349 1170 usu
386 1128 517 1171 fuisse
556 1135 709 1172 certum
748 1135 823 1171 est.
883 1128 990 1172 Dedi
1028 1131 1154 1185 igitur
1194 1143 1342 1185 quom,
1385 1145 1476 1174 cum
1519 1139 1586 1175 aut

194 1206 307 1249 clare
354 1208 547 1263 scriptum
589 1213 743 1258 exstat,
790 1214 858 1250 aut
895 1208 1093 1252 mendose
1136 1209 1320 1265 quidem,
1365 1216 1407 1252 ut
1449 1217 1587 1254 tamen

194 1298 324 1328 causa
354 1287 508 1328 erroris
537 1293 695 1342 pateat,
730 1286 841 1329 velut
871 1299 1018 1341 quam,
1051 1300 1156 1346 quq,
1191 1300 1294 1341 qua,
1329 1301 1583 1344 quanquam,

192 1365 309 1407 cuius
331 1364 617 1421 compendium
643 1377 795 1420 Quam
817 1366 929 1408 viam
951 1365 1119 1408 errandi
1139 1366 1357 1422 patefacit:
1387 1380 1425 1409 v.
1451 1366 1491 1418 4,
1518 1368 1583 1411 16.

191 1443 266 1494 30,
294 1443 388 1485 115.
431 1442 505 1493 78,
530 1442 648 1495 270.;
685 1445 782 1486 item
820 1445 863 1485 in
894 1444 1021 1487 simili
1052 1457 1182 1487 causa
1213 1447 1363 1499 quoius
1399 1452 1438 1488 et
1470 1449 1583 1500 quoi,

193 1521 301 1577 quod
341 1534 367 1562 a
394 1520 582 1563 librariis
619 1534 745 1577 saepe
784 1523 827 1563 in
858 1536 938 1576 quo
977 1529 1017 1564 et
1052 1525 1123 1576 qui
1153 1522 1425 1565 deformatur:
1467 1536 1504 1565 v.
1539 1522 1583 1565 C.

194 1598 260 1641 Gr.
291 1600 334 1641 in
365 1599 414 1640 de
446 1596 516 1640 Or.
548 1596 577 1638 I.
610 1598 654 1647 l,
687 1598 723 1639 1.
769 1599 842 1649 22,
876 1599 969 1641 102.
1030 1598 1117 1642 Sed
1148 1601 1362 1648 locamur,
1390 1608 1586 1644 secuntur

192 1679 235 1719 in
271 1675 398 1719 Bruto
436 1675 533 1718 libri
572 1676 768 1719 meliores
805 1679 874 1719 vix
912 1690 1087 1732 usquam
1123 1678 1395 1734 suppeditant.
1461 1679 1583 1723 Addo

190 1762 356 1812 propter
390 1756 482 1798 soni
513 1754 822 1796 similitudinem
853 1755 902 1796 de
933 1756 1174 1811 permutatis
1205 1769 1257 1798 co
1289 1762 1327 1798 et
1355 1769 1422 1798 vu.
1481 1755 1586 1800 Sunt

192 1835 301 1887 enim
337 1834 405 1887 qui
442 1845 525 1874 non
563 1833 700 1887 magis
732 1832 906 1888 probent
941 1834 1116 1882 vulnus,
1160 1846 1325 1882 servus,
1366 1848 1490 1890 quam
1524 1837 1585 1879 lo-

192 1918 391 1966 quuntur,
424 1909 499 1952 sed
519 1911 684 1958 volnus,
712 1923 866 1960 servos,
894 1912 1121 1966 loquomur
1151 1919 1220 1955 aut
1244 1913 1441 1955 locuntur
1462 1916 1583 1958 unice

192 1989 433 2039 defendant,
464 1988 636 2031 alterum
662 2002 714 2032 ne
736 1991 994 2046 pronuntiari
1020 1990 1184 2046 quidem
1213 1992 1358 2035 nescio
1383 2004 1466 2048 qua
1490 1992 1584 2035 bal-

189 2068 300 2111 butie
322 2069 507 2124 potuisse
529 2066 793 2110 affirmantes.
840 2067 947 2111 Dedi
971 2070 1209 2112 couvolsam
1232 2069 1307 2120 30,
1327 2069 1441 2120 115.,
1474 2072 1584 2125 colqi

188 2146 262 2198 49,
299 2146 392 2189 183.
436 2146 530 2189 185.
578 2146 652 2196 50,
693 2146 786 2189 186.
826 2146 942 2198 159„
988 2149 1104 2190 voltu
1140 2146 1214 2197 54,
1253 2147 1372 2198 200.,
1415 2151 1584 2202 volqarc

189 2225 264 2277 76,
293 2225 391 2278 265.
451 2223 537 2267 Sed
576 2238 660 2267 non
702 2225 989 2267 addicentibus
1029 2225 1150 2266 libris
1187 2224 1291 2267 talia
1329 2225 1479 2281 ubique
1515 2240 1582 2268 re-

191 2305 358 2346 stituere
389 2304 495 2345 ratio
525 2315 608 2344 non
639 2309 713 2343 est.
774 2301 904 2343 Tituli
936 2303 1044 2344 enim
1073 2307 1286 2357 utrumque
1318 2316 1400 2345 una
1431 2305 1474 2346 in
1506 2318 1582 2347 usu

189 2382 320 2425 fuisse
360 2382 528 2430 docent,
569 2394 606 2422 v.
646 2378 800 2422 Comm.
840 2378 906 2421 Cr.
949 2381 991 2421 in
1025 2379 1074 2422 de
1115 2377 1184 2421 Or.
1216 2379 1265 2421 ΙΙ.
1306 2380 1379 2432 14,
1410 2382 1500 2434 61.;
1540 2385 1581 2425 in

189 2460 309 2503 fastis
337 2457 585 2516 Capitolinis
616 2458 795 2513 Augusti
830 2464 965 2501 aetate
999 2471 1082 2501 non
1114 2458 1382 2502 inferioribus
1417 2461 1463 2511 Q.
1496 2462 1581 2504 Pu-

191 2540 325 2580 blilius
354 2539 473 2580 Philo
510 2538 678 2581 Vulscus
710 2537 856 2579 consul
887 2551 924 2579 a.
943 2535 1028 2578 415
1056 2536 1228 2592 legitur:
1260 2539 1338 2581 etsi
1370 2538 1421 2581 ab
1450 2542 1580 2582 onmi-

189 2615 267 2657 bus
311 2615 435 2670 vulgo
483 2615 616 2658 Volsci
661 2615 789 2659 scribi
834 2615 980 2658 solent.
1054 2614 1250 2667 Gaudeo,
1297 2618 1405 2672 quod
1448 2619 1579 2660 virum

190 2693 352 2736 doctum
388 2693 633 2736 Alschefski
674 2695 717 2736 in
744 2693 866 2737 Livio
909 2692 1165 2737 emendando
1207 2695 1398 2738 similiter
1437 2698 1579 2751 egisse

189 2771 322 2814 video.
390 2773 549 2820 Vester,
591 2774 669 2815 etsi
709 2786 759 2816 eo
801 2773 950 2816 ducere
988 2773 1149 2816 videtur
1187 2781 1329 2818 noster
1370 2787 1495 2831 saepe
1535 2776 1578 2817 in
