1835 3126
562 159 822 205 BRUTUS
863 160 981 205 CAP.
1016 163 1081 206 15.
1417 166 1516 211 122

123 273 308 317 valuisse
350 272 538 315 dicendo.
608 273 781 324 Quintus
827 276 950 317 etiam
997 273 1219 317 Maxumus
1257 273 1514 320 Verrucosus

123 358 272 395 orator
292 349 457 393 habitus
486 357 548 393 est
573 354 824 406 temporibus
858 352 943 394 illis
974 360 1013 395 et
1044 352 1091 404 Q.
1122 352 1342 405 Metellus,
1377 356 1413 398 is
1445 357 1513 412 qui

120 429 233 471 bello
264 428 419 471 Punico
451 430 634 472 secundo
666 443 756 473 cum
782 429 830 471 L.
854 429 1020 474 Veturio
1044 430 1216 474 Philone
1248 433 1393 475 consul
1424 434 1511 477 suit.

232 505 322 549 XV.
369 506 499 558 Quem
526 522 625 551 vero
658 516 788 551 exstet
819 516 858 551 ct
888 509 938 551 de
970 523 1048 565 quo
1081 511 1134 552 sit
1164 513 1388 554 memoriae
1417 525 1512 568 pro-

122 585 248 628 ditum
280 585 539 641 eloquentem
573 587 702 629 fuisse
735 594 774 630 et
815 589 872 630 ita
899 574 994 630 css'e
1025 587 1228 640 habitum,
1265 591 1419 646 primus
1450 596 1513 633 est

120 663 178 705 M.
215 662 434 707 Cornelius
462 664 687 720 Cethegus,
727 667 842 708 euius
882 666 1144 721 eloquentiae
1182 674 1245 709 est
1288 675 1432 711 auctor
1473 674 1512 710 et

118 742 291 785 idoneus
322 743 484 798 quidem
512 756 606 785 mea
636 745 840 786 sententia
871 743 918 794 Q.
943 742 1122 794 Ennius3
1151 747 1395 800 praesertim
1420 759 1511 789 cum

119 827 158 862 et
190 822 278 876 ipse
304 834 395 862 euin
427 821 629 863 audiverit
659 827 697 862 et
726 821 882 863 scribat
913 821 962 862 de
990 828 1168 863 mortuo:
1203 835 1253 863 ex
1284 835 1363 877 quo
1393 823 1511 864 nulla

119 900 301 954 suspicio
328 905 390 941 est
414 899 621 940 amicitiae
648 910 778 940 causa
801 910 896 939 esse
921 899 1142 940 mentitum.
1188 899 1254 941 58.
1285 898 1359 942 Est
1388 901 1513 954 igitur

121 978 182 1018 sic
214 977 320 1032 apud
349 976 465 1017 illum
495 977 538 1016 in
570 987 701 1024 nono,
732 980 773 1016 ut
804 976 967 1031 opinor,
999 975 1157 1018 annali:

330 1065 511 1106 Additur
541 1070 689 1106 orator
724 1063 939 1106 Cornelius
969 1067 1278 1120 suaviloquenti

330 1144 401 1173 ore
440 1132 632 1184 Cethequs
661 1131 858 1180 Marcus,
890 1131 1099 1175 Tuditano
1131 1134 1297 1186 colleqa,

329 1199 470 1243 Marci
498 1200 610 1253 filius
638 1222 694 1227 --

113 1290 173 1338 (et
218 1293 422 1330 oratorem
470 1286 650 1344 appellat
691 1294 730 1329 et
774 1287 1149 1344 suaviloquentiam
1195 1286 1352 1331 tribuit:
1401 1302 1507 1345 quae

114 1380 219 1409 nunc
249 1366 414 1422 quidem
441 1379 524 1409 non
552 1372 635 1408 tam
660 1373 723 1409 est
751 1367 794 1409 in
818 1366 1040 1424 plerisque.
1099 1366 1253 1410 latrant
1282 1369 1391 1410 enim
1425 1370 1507 1411 iam

197 1513 241 1539 53.
273 1511 496 1547 popularibus]
518 1512 584 1539 ollis
605 1512 809 1548 popularibus.

205 1623 261 1659 58.
314 1624 529 1670 Cornelius]
564 1624 615 1659 sic
648 1625 756 1670 plene
791 1625 874 1660 libri
907 1635 1032 1660 omnes
1067 1628 1216 1671 praeter
1242 1624 1309 1671 Lg.
1334 1625 1412 1669 70.,
1447 1627 1507 1671 qui

113 1692 244 1716 nomen
270 1692 342 1716 non
368 1681 497 1716 habet:
524 1694 559 1717 v.
576 1682 615 1716 C.
633 1682 692 1717 Cr.
713 1682 760 1715 ad
777 1682 822 1716 de
837 1680 902 1717 Or.
917 1682 941 1716 l.
956 1683 1019 1724 45,
1038 1681 1112 1717 108.
1127 1700 1174 1708 ·—
1199 1682 1508 1727 suaviloquenti]

113 1740 225 1772 suavi
258 1737 453 1783 eloquenti
485 1738 552 1773 Gu.
581 1738 609 1771 l.
634 1757 679 1762 -—-
720 1736 888 1773 Marcus
918 1737 1116 1773 Tuditano
1149 1737 1312 1783 colleya]
1346 1749 1509 1773 marcus

113 1794 245 1828 studio
278 1794 468 1839 eolleqam
494 1795 570 1837 (ant
597 1793 817 1839 conleqam)
844 1795 977 1829 omisso
1003 1794 1133 1828 deiude
1159 1792 1297 1829 Marci
1320 1795 1509 1840 (scriptum

111 1850 176 1884 suit
200 1851 235 1883 in
260 1849 458 1895 archetypo
483 1848 540 1883 M.
569 1856 604 1883 et
629 1849 793 1884 adhaesit
817 1850 999 1885 vocabulo
1025 1850 1234 1897 eolleyanz)
1260 1851 1365 1885 codd.
1387 1851 1509 1886 collati

113 1917 257 1947 omues3
283 1906 391 1939 modo
410 1905 476 1952 Lg.
494 1906 551 1941 20.
577 1906 768 1952 colloque,
794 1908 872 1953 ipse
894 1918 1037 1953 quoque
1062 1908 1195 1942 omisso
1215 1906 1362 1943 Marci.
1403 1907 1509 1942 Com-

107 1967 264 1996 mentum
296 1963 404 2007 igitur
432 1962 597 1997 editionis
630 1964 804 2008 principis
830 1975 896 1998 ore
927 1962 1116 2010 Cetheyus
1153 1964 1325 1999 Vetturio
1355 1965 1506 2011 colleqa

109 2017 275 2054 Philoni
294 2030 368 2052 non
392 2019 596 2061 librarium,
630 2019 695 2052 sed
721 2020 889 2054 editionis
916 2021 1210 2055 concinnatorem
1234 2027 1420 2056 auctorem
1445 2021 1507 2056 ha—

106 2075 180 2111 bet.
198 2096 244 2101 —-
269 2075 495 2120 loquuntur]
523 2075 705 2111 locuntur
722 2076 788 2122 Lg.
805 2076 859 2112 58.
879 2077 933 2111 70.
947 2094 994 2104 -—-
1019 2088 1065 2110 ea
1082 2077 1184 2121 laus]
1210 2088 1256 2111 ea
1283 2089 1354 2112 om.
1379 2078 1435 2112 ed.
1453 2089 1507 2123 pr.

110 2131 221 2166 olaus
246 2131 311 2166 Gu.
335 2131 384 2173 l.;
410 2132 446 2165 in
468 2143 488 2166 c
508 2132 597 2166 latet
615 2143 673 2165 ea.
692 2152 737 2157 —
763 2133 970 2175 maxuma]
995 2133 1047 2166 sic
1066 2132 1132 2177 Lg.
1150 2132 1183 2166 8.
1206 2133 1262 2167 51.
1296 2133 1391 2167 Ven.
1413 2133 1441 2166 l.
1459 2153 1506 2158 -—

111 2190 145 2222 is
173 2187 302 2222 (lictus
317 2207 361 2211 —-
382 2187 492 2230 olim]
522 2187 688 2227 dictust,
714 2193 753 2220 ut
777 2187 986 2222 Gronovius
1009 2188 1217 2222 emendavit
1243 2189 1279 2222 in
1305 2188 1398 2223 Gell.
1422 2188 1503 2224 ΧΠ.

110 2243 150 2286 2,
169 2243 201 2277 3.
214 2270 222 2285 ‚
247 2243 382 2276 nullum
403 2243 533 2276 librum
553 2243 753 2276 adiutorem
768 2242 889 2277 habet.
929 2246 964 2278 is
985 2243 1113 2279 dietus
1138 2244 1228 2280 ollis
1247 2248 1361 2280 auris
1375 2257 1505 2292 popu-

110 2298 263 2334 laribus
298 2298 393 2333 olim
425 2298 481 2332 ed.
509 2309 564 2344 pr.
611 2298 749 2333 ductus
782 2298 850 2333 Gu.
881 2299 910 2332 l.
960 2299 1096 2334 Contra
1127 2312 1170 2334 ae
1196 2300 1354 2347 Meyero
1387 2302 1504 2336 visum

109 2355 204 2390 hunc
237 2366 380 2389 versum
418 2366 497 2388 cum
529 2354 708 2400 particula
739 2354 801 2388 illa
826 2353 962 2390 Marci
989 2355 1100 2400 filius
1129 2357 1416 2403 coniungentium
1448 2369 1503 2393 ar-

109 2412 242 2454 bitror,
268 2412 352 2445 item
377 2412 566 2455 sequentia
587 2409 826 2456 Suadaeque
852 2411 1025 2446 medulla
1034 2426 1047 2453 ,·
1075 2418 1112 2447 ut
1135 2412 1226 2447 haec
1250 2414 1319 2448 tria
1342 2414 1504 2449 membra

109 2467 232 2502 verbis
257 2467 442 2503 Ciceronis
467 2468 666 2514 interrupta
688 2468 769 2504 sint.
813 2467 1019 2503 Delendum
1044 2475 1163 2505 autem
1189 2471 1288 2506 ollis.
1334 2470 1389 2506 lta
1412 2470 1504 2506 haec

110 2521 229 2569 figura
252 2535 420 2561 versuum
444 2525 622 2559 nascitur:

246 2579 384 2615 Marci
407 2580 536 2625 filius:
562 2583 597 2615 is
625 2580 755 2616 dictus
772 2579 1038 2628 popularibus
1063 2581 1179 2624 olim,

247 2635 324 2678 Qui
349 2642 429 2672 tum
452 2636 630 2672 vivebant
653 2637 832 2672 homines
857 2642 976 2683 atque
1001 2649 1140 2674 aevum
1163 2637 1392 2686 agitabant,

242 2692 338 2729 Flos
364 2692 556 2731 delibatus
572 2694 719 2742 populi
743 2692 988 2742 Suadaeque
1009 2695 1194 2732 medulla.

1166 2764 1225 2806 12
