1835 3126
442 262 663 306 RERUM
695 263 757 306 1N
787 264 1012 308 EXPLL.
1046 265 1326 309 TRACTT.
1468 267 1582 312 451

191 372 235 408 L.
262 372 446 416 Fufidius
470 376 674 419 praetorius
700 375 773 409 112.

191 426 234 462 L.
263 427 400 473 Fufius
425 429 560 474 Aquilii
586 436 775 466 accusator
798 431 876 466 221.

188 482 244 518 M.
270 483 436 521 Fulvius
462 485 631 521 Flaccus
658 486 732 522 108.

187 539 231 574 L.
255 539 400 576 Furius
427 541 568 577 Philus
597 543 669 578 108.

188 595 232 630 A.
260 595 405 632 Furius
429 600 541 644 poeta
567 598 642 633 132.

192 751 332 786 Gentes
354 752 588 798 municipales
613 753 751 788 Romae
777 754 916 789 nobiles
942 755 1060 790 sactae
1084 755 1162 790 294.
1189 775 1234 780 —-
1269 756 1435 790 Aricinae
1461 755 1509 791 ib.
1534 775 1579 780 —-

230 807 448 843 Lanuvinae
480 808 528 844 ib.
553 830 599 835 ——
632 809 897 846 Praenestinae
926 810 974 847 ib.
999 833 1045 837 —
1079 811 1305 847 Tusculanae
1329 811 1378 848 ib.
1401 831 1447 837 —
1482 811 1579 846 Veli-

232 870 359 899 ternae
387 864 436 900 ib.

187 919 250 954 Μ’
281 920 442 955 Glabrio
472 921 550 955 239.

191 975 247 1010 Ti.
278 976 479 1012 Gracchus
504 977 546 1012 P.
571 978 612 1012 F.
639 978 694 1012 79.

189 1031 343 1067 Graeca
366 1033 517 1068 historia
540 1035 561 1068 i.
586 1046 618 1079 q.
644 1034 786 1069 Graece
810 1034 944 1078 scripta
968 1035 1023 1068 77.

190 1088 366 1124 Graecae
391 1090 674 1124 declamationes
698 1090 945 1124 Romanorum
968 1089 1046 1123 320.

189 1143 376 1180 Gravitas
398 1145 611 1189 verborum,
636 1157 709 1181 non
734 1145 850 1180 solum
875 1144 1089 1192 yrandicas
1116 1145 1172 1180 35.

184 1288 378 1336 Heqesias
403 1296 526 1325 orator
552 1291 628 1326 286.

184 1344 416 1391 Hendiadys
442 1346 498 1381 26.

183 1400 457 1448 Hermaqoras
482 1402 608 1436 rhetor
632 1402 711 1436 263.

184 1457 352 1493 Hesiodi
374 1458 508 1493 dictum
531 1458 577 1492 de
599 1458 788 1493 reddendo
814 1464 965 1503 accepto
994 1458 1046 1493 15.

183 1513 385 1550 Hierocles
412 1519 538 1549 orator
559 1515 738 1549 Asiaticus
765 1514 844 1548 325.

183 1569 268 1605 Hoc
291 1571 471 1617 populare
496 1582 610 1617 genus
635 1570 778 1605 dicendi
803 1570 986 1615 quomodo
1011 1570 1151 1605 dicatur
1175 1569 1252 1603 247.

183 1626 394 1662 Hortensii
415 1627 590 1662 memoria
614 1627 796 1662 excellens
821 1626 899 1662 301.

183 1681 381 1729 Hysteron
398 1688 590 1730 proteron
615 1683 670 1718 49.

184 1828 313 1875 Iyitur
341 1829 544 1862 orationem
569 1830 603 1863 in
629 1830 725 1863 viam
747 1838 928 1862 revocans
956 1827 1030 1862 177.

183 1884 254 1919 Ille
280 1896 348 1930 per
374 1885 620 1920 inversionem
644 1885 890 1930 praepositum
917 1883 991 1918 126.

184 1941 368 1976 Illustria
394 1941 525 1975 dicere
553 1941 772 1985 explicatum
800 1939 875 1975 123.

184 1996 435 2043 Imparilitas
463 2002 664 2041 temporum
691 1995 747 2031 35.

183 2053 476 2100 Imperatorius
503 2051 610 2086 labor
637 2051 716 2086 319.

182 2109 230 2144 In
254 2109 378 2155 quem
402 2108 533 2143 dicere
566 2107 640 2141 160.
664 2126 709 2131 --
743 2109 786 2140 in
808 2115 889 2149 qua
913 2109 1045 2139 aetate
1071 2116 1144 2139 non
1169 2104 1264 2138 idem
1288 2103 1386 2148 quod
1410 2113 1488 2148 qua
1512 2114 1574 2138 ae-

227 2170 309 2199 tate
334 2164 411 2199 160.
435 2183 480 2188 -—
515 2165 557 2196 in
580 2173 694 2196 suam
720 2160 886 2197 tutelam
908 2163 1041 2195 venire
1068 2160 1143 2195 195.

183 2220 394 2256 Inclinatio
420 2219 524 2254 vocis
551 2218 627 2252 158.

184 2275 392 2311 Includere
420 2274 667 2308 adversarium
695 2272 774 2308 323.

183 2331 232 2367 ab
258 2331 407 2377 Inferis
431 2333 607 2365 excitare
631 2329 805 2364 translate
830 2330 962 2363 dictum
986 2329 1066 2362 322.

183 2388 388 2435 Inflectere
412 2391 451 2421 et
474 2387 668 2422 inclinare
697 2386 898 2420 orationem
922 2385 1005 2430 quid
1027 2383 1081 2419 38.

185 2444 320 2479 Instar
343 2445 518 2478 omnium
543 2454 641 2485 esse,
668 2442 802 2476 decem
824 2441 1019 2482 millium,
1044 2446 1198 2476 centum
1221 2440 1389 2477 millium
1419 2441 1493 2476 191.

186 2500 226 2535 Is
251 2504 333 2545 post
357 2501 428 2544 qui
452 2496 712 2537 ἀνακολούθως
734 2498 910 2544 ingestum
932 2496 1012 2531 258.

186 2555 383 2591 Isocrates
410 2555 540 2589 sollers
564 2555 734 2601 magister
757 2554 837 2590 204.

185 2611 294 2647 Istuc
321 2612 358 2645 in
380 2609 498 2645 Bruto
524 2611 657 2645 lectum
679 2610 735 2646 23.

186 2668 254 2703 Ita
278 2668 300 2702 i.
324 2679 358 2712 q.
385 2678 430 2701 ea
452 2667 535 2712 lege
561 2667 635 2701 195.
654 2686 700 2694 -—
733 2669 795 2702 ita
818 2665 985 2700 breviter
1009 2665 1141 2700 dictum
1166 2665 1322 2712 elliptice
1349 2663 1423 2699 197.
1445 2681 1491 2692 ·—
1515 2664 1575 2698 ita

231 2734 329 2765 non,
355 2725 416 2758 ita
437 2723 566 2758 nullus
593 2723 669 2757 217.

189 2779 400 2816 Iudicialis
425 2790 550 2816 annus
574 2779 754 2826 Pompeio
780 2777 922 2813 tertium
947 2777 1097 2813 consule
1120 2776 1200 2813 243.
