1835 3126
312 227 442 306 aso
736 247 1266 292 EXPLIGATIONES

312 370 413 409 idem
442 366 570 407 Titius
603 363 732 415 legem
761 362 970 409 Fanniam,
1011 371 1112 412 quae
1151 359 1358 399 secundum
1383 357 1502 399 Plinii
1531 355 1700 395 auctori-

312 441 429 475 tatem
459 445 495 472 a.
526 432 608 472 593
637 430 721 470 lata
750 434 829 478 est,
860 428 1031 467 suasisse
1062 426 1202 465 dicitur
1229 426 1346 477 plane
1372 423 1603 466 incredibile
1632 425 1704 469 est,

313 513 384 542 nec
429 500 469 540 id
505 511 575 547 eo,
618 509 731 549 quem
756 496 942 546 Meyer-us
981 493 1162 540 tentavit,
1199 491 1311 531 modo
1345 496 1472 543 potest
1501 488 1704 542 explicari,

313 574 356 608 ut
385 567 525 608 Cicero
571 576 596 603 a
630 575 725 604 vero
767 561 1021 602 declinaverit
1057 559 1249 599 hominem
1290 557 1550 608 quadraginta
1593 556 1704 595 annis

314 635 503 675 maiorem
547 630 681 670 Crassi
728 635 765 669 et
801 628 958 669 Antonii
999 626 1205 678 aequalem
1243 623 1418 663 dicendo.
1484 623 1567 661 Hoc
1606 623 1705 661 enim

316 705 418 741 esset
446 704 483 739 et
517 699 647 749 inepte
675 702 712 736 et
748 695 989 749 impudenter
1023 693 1195 740 mentiri,
1236 703 1306 730 nec
1338 702 1370 729 c.
1404 691 1470 729 74.
1502 688 1706 739 quicquam

316 767 442 807 simile
473 765 615 805 dictum
645 768 792 812 exstat,
823 763 896 802 etsi
924 761 993 800 ille
1019 760 1113 801 vult.
1161 760 1257 800 Cum
1282 757 1325 797 C.
1359 756 1534 796 Graccho
1566 754 1709 793 Titium

317 833 517 883 coniungit
545 832 691 872 Fronto
721 842 761 882 p.
794 829 880 878 15.,
912 829 1056 880 quippe
1084 831 1175 866 nato
1205 825 1323 877 paulo
1356 829 1444 863 ante
1475 835 1511 861 a.
1543 823 1638 861 600.

430 903 477 937 L.
509 898 712 946 Afranius]
753 908 838 935 cum
871 895 1047 936 Caecilio
1067 892 1342 943 ,Terentioque
1370 896 1553 941 tanquam
1582 891 1710 926 aetate

318 967 444 1007 minor
465 964 650 1013 coniungi
673 962 826 1003 videtur
849 961 1006 1004 Velleio.
1026 961 1055 1000 I.
1084 961 1149 999 17.
1187 958 1235 998 Π.
1259 960 1297 998 9.
1343 957 1521 1007 Togatas
1543 954 1711 1006 scripsit,

318 1032 539 1073 inventione
568 1030 715 1077 bonas,
746 1028 815 1067 sed
844 1029 883 1066 in
907 1027 1045 1078 quibus
1070 1023 1275 1064 foedorum
1303 1024 1425 1076 ipsius
1447 1034 1595 1062 morum
1618 1032 1710 1060 con-

319 1099 529 1138 fessionem
554 1095 782 1147 reliquerit;
806 1093 910 1146 quod
929 1092 1113 1132 iudicium
1136 1091 1366 1139 Quintiliani
1390 1095 1447 1129 est
1468 1090 1518 1129 X.
1548 1091 1590 1136 l,
1618 1088 1709 1127 loo.

437 1163 530 1202 168.
592 1162 637 1205 Q.
662 1161 830 1197 Rubi-tus
854 1160 990 1208 Varro]
1019 1158 1061 1198 G.
1081 1158 1248 1199 Gracchi
1270 1158 1310 1196 in
1333 1158 1531 1196 tribunatu
1555 1154 1714 1204 collega

322 1243 359 1270 a.
376 1230 480 1276 632,
509 1230 671 1278 praetor
695 1226 797 1273 638,
827 1225 1053 1263 interfectus
1084 1236 1120 1262 a.
1146 1225 1241 1263 666.
1271 1227 1330 1261 M.
1357 1223 1572 1267 Gratidius,
1605 1222 1713 1261 cuius

322 1307 437 1336 soror
453 1292 654 1335 Ciceronis
676 1291 766 1330 avia
790 1295 875 1329 erat
891 1288 1035 1340 (Legg.
1061 1288 1126 1328 ΙΙΙ.
1148 1290 1212 1337 16,
1237 1288 1343 1338 36),
1363 1288 1538 1326 tribunus
1563 1300 1598 1326 a.
1616 1289 1713 1335 645,

320 1362 544 1415 praefectus
574 1358 733 1399 Antonii
763 1357 932 1397 oratoris
964 1357 1006 1395 iu
1034 1356 1238 1408 provincia
1268 1354 1408 1395 Cilicia
1437 1366 1461 1393 a
1488 1354 1627 1406 piratis
1658 1359 1718 1393 est
1745 1367 1751 1371 “

321 1428 547 1468 interfectus
587 1437 623 1464 a.
654 1424 750 1465 651.
807 1424 907 1463 Nam
937 1423 1041 1476 quod
1078 1423 1274 1463 tribunum
1303 1421 1440 1461 tulisse
1468 1420 1718 1461 tabellariam

321 1497 451 1547 legem
475 1493 566 1533 dicit
580 1492 780 1543 Meyerus,
806 1491 963 1531 erravit.
1011 1489 1207 1531 Gratidius
1231 1490 1331 1529 enim
1353 1494 1442 1528 ante
1465 1488 1716 1539 magistratus

324 1564 364 1602 in
386 1562 483 1602 urbe
502 1558 688 1613 petendos
711 1558 870 1610 Arpini,
900 1558 967 1596 uhi
988 1562 1101 1597 natus
1127 1562 1233 1605 erat,
1261 1556 1390 1608 legem
1416 1555 1524 1594 illam
1548 1555 1718 1606 rogavit,

324 1641 440 1686 quam
471 1626 656 1667 dissuasit
684 1625 742 1665 M.
774 1624 912 1665 Cicero
945 1624 1115 1664 oratoris
1145 1636 1253 1664 avus.
1297 1624 1342 1666 V.
1371 1622 1452 1664 Cic.
1473 1623 1600 1673 Legg.
1631 1622 1657 1660 l.
1684 1633 1715 1660 c.

435 1694 572 1735 XLVI.
636 1693 728 1733 169.
790 1693 833 1737 Q.
870 1691 1026 1741 Vettius]
1057 1691 1091 1730 is
1115 1691 1287 1739 videtur,
1318 1702 1430 1742 quem
1449 1694 1612 1742 propter
1634 1700 1718 1728 ser-

324 1773 474 1801 monem
499 1758 649 1811 aliquid
673 1759 925 1811 peregrinum
952 1763 1152 1798 sonantem
1173 1758 1345 1798 irrisisse
1368 1757 1508 1797 dicitur
1530 1754 1719 1803 Lucilius,

326 1827 488 1876 Quintil.
514 1827 544 1865 Ι.
568 1826 614 1873 5,
638 1824 705 1864 56.
748 1826 868 1865 Aetas
899 1830 1004 1865 certe
1032 1837 1109 1865 non
1140 1825 1391 1873 adversatur;
1421 1836 1511 1863 nam
1533 1828 1569 1863 et
1591 1823 1716 1876 pluri-

326 1904 410 1932 mos
442 1891 580 1932 Cicero
613 1896 886 1929 commemorat
912 1892 1057 1930 Lucilii
1087 1893 1294 1943 aequales,
1326 1892 1392 1943 qui
1422 1890 1575 1943 quidem
1600 1890 1719 1930 vitam

326 1959 484 2009 longius
502 1955 782 2009 produxerunt,
804 1955 911 1996 velut
931 1956 976 1995 T.
994 1956 1263 2005 Flamininum,
1286 1958 1332 1997 L.
1350 1958 1501 1997 Aelium
1518 1957 1719 2004 Stilonem,

328 2023 562 2067 Scaevolam
609 2033 818 2072 augurem,
862 2027 900 2060 et
940 2022 1062 2062 verba
1099 2036 1206 2072 quma
1239 2024 1318 2072 ipse
1359 2026 1512 2071 cognovi
1548 2022 1720 2062 indicant

328 2091 589 2142 cognitionem
629 2088 794 2127 hominis
830 2087 950 2139 paulo
982 2088 1234 2138 antiquioris,
1267 2089 1343 2127 nisi
1379 2089 1465 2141 ipse
1495 2089 1719 2137 affirmaret,

327 2159 367 2197 in
397 2168 439 2196 se
462 2157 530 2197 vix
559 2153 700 2194 cadere
727 2153 864 2194 videri.

445 2223 489 2268 Q.
521 2228 555 2259 et
584 2224 632 2261 D.
668 2221 811 2259 Valerii
839 2219 990 2268 Sorani]
1024 2221 1164 2257 Sorani
1192 2218 1369 2259 dicuntur
1400 2220 1449 2259 ab
1478 2221 1575 2260 urhe
1604 2223 1718 2270 Sora,

328 2291 591 2331 Romanorum
620 2288 662 2327 in
683 2287 837 2329 Volscis
869 2286 1042 2326 colonia:
1073 2285 1211 2326 docent
1241 2287 1372 2327 iuncta
1402 2288 1568 2338 gentilia
1593 2292 1720 2327 Bono-

328 2358 468 2395 niensis
496 2355 712 2393 Asculanus
741 2354 998 2402 Fregellanus.
1055 2352 1217 2393 Illorum
1245 2354 1292 2394 D.
1325 2354 1501 2395 Soranus
1539 2356 1613 2395 hoc
1643 2368 1719 2395 uno

328 2423 418 2463 loco
440 2425 780 2468 commemoratur3
801 2420 847 2469 Q.
866 2424 991 2459 autem
1015 2424 1238 2470 togatorum
1259 2422 1545 2462 literatissimus
1560 2428 1723 2463 vocatur

331 2490 378 2530 de
411 2490 478 2529 Or.
508 2488 574 2528 111.
606 2490 675 2536 ll,
706 2489 798 2535 43.;
835 2499 884 2527 ex
920 2486 1055 2526 eodem
1084 2487 1211 2528 Varro
1244 2501 1330 2528 sese
1359 2489 1553 2530 audivisse
1581 2489 1721 2529 dicitur

329 2557 378 2596 de
415 2556 573 2596 savissis
603 2554 858 2607 Capitolinis,
898 2553 946 2593 de
988 2566 1065 2606 qua
1100 2566 1144 2594 re
1182 2567 1230 2595 ex
1258 2556 1436 2598 Varrone
1473 2557 1721 2609 quaesiverat

331 2624 418 2663 Ser.
450 2622 648 2675 Sulpicius
677 2621 774 2661 iuris
805 2621 1003 2661 consultus
1033 2626 1070 2660 et
1100 2627 1251 2671 orator,
1285 2624 1383 2665 Gell.
1413 2623 1460 2664 II.
1494 2625 1557 2663 10.
1615 2622 1719 2662 Idem

329 2690 456 2731 Varro
496 2701 588 2729 usus
617 2688 770 2730 videtur
808 2688 915 2728 illius
955 2688 1068 2727 libris
1098 2688 1146 2728 de
1174 2690 1313 2741 lingua
1342 2691 1500 2739 Latina,
1537 2703 1572 2731 v.
1604 2689 1718 2731 Varr.

327 2768 366 2807 p.
395 2758 511 2805 347„
547 2757 833 2808 satirarumque
869 2766 1025 2797 versum
1052 2756 1179 2808 ipsum
1212 2769 1366 2810 quoque
1403 2757 1450 2798 de
1479 2758 1603 2798 literis
1635 2757 1717 2796 eius
