1835 3126
423 222 506 264 ΑΙ)
541 222 656 265 ClC.
688 223 962 267 BRUTUM
1004 225 1123 268 (lAl’.
1154 228 1220 270 67.
1391 228 1515 273 402

121 341 247 374 essent
267 335 425 374 literae:
458 348 557 387 quae
587 341 674 376 sunt
692 338 852 378 Asconii
879 339 999 378 verba
1026 340 1067 378 in
1091 341 1169 380 Pis.
1202 353 1238 391 p.
1267 341 1330 380 15.
1377 340 1513 381 Philo-

120 402 281 453 sophiae
319 402 359 441 in
390 403 524 454 primis
562 403 776 444 studiosum
807 405 930 444 fuisse
959 405 1104 446 indicat
1136 407 1275 447 Cicero
1307 406 1354 446 de
1385 408 1452 448 Or.
1482 407 1511 447 1.

119 471 193 515 22,
227 470 318 508 104.
363 469 409 508 Ν.
440 469 488 510 D.
518 471 546 511 I.
577 473 624 518 7,
654 474 738 519 16.;
783 471 906 511 eidem
946 474 1079 524 quinto
1120 473 1223 512 libro
1265 472 1312 512 de
1352 473 1512 513 Finibus

117 535 470 587 Peripateticorum
511 538 702 578 rationem
746 538 1017 590 explicandam
1061 539 1177 579 dedit.
1244 539 1342 579 Erat
1385 546 1511 579 autem

117 602 301 641 socordia
337 616 484 643 summa
523 609 560 644 et
594 605 732 656 supino
770 604 887 656 plane
924 606 1102 657 ingenio:
1141 619 1176 647 v.
1216 606 1433 657 elegantem
1466 607 1510 646 P.

117 669 279 709 Victorii
309 682 427 722 snper
450 670 680 721 quibusdam
704 671 803 710 locis
833 672 1085 724 epistolarum
1115 673 1163 712 ad
1184 674 1352 713 Atticum
1378 673 1511 726 ‹lispu-

118 736 300 775 tationem
330 737 422 777 Var.
452 737 576 776 Lectt.
605 737 733 778 XXII.
763 740 828 778 23.

234 804 390 840 Graecis
411 803 590 841 doctrinis
614 805 790 855 eruditus]
824 805 872 844 de
894 805 982 845 Nat.
1004 805 1123 846 Deor.
1148 806 1214 845 ΙΙΙ.
1238 808 1284 853 9,
1307 807 1379 845 23:
1412 808 1510 843 omni

116 869 285 906 doctrina
322 870 499 908 eruditus.
558 883 596 924 p.
635 872 783 911 Archia
816 874 861 920 7,
896 873 966 912 15:
1006 876 1128 910 'istane
1166 873 1336 910 doctrina
1376 872 1510 909 cruditi

113 934 295 982 fuerunt?
354 935 400 985 Ω
431 936 496 976 Fr.
527 937 556 978 Ι.
592 940 635 986 l,
667 940 713 978 7:
756 939 917 976 hominis
954 939 1124 975 doctrina
1163 939 1310 975 eruditi.
1370 938 1511 978 Graeci

114 1002 292 1042 similiter
321 1000 550 1053 παντοίοις
577 1000 820 1057 μαθήμασι
846 1001 1167 1050 παιδευθέντα,
1197 1003 1261 1043 vel
1291 1000 1508 1050 παντοίας

113 1066 263 1119 τέχνας
294 1067 559 1118 διδαχθέντα
589 1070 731 1108 dicunt.

224 1147 271 1171 ex
307 1138 494 1183 «υἱν9ὶηιιηι
531 1136 680 1185 iudicio]
723 1135 898 1186 vlrgines
933 1135 1111 1177 Vestales
1153 1135 1209 1174 sic
1248 1146 1368 1187 saepe
1406 1134 1508 1174 nude

111 1200 307 1248 dicuntum
340 1203 523 1253 exposuit
553 1202 708 1243 Cortius
737 1204 776 1242 in
804 1203 904 1243 Plin.
936 1203 1035 1254 Epp.
1066 1203 1148 1244 VII.
1179 1204 1248 1249 19,
1279 1205 1316 1240 2.
1377 1200 1509 1241 Causa

110 1267 183 1306 illa
219 1267 434 1307 Vestalium
476 1276 797 1309 commemoratur
836 1269 989 1321 quidem
1032 1274 1207 1321 tempore
1250 1273 1360 1307 tenus
1402 1267 1507 1319 apud

112 1334 339 1374 Ciceronem
371 1334 487 1375 Catil.
518 1335 583 1375 III.
616 1339 662 1384 4,
693 1339 752 1384 9.,
792 1348 868 1388 quo
898 1336 987 1375 loco
1018 1347 1082 1375 res
1113 1335 1244 1375 decem
1276 1334 1387 1374 annis
1418 1339 1509 1374 ante

111 1401 193 1439 eins
232 1400 478 1440 consulatum·
511 1402 618 1441 facta
656 1408 858 1451 narratur,
902 1403 970 1442 sed
1007 1403 1105 1442 nihil
1135 1407 1345 1455 praeterea
1381 1400 1428 1440 (le
1459 1413 1507 1440 ea

108 1466 292 1506 traditum
319 1471 388 1505 est.
450 1468 588 1508 Gravis
620 1474 677 1509 est
708 1481 820 1509 error
851 1471 1109 1518 Steinmetzii‚
1147 1469 1214 1521 qui
1244 1469 1283 1507 in
1313 1479 1505 1507 commen·

108 1534 220 1574 tariis
249 1534 288 1573 in
314 1533 572 1575 Catilinariae
595 1536 723 1576 locum
744 1538 843 1576 hanc
868 1549 1026 1576 causam
1057 1542 1094 1576 et
1113 1535 1305 1577 Aemiliae
1327 1534 1506 1575 Liciniae

108 1603 289 1644 Marciae
317 1603 511 1653 virginum
542 1603 734 1652 confudit,
773 1605 813 1643 in
844 1617 922 1656 qua
952 1603 1118 1644 Crassus
1150 1608 1286 1642 orator
1314 1606 1504 1654 patronus

107 1669 275 1723 prodiit:
305 1682 341 1710 v.
363 1670 474 1710 Brut.
504 1671 577 1719 43,
608 1672 701 1711 160.
759 1671 820 1711 Ea
850 1671 950 1711 enim
978 1671 1070 1711 totis
1099 1669 1364 1723 quadraginta
1393 1668 1503 1708 annis

108 1738 318 1790 antiquior.
1377 1766 1382 1769 -

221 1806 316 1844 237.
375 1805 418 1839 P.
448 1803 628 1853 Murena]
661 1804 716 1851 is,
756 1808 1032 1856 praeterquam
1067 1802 1170 1854 quod
1199 1800 1305 1840 bello
1336 1799 1502 1840 Sullano

106 1872 257 1924 perisse
281 1870 423 1909 (licitur
447 1867 501 1919 (a.
523 1870 622 1920 673)
655 1881 686 1909 c.
708 1871 783 1918 90,
809 1871 925 1917 311„
956 1869 1078 1908 nihilo
1104 1868 1234 1907 notior
1255 1871 1312 1906 est
1339 1867 1378 1903 G.
1407 1866 1504 1903 Gen-

106 1942 253 1983 sortno,
294 1947 407 1988 quem
437 1935 575 1975 Sullae
615 1936 715 1975 diem
754 1936 802 1975 de
835 1935 1060 1988 repetundis
1098 1934 1244 1974 dixisse
1278 1933 1425 1980 ferunt,
1466 1937 1504 1971 et

105 2008 153 2043 L.
188 2006 323 2049 Turio,
364 2014 476 2054 quem
507 2003 696 2042 Thorium
731 2014 817 2043 esse
853 2003 936 2044 vult
963 2002 1126 2053 Pighius
1154 2000 1295 2042 Annal.
1328 1998 1407 2039 vol.
1434 1999 1500 2038 III.

105 2085 143 2125 p.
175 2072 270 2110 272.

218 2138 312 2177 238.
375 2136 414 2173 G.
445 2134 594 2182 Macer]
631 2138 745 2185 pater
776 2134 919 2173 Licinii
947 2133 1061 2174 Calvi
1099 2133 1288 2180 oratoris,
1324 2131 1500 2170 tribunus

106 2218 142 2244 a.
170 2206 272 2251 681,
312 2206 401 2254 post
431 2206 655 2253 praeturam
692 2212 717 2239 a
746 2200 935 2240 Cicerone
965 2200 1167 2239 damnatus
1201 2198 1501 2250 repetundarum

106 2283 142 2310 a.
168 2271 264 2310 688.
323 2269 456 2309 Maius
489 2268 571 2307 eius
600 2268 641 2306 in
667 2267 863 2307 historicis
895 2279 1013 2319 quam
1041 2268 1082 2306 in
1106 2267 1329 2306 oratoribus
1362 2276 1500 2304 nomen

104 2338 200 2377 suit:
244 2348 333 2375 nam
377 2334 483 2387 quod
517 2335 656 2376 Cicero
698 2339 851 2374 tenuem
894 2339 931 2374 et
972 2334 1189 2386 impolitam
1233 2338 1270 2372 et
1308 2331 1500 2384 puerilem

106 2404 322 2444 orationem
346 2402 541 2441 annalium
562 2402 693 2442 Macri
714 2401 942 2450 contemnit,
971 2412 1042 2440 nec
1065 2400 1178 2440 fidem
1199 2405 1236 2440 et
1257 2399 1499 2450 diligentiam

105 2470 308 2524 scriptoris
331 2469 499 2508 infirmat
520 2474 557 2509 et
578 2469 807 2510 invidiosius
830 2468 1012 2508 indicium
1033 2472 1090 2507 est
1113 2468 1207 2516 eius,
1233 2467 1296 2507 cui
1313 2465 1497 2506 historia-

105 2549 189 2578 rum
220 2536 379 2588 scriptio
417 2537 493 2575 nisi
523 2537 625 2576 omni
653 2536 791 2576 florum
821 2535 1084 2576 oratoriorum
1112 2545 1259 2586 genere
1284 2533 1391 2585 picta
1419 2543 1497 2571 non

131 2604 292 2644 laceret.

104 2617 129 2657 P
216 2670 493 2720 veteratoriam]
526 2681 596 2709 nos
620 2669 792 2710 dicamus
817 2668 1074 2715 rabultstzsch3
1104 2664 1272 2707 Romani
1301 2664 1401 2703 enim
1425 2662 1497 2703 atl-

106 2737 245 2778 iectivo
285 2749 310 2776 a
340 2737 473 2776 rabula
504 2736 618 2778 ducto
649 2742 793 2778 carent.
856 2738 996 2775 Orator
1031 2733 1202 2775 naturali
1235 2730 1420 2771 facundia.
1447 2734 1497 2779 et,
