1835 3126
264 234 307 278 8
467 231 663 275 BREVIS
695 230 1088 284 ELOQUENTIAE
1120 233 1254 278 ROM
1286 235 1428 278 HIST.

263 346 370 386 landi
400 345 526 385 studia
556 343 796 385 incendenda
811 343 882 396 (¹⁶)
912 352 1161 400 comparatae
1191 355 1336 397 essent,
1372 350 1646 389 sententiarum

225 450 229 454 .
263 413 450 463 dignitate
477 412 761 464 verborumque
798 413 1019 464 granditate
1048 416 1185 467 populi
1213 416 1377 457 Romani
1413 418 1645 468 magnitudi-

262 490 346 518 nem
379 477 545 531 quodam
577 479 690 519 modo
722 491 914 532 aequasse
941 479 1131 521 videntur.

900 591 935 644 ς.
967 592 1005 632 5.

711 664 879 700 Eruditio
904 665 1197 700 adolescentium.

371 745 415 785 Si
453 746 539 798 quis
575 751 659 786 erat
692 746 773 786 illis
811 747 1048 800 temporibus
1089 747 1299 799 eloquens,
1340 748 1525 788 facundia
1562 755 1646 789 erat

257 816 420 851 naturae
455 813 643 853 beneficio
683 813 833 854 debita:
873 826 983 854 nemo
1021 815 1119 853 enim
1154 813 1204 853 ad
1234 813 1434 854 (licendum
1468 816 1645 856 institue-

255 878 371 918 batur
408 891 478 919 nec
517 885 601 919 erat
639 893 703 919 ars
740 881 824 920 ulla
855 881 1067 921 doctrinae.
1126 880 1402 920 Adulescentes
1433 882 1531 920 enim
1568 894 1645 922 non

254 949 332 983 tam
361 945 486 985 literis
518 952 555 985 et
584 948 858 997 magistrorum
886 959 984 989 voce
1021 947 1315 996 erudiebantur,
1355 960 1469 999 quam
1498 961 1571 987 usu
1609 954 1645 988 et

255 1023 363 1051 more
405 1013 562 1064 publico
610 1015 852 1055 observando
899 1015 1075 1054 convictu
1122 1015 1338 1066 principum
1391 1015 1642 1054 contubernio

255 1076 404 1117 ducum.
465 1079 577 1129 Quod
610 1093 733 1131 usque
764 1081 813 1120 ad
845 1081 1045 1122 Ciceronis
1077 1086 1242 1120 aetatem
1272 1085 1458 1120 retentum
1490 1086 1567 1129 est,
1602 1087 1644 1121 ut

254 1155 365 1183 senes
403 1150 440 1184 et
479 1147 661 1185 honorati
703 1147 749 1187 de
787 1148 872 1188 iure
909 1147 1187 1200 respondentes
1224 1147 1288 1187 vel
1325 1147 1371 1186 de
1413 1159 1456 1186 re
1484 1149 1644 1200 publica

254 1209 489 1251 disserentes
526 1214 642 1252 turba
680 1213 905 1254 discentium
943 1214 1176 1266 gauderent,
1215 1214 1254 1253 id
1288 1215 1336 1253 ab
1366 1215 1642 1266 antiquissimis

254 1278 419 1317 civitatis
448 1281 686 1331 temporibus
716 1282 964 1333 repetendum
995 1293 1080 1321 esse
1109 1281 1450 1321 verisimillimum
1477 1281 1642 1322 videtur.

252 1343 302 1383 Et
336 1350 393 1384 est
428 1347 524 1386 haec
561 1346 791 1400 disciplinae
824 1349 946 1397 ratio,
986 1353 1026 1388 ut
1056 1348 1247 1399 gratuita,
1283 1348 1338 1387 ita
1371 1349 1643 1387 honestissima

254 1415 291 1449 et
323 1412 372 1451 ad
403 1413 620 1464 augendam
651 1415 951 1465 magnitudinem
981 1416 1194 1455 Romanam
1231 1415 1436 1466 plurimum
1466 1415 1641 1454 contulit.

250 1476 373 1517 Erant
403 1481 502 1518 enim
526 1492 602 1520 non
627 1481 799 1532 frigidae
824 1483 1099 1532 magistrorum
1123 1481 1423 1533 (lisputationeS‚
1455 1480 1523 1519 sed
1551 1481 1641 1520 riva

249 1544 401 1584 virtutis
438 1547 638 1598 exempla3
676 1560 753 1587 non
790 1549 946 1588 inutiles
987 1548 1033 1587 de
1067 1549 1184 1587 rebus
1223 1559 1247 1586 a
1275 1548 1356 1587 vita
1393 1547 1639 1587 alienissimis

249 1609 567 1664 disceptationeS,
598 1615 666 1654 sed
695 1615 742 1654 de
766 1628 912 1655 summa
940 1626 984 1655 re
1013 1615 1173 1667 publica
1203 1620 1239 1654 et
1267 1614 1448 1653 laudibus
1474 1615 1640 1655 civitatis

249 1679 449 1718 servandis
474 1681 741 1733 augendisque
763 1688 977 1734 praecepta
1006 1683 1211 1721 multorum
1237 1692 1425 1722 annorum
1445 1694 1516 1720 usu
1547 1693 1639 1721 con-

249 1742 411 1784 firmata.
461 1746 575 1796 Quod
599 1754 806 1800 praeterea
827 1750 1079 1789 Etruscorum
1111 1748 1298 1800 quasdam
1323 1753 1426 1787 artes
1457 1747 1640 1788 didicisse

248 1809 425 1851 feruntur
458 1814 744 1863 adolescentes,
789 1816 827 1855 id
866 1816 1051 1856 Romanis
1090 1815 1261 1854 moribus
1308 1820 1344 1854 et
1389 1815 1508 1854 cultui
1546 1826 1639 1855 vere

248 1879 431 1930 populari
473 1887 509 1920 et
547 1881 755 1922 domestico
797 1882 973 1922 offecisse
1014 1882 1244 1921 credendum
1281 1893 1358 1920 non
1397 1886 1465 1920 est.
1532 1881 1639 1920 Nihil

249 1945 348 1984 enim
385 1953 542 1998 praeter
571 1950 859 2001 haruspicinam
894 1955 929 1989 et
965 1962 1046 1989 rem
1077 1949 1400 1999 agrimensoriam
1435 1953 1539 1987 artes
1569 1960 1638 1988 ne-

248 2014 440 2053 cessarias
480 2015 651 2066 quidem,
699 2017 765 2056 sed
812 2030 888 2056 non
932 2016 1061 2067 magni
1108 2016 1157 2055 ad
1194 2017 1390 2067 ingenium
1437 2015 1638 2055 colendum

247 2082 443 2129 momenti,
475 2094 523 2121 ex
556 2083 716 2123 Etruria
747 2085 871 2124 Roma
902 2083 1059 2123 defluxit
1080 2081 1161 2133 (¹⁷).

339 2199 393 2242 lss)
416 2201 611 2237 westerm.
632 2203 652 2237 l.
673 2215 701 2237 c.
728 2216 761 2248 p.
778 2203 833 2237 29.
955 2203 1012 2245 17)
1032 2202 1293 2247 Haruspicinae
1311 2201 1506 2235 discendae
1526 2213 1636 2236 causa

244 2255 495 2292 adolescentes
512 2258 697 2293 Romanos
723 2259 863 2293 nobiles
891 2259 925 2291 in
944 2257 1128 2291 Etruriam
1160 2259 1285 2292 missos
1309 2269 1389 2292 esse
1409 2258 1635 2292 Goerenzius

247 2313 281 2345 in
306 2311 418 2357 Legg.
444 2313 485 2349 ll.
511 2314 550 2357 9,
576 2315 630 2350 21.
658 2321 693 2349 et
718 2314 950 2349 Frandsenus
973 2314 1008 2347 in
1033 2314 1158 2348 libello
1183 2314 1227 2347 de
1253 2314 1512 2359 Ilaruspicibus
1536 2315 1634 2349 edito

245 2380 276 2402 a.
299 2368 384 2403 1823
409 2371 625 2415 argumentis
645 2372 822 2417 oppositis
844 2370 1026 2405 infirmare
1050 2371 1273 2405 studuerunt.
1312 2371 1460 2406 Frustra
1478 2373 1631 2417 quidem.

245 2425 468 2468 Scriptorum
487 2427 579 2460 enim
596 2429 798 2462 testimonia
818 2428 891 2463 Cic.
907 2427 1021 2473 Legg.
1039 2427 1060 2462 1.
1081 2438 1109 2461 e.
1137 2426 1260 2460 Divin.
1283 2425 1308 2461 Ι.
1327 2428 1381 2461 41.
1406 2427 1487 2462 Liv.
1500 2428 1559 2463 IX.
1575 2428 1631 2463 36.

244 2480 323 2514 val.
344 2480 444 2515 Max.
463 2482 488 2515 l.
512 2483 542 2525 l,
562 2483 590 2517 l.
611 2484 714 2517 aliter
735 2485 883 2530 intelligi
903 2495 974 2518 non
995 2489 1154 2529 possunt.
1191 2483 1386 2519 Quomodo
1407 2483 1487 2518 fieri
1507 2486 1633 2529 potuit>

244 2542 279 2570 ut
298 2538 426 2571 Cicero
444 2538 591 2581 (liceret,
612 2541 707 2583 quod
726 2541 775 2574 illi
798 2542 936 2583 volunt,
956 2540 1155 2585 principum
1174 2539 1430 2574 Etruscorum
1446 2540 1542 2575 filios
1562 2542 1633 2576 sin-

244 2593 334 2637 gulis
347 2593 578 2628 Etruscorum
600 2597 761 2639 gentibus
776 2598 995 2631 erudiendos
1015 2596 1167 2631 traditos
1185 2597 1289 2629 esse?
1315 2598 1388 2632 Cur
1402 2597 1632 2632 traderentur

244 2650 477 2695 popularibus
503 2652 561 2695 qui
588 2652 680 2686 inter
704 2655 896 2698 populares
923 2654 1092 2688 vivebant
1106 2654 1120 2687 ‘3
1169 2652 1249 2687 Nec
1274 2654 1371 2688 aliud
1394 2654 1570 2689 indicatur
1596 2656 1630 2689 in

242 2704 417 2752 Legibus:
432 2710 638 2754 principes
658 2709 858 2752 Etruriae,
877 2711 1007 2755 inquit„
1029 2709 1281 2756 disciplinam
1299 2710 1476 2752 docento,
1497 2711 1631 2756 quippe

239 2762 492 2799 adolescentes
512 2765 691 2800 Romanos
718 2766 763 2801 ad
790 2767 997 2802 discendum
1020 2768 1158 2803 missos.
1203 2767 1287 2802 Non
1315 2767 1376 2802 suit
1402 2767 1630 2813 haruspicum
