1835 3126
578 171 834 218 BRUTUS
877 173 995 218 CAP.
1028 176 1094 219 62.
1409 178 1539 225 259

150 292 325 343 patrem,
359 282 408 335 Q.
440 284 564 327 etiam
600 283 789 328 Catulum
819 285 944 329 filium
975 286 1228 330 abducamus
1259 301 1309 330 ex
1339 289 1452 339 acie,
1494 289 1537 332 id

147 369 210 405 est
242 361 294 404 ab
332 362 519 412 iudiciis,
559 370 598 406 et
634 365 677 406 in
707 365 931 420 praesidiis
967 368 1029 408 rei
1058 365 1271 422 publicae,
1313 368 1377 408 cui
1409 367 1536 410 facile

143 440 390 483 satisfacere
420 443 598 498 possint,
631 442 896 486 collocemus.
954 444 1051 485 223.
1089 442 1245 486 Eodem
1277 442 1326 494 Q.
1358 441 1536 501 Caepio-

142 531 234 560 nem
266 519 485 571 referrem,
510 521 591 563 nisi
622 521 743 564 nimis
774 522 954 577 equestri
989 521 1123 564 ordini
1155 521 1315 564 deditus
1339 535 1364 564 a
1389 530 1536 565 senatu

143 595 403 640 dissedisset.
464 597 538 642 Cn.
570 598 803 642 Carbonem
833 598 891 641 M.
923 599 1102 641 Marium
1134 606 1173 642 et
1203 613 1254 642 ex
1283 600 1429 642 eodem
1459 613 1535 655 ge-

140 689 240 718 nere
285 676 506 733 compluris
544 679 709 720 minime
750 678 900 732 dignos
931 677 1136 732 elegantis
1168 686 1391 720 conventus
1422 680 1534 720 auri-

138 753 216 796 bus
249 756 497 811 aptissumos
533 756 712 810 cognovi
748 755 993 797 turbulentis
1033 754 1307 797 contionibus.
1367 755 1458 806 Quo
1491 757 1561 797 int

138 845 316 886 genere,
353 839 394 875 ut
437 834 479 874 in
509 832 574 874 his
604 831 836 888 perturbem
867 838 1046 874 aetatum
1081 831 1288 881 ordinem,
1324 845 1454 888 nuper
1482 832 1530 874 L.

141 908 357 960 Quinctius
387 910 484 960 fuit;
526 910 661 965 aptior
696 909 819 950 etiam
850 907 1075 950 Palicanus
1114 908 1285 950 auribus
1322 910 1532 965 imperito-

136 1001 237 1029 rum.
295 986 392 1029 224.
428 985 480 1028 Et
519 988 712 1041 quoniam
750 984 871 1027 huius
912 987 1081 1041 generis
1116 986 1230 1029 sacta
1266 987 1418 1029 mentio
1457 993 1532 1037 est,

135 1065 428 1107 seditiosorum
465 1066 644 1106 omnium
672 1070 765 1120 post
796 1062 1011 1107 Gracchos
1042 1062 1090 1105 L.
1123 1064 1352 1121 Appuleius
1384 1063 1531 1107 Satur-

132 1144 253 1185 ninus
293 1142 669 1199 eloquentissumus
712 1143 824 1184 visus
864 1149 946 1193 θεῖς
986 1144 1122 1196 magis
1152 1144 1291 1199 specie
1324 1149 1461 1185 tamen
1492 1149 1532 1185 et

134 1228 246 1264 motu
276 1228 397 1277 atque
429 1222 520 1277 ipso
553 1222 703 1263 amictu
733 1220 926 1277 capiebat
956 1220 1169 1271 homines,
1214 1234 1336 1276 quam
1369 1227 1437 1262 aut
1467 1220 1529 1262 di-

133 1299 254 1342 cendi
297 1301 419 1356 copia
464 1306 532 1342 aut
568 1299 852 1342 mediocritate
890 1299 1146 1355 prudentiae.
1204 1297 1352 1353 Longe
1393 1305 1529 1341 autem

133 1385 226 1435 post
264 1385 385 1421 natos
420 1377 610 1421 homines
640 1377 982 1434 improbissumus
1015 1376 1059 1418 C.
1095 1376 1301 1419 Servilius
1335 1375 1527 1427 Glaucia,

134 1457 209 1499 sed
238 1463 457 1513 peracutus
488 1462 528 1499 et
556 1455 735 1499 callidus
765 1469 854 1498 cum
884 1456 1108 1512 primisque
1137 1454 1350 1497 ridiculus.
1408 1456 1445 1497 is
1476 1468 1528 1497 ex

215 1600 274 1627 223.
311 1603 343 1627 ut
364 1601 394 1627 iu
415 1599 478 1635 llis]
500 1603 532 1627 ut
551 1600 578 1627 in
599 1601 646 1626 iis.
665 1615 699 1620 -
726 1600 830 1634 aptior
849 1598 952 1633 etiam]
972 1599 1069 1634 aptior
1085 1600 1185 1625 autem
1204 1599 1300 1625 etiam.

131 1725 300 1760 Ciceroni
324 1729 500 1770 repugnat
522 1722 734 1764 manifesto,
761 1722 860 1756 viros
886 1720 1102 1755 fortissimos
1127 1720 1181 1754 rei
1206 1718 1374 1764 publicae
1398 1730 1526 1764 parum

128 1781 366 1823 satisfecisse,
404 1780 465 1815 vel
501 1790 524 1813 a
558 1778 720 1824 partibus
761 1777 954 1812 senatoriis
990 1776 1216 1811 defecisse.“
1275 1774 1524 1821 Bernhardy.

130 1836 360 1883 Significatur
381 1840 501 1869 autem
519 1834 586 1869 hos
606 1841 716 1880 atque
734 1834 844 1876 tales,
865 1834 897 1869 si
915 1839 1015 1869 recte
1033 1832 1263 1875 consideres,
1287 1831 1342 1866 rei
1358 1831 1527 1877 publicae

127 1892 296 1929 sufficere
321 1892 449 1927 videri.

217 1959 297 1994 223.
349 1958 392 2001 Q.
429 1957 682 2005 Caepionem]
717 1957 760 2000 Q.
796 1969 867 1993 om.
898 1958 956 1993 ed.
982 1968 1037 2003 pr.
1071 1975 1118 1981 —
1159 1954 1410 1999 dissedisset]
1447 1954 1526 1989 dis-

128 2019 307 2052 cessisset
340 2014 408 2061 Lg.
445 2015 500 2049 20.
532 2014 587 2050 68.
632 2013 760 2049 Lamb.
809 2015 1055 2049 clissessisset
1094 2011 1150 2045 ed.
1185 2023 1240 2056 pr.
1289 2011 1524 2047 dz‘scedisset

125 2073 193 2108 Gu.
224 2075 254 2108 1.
278 2093 323 2098 ——
359 2076 397 2106 et
421 2072 486 2114 ex]
511 2075 549 2105 el
576 2082 645 2105 om.
671 2070 736 2116 Lg.
761 2070 820 2106 20.
845 2090 890 2095 —-
924 2068 1161 2115 compluris]
1196 2067 1248 2101 sic
1282 2067 1339 2102 ed.
1365 2079 1420 2112 pr.
1455 2067 1524 2113 Lg.

126 2136 274 2175 praeter
290 2129 366 2171 39.,
393 2129 479 2162 item
505 2126 597 2161 Ven.
616 2128 646 2161 1.
677 2126 742 2160 Gu.
766 2127 795 2160 1.
822 2126 868 2170 (is
894 2136 982 2160 cum
1001 2124 1160 2170 pluris).
1178 2141 1225 2146 —-
1260 2122 1523 2166 contionibus]

127 2187 178 2220 sic
201 2185 267 2231 Lg.
287 2185 340 2219 53.
359 2184 414 2218 68.
433 2183 488 2217 70,
525 2183 583 2217 ed.
602 2193 658 2227 pr.
707 2180 994 2227 coqnitionibus
1014 2179 1047 2213 8.
1065 2178 1120 2212 39.
1140 2178 1195 2213 51.
1216 2177 1271 2212 56.
1289 2178 1344 2212 58.
1376 2178 1468 2214 Ven.
1492 2180 1524 2216 1.

126 2241 196 2276 Gu.
223 2243 252 2276 l.
274 2261 318 2265 —
349 2244 392 2274 ut
416 2242 459 2274 in
483 2238 558 2282 his]
584 2239 654 2281 sic,
682 2244 719 2272 ut
742 2237 948 2280 Manutius,
973 2235 1041 2281 Lg.
1068 2245 1192 2268 omnes
1216 2240 1366 2279 praeter
1388 2234 1443 2269 20.
1465 2234 1522 2269 35.

127 2304 163 2332 et
196 2297 252 2332 ed.
286 2307 359 2342 pr.;
395 2295 522 2329 Lamb.
557 2299 593 2329 et
628 2294 737 2340 vulgo
771 2296 831 2328 iis.
864 2314 909 2319 --
955 2291 1176 2334 Quinctius]
1210 2290 1262 2324 sic
1295 2290 1523 2325 scribebatur

127 2353 315 2389 Ciceronis
351 2356 472 2386 aetate
504 2362 572 2385 nec
604 2351 689 2385 licet
721 2362 800 2385 cum
836 2350 1018 2395 meyero,
1057 2352 1095 2382 ut
1133 2346 1340 2388 Quintium
1373 2346 1523 2391 probes,

129 2409 417 2452 Quintilianum
450 2408 644 2442 advocare.
692 2406 783 2442 lllud
815 2406 882 2452 Lg.
907 2406 941 2441 8.
967 2404 1023 2439 35.
1048 2403 1103 2438 51.
1128 2403 1184 2438 58.
1212 2403 1267 2438 70.
1302 2402 1397 2438 Ven.
1422 2402 1453 2436 l.
1476 2420 1522 2427 —

123 2466 220 2511 fuit]
259 2478 327 2501 om.
364 2465 419 2499 ed.
445 2476 496 2510 pr.
520 2483 566 2491 ·—-
603 2466 738 2511 aptior
770 2463 906 2506 etiam]
941 2465 1096 2501 autem,
1128 2460 1165 2494 in
1196 2459 1277 2495 edd.
1311 2457 1523 2502 quibusdam

125 2534 148 2556 a
160 2521 337 2556 Lambino
352 2521 506 2556 medium
522 2521 693 2555 insertum
711 2520 880 2566 ignorant
893 2518 958 2564 Lg.
973 2523 1120 2563 praeter
1132 2515 1189 2551 68.
1202 2542 1212 2557 ‚
1231 2516 1317 2550 item
1332 2513 1426 2548 Ven.
1442 2514 1472 2548 1.
1487 2513 1521 2548 2.
1551 2505 1558 2517 ’

127 2577 194 2613 Gn.
211 2579 240 2612 l.
255 2578 287 2612 2.
309 2576 384 2612 Ott.
404 2577 487 2611 Vat.
499 2597 545 2602 —-—
562 2576 797 2620 Palicanus]
814 2575 861 2610 P.
876 2575 1063 2611 Alicanus
1077 2573 1133 2607 ed.
1149 2583 1202 2618 pr.
1221 2570 1288 2617 Lg.
1303 2570 1359 2605 35.
1379 2569 1472 2604 Ven.
1488 2570 1523 2605 2.

215 2645 294 2680 224.
344 2645 571 2692 Appuleius]
590 2644 778 2692 Apuleius
794 2644 850 2678 ed.
863 2655 917 2690 pr.
943 2642 1010 2688 Lg.
1025 2640 1081 2675 20.
1095 2639 1151 2675 39.
1166 2638 1222 2673 53.
1236 2637 1291 2672 56.
1323 2637 1368 2671 V.
1383 2636 1521 2671 Comm.

125 2701 184 2736 Cr.
203 2702 238 2736 in
257 2701 330 2737 Cic.
349 2701 395 2737 de
413 2700 477 2738 Or.
495 2701 539 2737 11.
554 2701 616 2744 25,
638 2702 714 2737 107.
730 2720 777 2728 -—-
804 2698 1037 2748 peracutus]
1056 2699 1298 2743 peraryutus
1321 2692 1388 2737 Lg.
1403 2692 1461 2728 20.
1475 2711 1520 2718 -

1151 2763 1241 2806 17*
