1835 3126
386 233 470 277 Al)
503 233 615 277 (210.
647 234 907 278 BRUTUM
942 235 1060 279 CAP.
1092 236 1132 279 4.
1163 238 1202 279 5.
1366 239 1491 285 335

214 361 262 386 ex
289 348 458 398 conditis]
492 349 699 388 conduntur
722 350 856 401 fruges
882 352 920 390 in
948 352 1165 392 futurorum
1190 364 1376 393 annorum
1401 366 1492 394 usus

100 415 163 457 vel
193 416 458 456 necessitates.
506 416 585 457 Cic.
609 419 748 458 Aecus.
778 420 817 458 iu
846 419 956 461 Verr.
984 420 1030 459 II.
1059 422 1106 467 2,
1130 420 1179 459 5:
1212 423 1336 470 itaque
1360 422 1492 459 Sicilia

97 485 293 533 provincia
332 496 476 534 semper
515 487 574 522 usi,
607 498 756 532 sumus,
793 492 833 524 ut
864 487 1036 537 quicquid
1064 499 1112 524 ea*
1140 500 1219 523 sese
1248 494 1372 537 posset
1399 502 1492 538 pro-

98 549 218 596 ferre,
267 550 307 588 td
341 564 415 589 non
457 552 559 601 apud
596 565 659 590 eos
701 556 829 602 nasci,
873 554 937 591 sed
975 554 1076 591 domi
1116 559 1266 591 nostrae
1306 554 1493 592 conditum

97 622 326 665 putaremus.
370 618 468 658 Hinc
495 619 637 659 tralate
657 620 842 670 Vegetius
869 633 892 659 a
914 620 1079 671 Meyero
1106 620 1249 660 allatus
1273 621 1493 662 Veterinar.

98 682 161 724 VI.
196 685 265 723 ll:
302 685 499 723 adversum
532 690 657 725 omniu
695 701 831 736 genera
860 687 1071 726 morborum
1099 688 1283 726 salutaris
1313 688 1492 736 confectio

97 752 365 800 praeparanda
392 758 467 798 est,
498 759 539 791 ut
572 756 666 792 inter
696 758 778 806 ipsa
806 758 915 792 initia
939 767 986 792 ex
1011 755 1169 793 conditis
1191 758 1309 805 possit
1335 758 1491 793 occurri.

99 817 324 858 Ciceronem
347 821 513 858 concittos
532 821 678 868 fructus
703 821 848 861 dixisse
872 822 1070 862 orationes
1092 834 1182 861 suas
1208 822 1299 861 olim
1322 822 1492 871 habitas,

99 884 167 924 sed
208 885 376 925 nondum
418 887 612 940 expolitas
659 888 881 940 editasque,
928 900 1029 941 quae
1069 889 1266 928 Schuetzii
1302 889 1494 928 sententia

101 957 178 1000 est,
217 959 379 1005 propter
417 954 587 994 additum
627 968 744 1004 paene
778 955 942 1006 probari
978 966 1056 994 non
1093 960 1246 1006 potest;
1285 955 1416 995 verius
1447 955 1494 994 de

97 1018 242 1067 literis,
288 1021 453 1059 maxime
495 1020 770 1072 philosophiae
811 1020 947 1060 studiis
986 1020 1243 1072 intelligitur,
1292 1020 1342 1060 ad
1378 1033 1494 1073 quam

98 1097 182 1125 cum
214 1086 339 1123 aditus
369 1099 486 1135 paene
513 1087 585 1124 solt
613 1090 817 1136 patuisset,
846 1087 989 1140 quippe
1020 1100 1135 1140 quam
1163 1099 1274 1127 nemo
1302 1088 1387 1128 fere
1412 1088 1493 1128 Ro-

96 1164 297 1191 manorum
326 1158 485 1204 praeter
512 1154 638 1206 ipsum
667 1159 876 1204 tractaret,
897 1155 1010 1194 libris
1041 1167 1127 1195 eam
1155 1155 1378 1208 explicandi
1409 1157 1494 1195 ani-

95 1231 195 1258 mum
232 1219 432 1259 abiecerat
468 1225 630 1274 propter
669 1222 774 1261 mala
807 1223 866 1262 rei
904 1222 1107 1275 publicae;
1146 1234 1273 1275 neque
1310 1224 1418 1275 prius
1445 1223 1496 1263 ad

95 1285 136 1325 id
175 1285 340 1326 studium
380 1287 516 1337 rediit,
558 1301 672 1342 quam
702 1287 893 1330 absolutis
924 1290 1080 1343 scriptis
1114 1290 1342 1330 rhetoricis:
1378 1303 1414 1332 v.
1445 1290 1493 1330 de

93 1354 222 1394 Divin.
253 1354 303 1394 ΙΙ.
336 1356 372 1395 l.
403 1368 487 1408 sqq.

212 1446 277 1484 17.
335 1446 570 1484 voluntarius
597 1445 831 1496 procurator]
862 1445 1024 1494 „facete
1050 1445 1148 1486 dixit
1179 1451 1215 1486 et
1241 1451 1400 1498 praeter
1426 1457 1494 1486 ex-

97 1512 396 1564 spectationem,
435 1513 469 1551 si
505 1512 658 1564 quidem
694 1518 971 1564 procuratores
1011 1525 1059 1554 ex
1098 1513 1279 1553 mandato
1318 1525 1381 1553 res
1411 1514 1495 1566 pri-

96 1584 208 1620 vatas
238 1579 420 1630 agebant.
468 1579 567 1618 Nam
598 1579 778 1619 differunt
803 1581 964 1632 negotia
992 1580 1174 1633 publica,
1205 1592 1304 1632 quae
1328 1581 1495 1621 hominis

98 1645 269 1685 eiusdem
314 1658 410 1686 cura
450 1652 487 1686 et
522 1648 821 1699 procuratione,
864 1647 906 1687 id
944 1653 1002 1688 est
1038 1659 1164 1700 opera
1200 1652 1280 1687 tam
1315 1648 1495 1700 legitima

99 1726 214 1766 quam
258 1714 451 1766 sequestri
489 1719 671 1766 poterant
710 1714 991 1754 administrari:
1034 1727 1070 1755 v.
1108 1714 1189 1755 Cic.
1225 1715 1347 1756 Acad.
1382 1715 1411 1755 Ι.
1452 1718 1491 1755 3.

97 1781 196 1821 Hinc
234 1782 416 1821 continua
454 1781 641 1833 pendent;
683 1782 862 1821 nimirum
893 1786 1128 1834 procurator
1160 1780 1206 1820 de
1236 1787 1324 1821 rato
1356 1794 1496 1822 cavere

97 1854 134 1888 et
163 1848 391 1889 adversario
421 1847 615 1888 satisdare
642 1848 869 1899 cogebatur.
913 1848 957 1890 V.
980 1848 1131 1888 Cuiacii
1156 1848 1269 1888 Obss.
1294 1848 1375 1891 VII.
1401 1850 1495 1889 27.“

99 1916 330 1963 Bernhardy.

208 2005 253 2047 V.
315 2007 380 2046 19.
440 2005 525 2043 illos
554 2004 598 2042 de
632 2018 671 2043 re
699 2005 848 2056 publica
878 2004 1005 2054 ttbros]
1038 2004 1204 2044 confecit
1234 2004 1305 2043 hos
1330 2015 1365 2042 a.
1392 2005 1494 2052 7003

95 2086 130 2114 v.
162 2072 242 2113 Cic.
279 2073 356 2112 Att.
396 2073 459 2114 IV.
501 2073 564 2112 16.
622 2072 667 2121 Q.
698 2073 764 2112 Fr.
803 2072 851 2112 Π.
886 2074 950 2112 14.
1002 2071 1067 2111 ΙΙΙ.
1101 2072 1139 2111 5.
1195 2071 1351 2111 Clinton
1386 2071 1494 2111 Fast.

95 2140 198 2181 Hell.
238 2139 287 2179 ad
326 2152 361 2179 a.
394 2142 489 2180 700.
547 2136 659 2178 Libr'i
693 2138 740 2177 de
777 2138 955 2189 legibus,
995 2138 1068 2177 etsi
1104 2137 1245 2178 dudum
1277 2139 1494 2190 compositi,

94 2216 223 2248 tamen
252 2207 419 2247 nondum
450 2206 543 2247 editi
570 2205 712 2253 fuisse,
746 2216 830 2244 cum
859 2205 1021 2244 Brutum
1050 2206 1223 2258 scripsit,
1246 2205 1436 2246 videntur.

211 2291 249 2322 ut
292 2285 425 2335 possis]
471 2284 657 2335 Meyerus
695 2295 831 2323 errare
869 2282 1022 2323 videtur
1059 2283 1259 2335 iungenda
1295 2283 1493 2324 affirmans

97 2367 178 2391 cum
208 2355 348 2403 poteris
380 2357 490 2401 atque
518 2356 559 2388 ut
587 2353 709 2402 possis
747 2350 773 2390 i.
805 2361 838 2389 e.
870 2350 1202 2402 quemadmodum.
1263 2351 1494 2404 Scripsisset

98 2421 259 2468 Cicero,
292 2419 452 2472 opinor,
479 2423 589 2468 atque
616 2423 657 2455 ‘ut
684 2420 833 2468 poteris.
876 2418 955 2458 Sed
979 2425 1021 2456 ut
1043 2421 1167 2470 possis
1190 2418 1343 2460 videtur
1370 2419 1494 2470 signi-

97 2488 216 2529 ficare
243 2493 283 2525 ut
315 2501 340 2525 a
370 2493 405 2524 te
434 2488 626 2536 impetres,
656 2490 697 2522 ut
725 2485 837 2532 velis-,-
869 2485 909 2523 td
938 2486 1036 2536 quod
1066 2492 1160 2524 certe
1185 2492 1301 2537 potes.
1361 2487 1494 2538 Rogat

98 2556 325 2596 Ciceronem
345 2553 515 2601 Atticus,
547 2557 590 2592 ut
617 2562 666 2591 ne
691 2550 894 2600 detrectet,
927 2553 1034 2592 cuius
1062 2553 1120 2593 rei
1149 2553 1355 2593 faciendae
1379 2554 1494 2606 copia

97 2627 290 2676 suppetat.
350 2621 448 2662 Hinc
477 2618 601 2660 medie
634 2618 947 2671 distinguendum
976 2619 1050 2660 fuit
1078 2625 1166 2674 post
1194 2623 1345 2671 poteris.

211 2703 278 2741 21.
339 2712 493 2739 causam
512 2698 696 2748 Deiotari]
726 2697 967 2746 fidelissimus
988 2697 1130 2738 dieitur
1155 2698 1355 2750 Pompeio,
1380 2709 1494 2750 quem

96 2768 203 2811 bello
235 2767 342 2810 civili
371 2766 488 2818 iuvit,
519 2768 679 2816 optimus
713 2770 875 2818 propter
903 2770 1066 2807 mentem
1103 2766 1144 2808 in
1171 2777 1253 2806 rem
1282 2765 1490 2819 publicam.
