1835 3126
239 156 362 244 108
453 191 650 237 BREVIS
680 190 1074 245 ELOQUENTIAE
1104 193 1239 239 ROM.
1270 194 1414 238 HIST.

238 310 387 364 placuit
415 311 579 359 propter
603 307 877 346 sententiosum
907 312 943 347 et
966 309 1165 360 copiosum
1194 308 1346 349 dicendi
1375 319 1516 360 genus:
1547 308 1627 365 sed,

240 375 386 416 seniori
423 385 507 413 cum
545 373 705 423 gravius
743 373 936 424 quoddam
967 376 1206 424 conveniret,
1246 376 1521 416 sententiarum
1556 376 1630 415 illa

239 441 476 483 concinnitas
508 439 697 490 dignitate
727 438 909 478 destituta
942 439 1069 480 debile
1100 441 1281 492 quiddam
1314 448 1351 482 et
1376 443 1527 495 puerile
1556 444 1630 487 ha-

236 510 331 549 here
369 507 574 548 videbatur
603 502 687 556 (2²).
746 505 895 544 Tamen
937 506 1017 546 illis
1061 512 1225 547 naturae
1267 509 1379 548 bonis
1421 509 1629 549 accedente

237 576 364 616 studio
390 573 542 614 dicendi
570 584 648 612 non
672 572 946 613 contemnendo
974 574 1186 626 partitione
1216 581 1401 614 accurata
1427 576 1629 616 collectio-

237 643 350 682 nibus
393 640 603 680 memoriae
637 639 856 679 auditorum
894 641 1150 680 servientibus
1176 637 1249 690 (²3)
1289 641 1496 681 secundum
1526 647 1630 682 certe

237 722 262 749 a
302 708 491 749 Cicerone
530 708 658 747 locum
695 712 828 746 tenere
874 707 1116 746 existimatus
1161 711 1230 747 est.
1289 707 1368 747 Sed
1407 719 1491 746 cum
1527 708 1631 747 haud

237 776 353 816 dubie
395 775 520 825 magis
562 775 738 827 placeret
778 772 930 812 auditus
972 786 1087 825 quam
1124 773 1267 823 lectus,
1313 774 1510 814 orationes
1550 774 1634 814 eius

235 844 314 883 iam
343 842 474 883 seculo
504 847 594 895 post
621 842 834 894 pleraeque
865 845 1117 881 evanuerant.

350 910 520 950 Primum
564 909 603 947 in
649 908 737 948 foro
780 907 878 946 dixit
919 906 1161 958 undeviginti
1203 918 1324 946 annos
1367 912 1504 957 natus,
1549 919 1633 948 cum

236 977 282 1017 L.
326 976 469 1017 Crasso
508 975 542 1015 gc
579 975 624 1024 Q.
665 973 861 1015 Scaevola
904 974 1128 1014 consulibus
1165 987 1319 1012 causam
1355 975 1512 1021 Africae
1552 975 1634 1025 egit

239 1057 274 1084 a.
306 1044 388 1084 659
415 1040 499 1093 (²⁴).
557 1042 697 1082 Paucis
729 1041 839 1080 annis
868 1046 957 1093 post
986 1054 1054 1091 pro
1086 1053 1169 1090 rege
1197 1040 1402 1090 Bithyniae
1431 1041 1632 1079 Nicomede

237 1109 334 1149 dixit
364 1115 400 1148 et
429 1109 554 1159 magis
585 1109 700 1148 etiam
728 1108 917 1160 probatus
949 1107 1127 1146 discessit
1143 1104 1235 1157 (⁴25):
1268 1118 1315 1145 ea
1340 1117 1460 1145 causa
1483 1119 1518 1146 a.
1549 1109 1630 1147 663

237 1181 326 1216 acta
347 1175 520 1223 videtur,
551 1176 621 1214 sub
647 1175 736 1227 ipsa
757 1175 869 1213 initia
893 1174 989 1213 belli
1013 1173 1153 1213 Italici.
1199 1172 1278 1214 Sed
1303 1172 1395 1224 quid
1421 1173 1480 1212 rei
1501 1174 1631 1224 fuerit,

238 1255 306 1283 cur
335 1244 432 1283 haec
455 1254 575 1281 causa
595 1242 742 1281 Romae
768 1246 953 1293 ageretur
976 1253 1054 1281 non
1078 1245 1240 1280 constat.
1283 1240 1377 1280 Post
1399 1241 1630 1281 Hortensius

237 1322 322 1350 cum
358 1310 405 1350 L.
444 1309 626 1361 Philippo
664 1322 733 1358 pro
775 1309 839 1346 Gn.
882 1311 1050 1358 Pompeii
1086 1308 1191 1345 bonis
1229 1307 1326 1346 dixit
1361 1320 1397 1347 a.
1438 1309 1519 1348 667
1546 1306 1631 1360 (²⁶).

236 1377 422 1428 Sequitur
460 1388 579 1416 causa
609 1376 785 1428 privata,
822 1388 900 1427 qua
933 1374 1158 1415 Ciceronem
1187 1386 1259 1427 pro
1289 1375 1332 1414 P.
1364 1375 1544 1424 Quinctio
1571 1376 1630 1415 di-

236 1448 383 1483 centem
427 1455 462 1481 a.
501 1444 581 1482 672
625 1442 789 1494 primum
835 1442 970 1480 hahuit
1014 1441 1292 1481 adversarium.
1368 1441 1520 1481 Deinde
1560 1443 1625 1480 Gn.

236 1509 470 1548 Dolabellam
505 1509 553 1549 L.
593 1508 638 1549 F.
684 1520 732 1547 ex
760 1508 964 1560 provincia
1004 1507 1143 1547 Cilicia
1185 1507 1485 1559 repetundarum
1523 1521 1632 1548 reum

235 1577 293 1618 M.
324 1576 475 1617 Scauro
517 1580 724 1614 accusante
753 1574 923 1614 defendit
953 1586 989 1613 a.
1021 1575 1123 1623 676,
1163 1574 1231 1613 sed
1260 1586 1337 1614 non
1366 1576 1550 1627 pervicit,
1589 1581 1632 1615 ut

236 1644 506 1683 absolveretur
522 1640 606 1695 (2⁷).
650 1642 822 1682 Felicior
852 1641 924 1680 fuit
947 1642 986 1680 in
1013 1641 1138 1682 altero
1164 1641 1231 1681 Cn.
1253 1642 1466 1682 Dolabella
1493 1642 1560 1682 Cn.
1585 1643 1629 1683 F.

237 1711 436 1751 consulari
471 1710 561 1749 item
601 1709 901 1762 repetundarum
939 1720 1008 1748 reo
1042 1709 1147 1748 facto
1190 1721 1215 1747 a
1255 1708 1297 1749 C.
1331 1709 1523 1760 Caesare,
1564 1711 1631 1762 qui

235 1783 375 1830 postea
398 1777 564 1816 dictator
587 1776 672 1824 fuit,
705 1789 740 1815 a.
767 1778 870 1823 6773
903 1776 1003 1815 hunc
1026 1776 1158 1815 iuncta
1188 1787 1271 1815 cum
1301 1776 1343 1816 C.
1369 1776 1485 1818 Cotta
1509 1789 1632 1829 opera

237 1844 458 1884 accusatori
489 1843 630 1894 eripuit
654 1848 690 1881 et
716 1844 755 1881 in
783 1854 830 1881 ea
854 1854 973 1881 causa
996 1843 1142 1893 primas
1166 1854 1286 1893 agere
1309 1844 1414 1883 visus
1442 1849 1518 1893 est,
1549 1856 1634 1883 cum

238 1911 353 1952 Cotta
385 1915 639 1963 patronorum
670 1909 822 1948 nomine
851 1909 1031 1960 princeps
1063 1914 1164 1947 esset
1180 1907 1264 1958 (23).
1309 1909 1446 1949 Eidem
1470 1914 1529 1949 M.
1559 1911 1631 1948 Ga-

236 1980 358 2016 mclcio
381 1978 580 2029 praetorio
605 1975 904 2027 repetundarum
927 1987 996 2014 reo
1027 1974 1218 2014 affuerunt
1233 1972 1316 2027 (2⁹).
1361 1976 1479 2016 Solus
1495 1975 1634 2017 deinde

236 2045 466 2085 Hortensius
507 2056 552 2083 eo
589 2048 761 2094 tempore
800 2041 939 2080 aedilis
975 2044 1034 2080 M.
1074 2045 1246 2079 Terentio
1280 2045 1445 2080 Varroni
1473 2044 1634 2081 Lucullo

237 2111 284 2151 de
314 2110 536 2163 repetundis
565 2122 633 2149 reo
664 2121 699 2148 a.
722 2110 805 2148 679
829 2109 1096 2160 patrocinatus
1123 2112 1179 2146 est
1202 2112 1256 2156 et,
1285 2113 1327 2147 ut
1351 2109 1633 2159 absolveretur,

237 2174 461 2228 effecit(3⁰).
506 2176 691 2227 Sequitur
717 2188 833 2212 causa
867 2177 1016 2220 Verris,
1046 2175 1087 2213 in
1117 2186 1194 2226 qua
1222 2175 1393 2214 habitam
1416 2176 1632 2215 orationem

236 2245 334 2296 legit
364 2245 488 2284 adhuc
520 2242 781 2293 Quintilianus
800 2238 883 2292 (3¹).
933 2242 1029 2282 Post
1060 2253 1097 2280 a.
1128 2242 1209 2282 687
1235 2243 1284 2280 A.
1315 2242 1473 2280 Gabinio
1502 2243 1631 2294 legem

330 2386 389 2428 22)
426 2386 500 2420 Cic.
532 2385 634 2420 Brut.
665 2385 731 2426 88,
764 2384 841 2419 301.
879 2387 915 2417 et
946 2382 1002 2417 95.
1118 2383 1178 2426 23)
1220 2384 1291 2419 Cic.
1318 2383 1422 2418 Brut.
1456 2383 1519 2426 88,
1549 2383 1629 2418 302.

238 2443 298 2485 24)
334 2442 408 2477 Cic.
434 2442 478 2475 (le
499 2441 562 2478 Or.
590 2441 650 2476 111.
676 2441 741 2483 61,
767 2440 844 2474 229.
885 2438 987 2473 Brut.
1015 2438 1078 2480 64,
1103 2439 1182 2474 229.
1299 2440 1359 2483 25)
1392 2441 1464 2475 Cic.
1492 2441 1537 2474 de
1563 2438 1628 2476 Or.

239 2500 263 2535 l.
291 2509 322 2533 c.
438 2498 497 2541 26)
531 2498 602 2533 Cic,
630 2497 733 2532 Brut.
759 2497 824 2538 64,
849 2495 926 2530 230.
976 2494 1103 2531 Qualis
1136 2495 1227 2530 haec
1255 2508 1361 2531 causa
1393 2496 1498 2531 suerit
1522 2496 1631 2531 docet

239 2554 457 2591 Plutarchus
482 2554 611 2600 Pomp.
635 2554 667 2590 2.
784 2553 846 2596 27)
880 2553 1010 2586 Ascon.
1046 2552 1081 2585 in
1116 2553 1241 2587 Scaur.
1275 2554 1302 2599 ξ.
1327 2553 1382 2588 26.
1416 2557 1630 2598 personatus

240 2611 416 2646 Asconius
455 2611 487 2644 iu
523 2611 594 2647 div.
630 2612 666 2647 in
699 2610 831 2646 Caecil.
867 2610 896 2653 ξ.
927 2608 982 2643 24.
1101 2608 1161 2650 28)
1202 2610 1277 2645 Cic.
1309 2609 1414 2645 Brut.
1449 2608 1514 2650 92,
1552 2608 1629 2641 317.

239 2666 301 2709 29)
336 2667 410 2701 Cic.
442 2666 465 2701 1.
493 2678 522 2702 c.
638 2667 697 2712 30)
732 2667 955 2703 Personatus
986 2664 1162 2700 Asconius
1195 2665 1218 2702 1.
1243 2676 1273 2701 c.
1388 2664 1447 2708 31)
1480 2663 1631 2704 Quintil.

245 2723 292 2760 X.
320 2723 356 2766 l,
379 2722 436 2759 23.

1830 263 1833 270 .
1820 189 1824 238 --.-
1822 105 1825 168 —‚
