<?xml version="1.0" encoding="UTF-8"?>
<!DOCTYPE html PUBLIC "-//W3C//DTD XHTML 1.0 Transitional//EN"
    "http://www.w3.org/TR/xhtml1/DTD/xhtml1-transitional.dtd">
<html xmlns="http://www.w3.org/1999/xhtml" xml:lang="en" lang="en">
 <head>
  <title>
</title>
<meta http-equiv="Content-Type" content="text/html;charset=utf-8" />
  <meta name='ocr-system' content='tesseract 3.04.00' />
  <meta name='ocr-capabilities' content='ocr_page ocr_carea ocr_par ocr_line ocrx_word'/>
</head>
<body>
  <div class='ocr_page' id='page_1' title='image "./brutussivedeclar00ciceuoft/brutussivedeclar00ciceuoft_0187.png"; bbox 0 0 1835 3126; ppageno 0'>
   <div class='ocr_carea' id='block_1_1' title="bbox 606 152 1551 202">
    <p class='ocr_par' dir='ltr' id='par_1_1' title="bbox 606 152 1551 202">
     <span class='ocr_line' id='line_1_1' title="bbox 606 152 1551 202; baseline 0.007 -7"><span class='ocrx_word' id='word_1_1' title='bbox 606 152 866 196; x_wconf 90' lang='lat' dir='ltr'>BRUTUS</span> <span class='ocrx_word' id='word_1_2' title='bbox 907 152 1026 196; x_wconf 77' lang='lat' dir='ltr'>GAP.</span> <span class='ocrx_word' id='word_1_3' title='bbox 1057 155 1096 197; x_wconf 83' lang='lat'>9.</span> <span class='ocrx_word' id='word_1_4' title='bbox 1439 156 1551 202; x_wconf 69' lang='lat'>162</span> 
     </span>
    </p>
   </div>
   <div class='ocr_carea' id='block_1_2' title="bbox 142 264 1550 1728">
    <p class='ocr_par' dir='ltr' id='par_1_2' title="bbox 150 264 1550 869">
     <span class='ocr_line' id='line_1_2' title="bbox 162 264 1550 324; baseline 0.002 -17"><span class='ocrx_word' id='word_1_5' title='bbox 162 277 283 321; x_wconf 86' lang='lat' dir='ltr'>quam</span> <span class='ocrx_word' id='word_1_6' title='bbox 313 269 382 306; x_wconf 87' lang='lat' dir='ltr'>aut</span> <span class='ocrx_word' id='word_1_7' title='bbox 404 264 564 307; x_wconf 88' lang='lat' dir='ltr'>ratione</span> <span class='ocrx_word' id='word_1_8' title='bbox 588 264 731 321; x_wconf 86' lang='lat' dir='ltr'>aliqua</span> <span class='ocrx_word' id='word_1_9' title='bbox 754 272 824 307; x_wconf 87' lang='lat' dir='ltr'>aut</span> <span class='ocrx_word' id='word_1_10' title='bbox 845 265 1136 309; x_wconf 88' lang='lat' dir='ltr'>observatione</span> <span class='ocrx_word' id='word_1_11' title='bbox 1161 266 1296 309; x_wconf 84' lang='lat' dir='ltr'>fiebat.</span> <span class='ocrx_word' id='word_1_12' title='bbox 1353 265 1422 309; x_wconf 85' lang='lat'>34.</span> <span class='ocrx_word' id='word_1_13' title='bbox 1452 265 1550 324; x_wconf 84' lang='lat' dir='ltr'>Ipsa.</span> 
     </span>
     <span class='ocr_line' id='line_1_3' title="bbox 160 344 1549 402; baseline 0.004 -18"><span class='ocrx_word' id='word_1_14' title='bbox 160 345 267 385; x_wconf 91' lang='lat' dir='ltr'>enim</span> <span class='ocrx_word' id='word_1_15' title='bbox 303 348 452 384; x_wconf 86' lang='lat' dir='ltr'>natura</span> <span class='ocrx_word' id='word_1_16' title='bbox 490 344 869 400; x_wconf 82' lang='lat' dir='ltr'>circumscriptione</span> <span class='ocrx_word' id='word_1_17' title='bbox 908 345 1084 400; x_wconf 83' lang='lat' dir='ltr'>quadam</span> <span class='ocrx_word' id='word_1_18' title='bbox 1113 345 1332 388; x_wconf 89' lang='lat' dir='ltr'>verborum</span> <span class='ocrx_word' id='word_1_19' title='bbox 1362 358 1549 402; x_wconf 89' lang='lat' dir='ltr'>compre-</span> 
     </span>
     <span class='ocr_line' id='line_1_4' title="bbox 156 420 1550 481; baseline 0.003 -19"><span class='ocrx_word' id='word_1_20' title='bbox 156 420 296 463; x_wconf 89' lang='lat' dir='ltr'>hendit</span> <span class='ocrx_word' id='word_1_21' title='bbox 324 420 610 478; x_wconf 84' lang='lat' dir='ltr'>concluditque</span> <span class='ocrx_word' id='word_1_22' title='bbox 642 425 905 466; x_wconf 87' lang='lat' dir='ltr'>sententiam:</span> <span class='ocrx_word' id='word_1_23' title='bbox 937 437 1040 479; x_wconf 82' lang='lat' dir='ltr'>quae</span> <span class='ocrx_word' id='word_1_24' title='bbox 1072 437 1162 467; x_wconf 88' lang='lat' dir='ltr'>cum</span> <span class='ocrx_word' id='word_1_25' title='bbox 1197 425 1302 481; x_wconf 88' lang='lat' dir='ltr'>aptis</span> <span class='ocrx_word' id='word_1_26' title='bbox 1324 426 1550 467; x_wconf 83' lang='lat' dir='ltr'>constricta</span> 
     </span>
     <span class='ocr_line' id='line_1_5' title="bbox 154 498 1548 559; baseline 0.003 -19"><span class='ocrx_word' id='word_1_27' title='bbox 154 498 294 541; x_wconf 88' lang='lat' dir='ltr'>verbis</span> <span class='ocrx_word' id='word_1_28' title='bbox 339 505 420 549; x_wconf 89' lang='lat' dir='ltr'>est,</span> <span class='ocrx_word' id='word_1_29' title='bbox 469 501 580 543; x_wconf 85' lang='lat' dir='ltr'>cadit</span> <span class='ocrx_word' id='word_1_30' title='bbox 623 503 747 544; x_wconf 90' lang='lat' dir='ltr'>etiam</span> <span class='ocrx_word' id='word_1_31' title='bbox 790 502 1027 559; x_wconf 86' lang='lat' dir='ltr'>plerumque</span> <span class='ocrx_word' id='word_1_32' title='bbox 1070 515 1303 545; x_wconf 83' lang='lat' dir='ltr'>numerose.</span> <span class='ocrx_word' id='word_1_33' title='bbox 1372 515 1468 544; x_wconf 90' lang='lat' dir='ltr'>nam</span> <span class='ocrx_word' id='word_1_34' title='bbox 1507 508 1548 544; x_wconf 89' lang='lat' dir='ltr'>et</span> 
     </span>
     <span class='ocr_line' id='line_1_6' title="bbox 155 579 1545 637; baseline 0.003 -19"><span class='ocrx_word' id='word_1_35' title='bbox 155 590 278 619; x_wconf 84' lang='lat' dir='ltr'>aures</span> <span class='ocrx_word' id='word_1_36' title='bbox 309 579 425 634; x_wconf 83' lang='lat' dir='ltr'>ipsae</span> <span class='ocrx_word' id='word_1_37' title='bbox 458 580 555 635; x_wconf 85' lang='lat' dir='ltr'>quid</span> <span class='ocrx_word' id='word_1_38' title='bbox 584 580 746 636; x_wconf 88' lang='lat' dir='ltr'>plenum</span> <span class='ocrx_word' id='word_1_39' title='bbox 777 581 874 637; x_wconf 87' lang='lat' dir='ltr'>quid</span> <span class='ocrx_word' id='word_1_40' title='bbox 904 583 1028 623; x_wconf 89' lang='lat' dir='ltr'>inane</span> <span class='ocrx_word' id='word_1_41' title='bbox 1060 583 1112 624; x_wconf 91' lang='lat' dir='ltr'>sit</span> <span class='ocrx_word' id='word_1_42' title='bbox 1142 581 1351 631; x_wconf 87' lang='lat' dir='ltr'>iudicant,</span> <span class='ocrx_word' id='word_1_43' title='bbox 1390 587 1431 623; x_wconf 89' lang='lat' dir='ltr'>et</span> <span class='ocrx_word' id='word_1_44' title='bbox 1461 581 1545 637; x_wconf 91' lang='lat' dir='ltr'>spi-</span> 
     </span>
     <span class='ocr_line' id='line_1_7' title="bbox 153 657 1546 716; baseline 0.003 -20"><span class='ocrx_word' id='word_1_45' title='bbox 153 657 234 697; x_wconf 90' lang='lat' dir='ltr'>ritu</span> <span class='ocrx_word' id='word_1_46' title='bbox 269 658 388 712; x_wconf 87' lang='lat' dir='ltr'>quasi</span> <span class='ocrx_word' id='word_1_47' title='bbox 418 660 669 701; x_wconf 84' lang='lat' dir='ltr'>necessitate</span> <span class='ocrx_word' id='word_1_48' title='bbox 704 660 846 716; x_wconf 84' lang='lat' dir='ltr'>aliqua</span> <span class='ocrx_word' id='word_1_49' title='bbox 874 659 1093 703; x_wconf 88' lang='lat' dir='ltr'>verborum</span> <span class='ocrx_word' id='word_1_50' title='bbox 1118 659 1430 716; x_wconf 85' lang='lat' dir='ltr'>comprehensio</span> <span class='ocrx_word' id='word_1_51' title='bbox 1462 664 1546 701; x_wconf 91' lang='lat' dir='ltr'>ter-</span> 
     </span>
     <span class='ocr_line' id='line_1_8' title="bbox 153 736 1544 792; baseline 0.003 -17"><span class='ocrx_word' id='word_1_52' title='bbox 153 737 347 777; x_wconf 86' lang='lat' dir='ltr'>minatur:</span> <span class='ocrx_word' id='word_1_53' title='bbox 392 737 436 777; x_wconf 91' lang='lat' dir='ltr'>in</span> <span class='ocrx_word' id='word_1_54' title='bbox 480 750 559 792; x_wconf 91' lang='lat' dir='ltr'>quo</span> <span class='ocrx_word' id='word_1_55' title='bbox 595 751 679 780; x_wconf 90' lang='lat' dir='ltr'>non</span> <span class='ocrx_word' id='word_1_56' title='bbox 718 738 841 781; x_wconf 89' lang='lat' dir='ltr'>modo</span> <span class='ocrx_word' id='word_1_57' title='bbox 881 738 1023 788; x_wconf 87' lang='lat' dir='ltr'>defici,</span> <span class='ocrx_word' id='word_1_58' title='bbox 1068 737 1144 780; x_wconf 88' lang='lat' dir='ltr'>sed</span> <span class='ocrx_word' id='word_1_59' title='bbox 1182 739 1307 780; x_wconf 87' lang='lat' dir='ltr'>etiam</span> <span class='ocrx_word' id='word_1_60' title='bbox 1348 736 1544 780; x_wconf 85' lang='lat' dir='ltr'>laborare</span> 
     </span>
     <span class='ocr_line' id='line_1_9' title="bbox 150 819 369 869; baseline 0 -15"><span class='ocrx_word' id='word_1_61' title='bbox 150 819 264 869; x_wconf 87' lang='lat' dir='ltr'>turpe</span> <span class='ocrx_word' id='word_1_62' title='bbox 295 820 369 855; x_wconf 90' lang='lat' dir='ltr'>est.</span> 
     </span>
    </p>

    <p class='ocr_par' dir='ltr' id='par_1_3' title="bbox 142 888 1544 1728">
     <span class='ocr_line' id='line_1_10' title="bbox 262 888 1541 946; baseline 0.002 -15"><span class='ocrx_word' id='word_1_63' title='bbox 262 889 335 931; x_wconf 85' lang='lat' dir='ltr'>IX.</span> <span class='ocrx_word' id='word_1_64' title='bbox 381 888 448 932; x_wconf 83' lang='lat'>35.</span> <span class='ocrx_word' id='word_1_65' title='bbox 482 889 588 932; x_wconf 92' lang='lat' dir='ltr'>Tum</span> <span class='ocrx_word' id='word_1_66' title='bbox 632 890 707 932; x_wconf 82' lang='lat' dir='ltr'>fuit</span> <span class='ocrx_word' id='word_1_67' title='bbox 741 888 918 944; x_wconf 86' lang='lat' dir='ltr'>Lysias,</span> <span class='ocrx_word' id='word_1_68' title='bbox 964 891 1054 946; x_wconf 90' lang='lat' dir='ltr'>ipse</span> <span class='ocrx_word' id='word_1_69' title='bbox 1101 890 1266 946; x_wconf 87' lang='lat' dir='ltr'>quidem</span> <span class='ocrx_word' id='word_1_70' title='bbox 1310 890 1354 932; x_wconf 91' lang='lat' dir='ltr'>in</span> <span class='ocrx_word' id='word_1_71' title='bbox 1398 891 1541 933; x_wconf 89' lang='lat' dir='ltr'>causis</span> 
     </span>
     <span class='ocr_line' id='line_1_11' title="bbox 150 967 1544 1025; baseline 0.001 -16"><span class='ocrx_word' id='word_1_72' title='bbox 150 967 386 1010; x_wconf 88' lang='lat' dir='ltr'>forensibus</span> <span class='ocrx_word' id='word_1_73' title='bbox 430 979 514 1009; x_wconf 90' lang='lat' dir='ltr'>non</span> <span class='ocrx_word' id='word_1_74' title='bbox 556 973 771 1017; x_wconf 88' lang='lat' dir='ltr'>versatus,</span> <span class='ocrx_word' id='word_1_75' title='bbox 816 967 893 1010; x_wconf 88' lang='lat' dir='ltr'>sed</span> <span class='ocrx_word' id='word_1_76' title='bbox 937 969 1108 1023; x_wconf 81' lang='lat' dir='ltr'>egregie</span> <span class='ocrx_word' id='word_1_77' title='bbox 1153 967 1318 1010; x_wconf 89' lang='lat' dir='ltr'>subtilis</span> <span class='ocrx_word' id='word_1_78' title='bbox 1366 969 1544 1025; x_wconf 84' lang='lat' dir='ltr'>scriptor</span> 
     </span>
     <span class='ocr_line' id='line_1_12' title="bbox 147 1044 1544 1103; baseline 0.001 -16"><span class='ocrx_word' id='word_1_79' title='bbox 147 1052 269 1099; x_wconf 86' lang='lat' dir='ltr'>atque</span> <span class='ocrx_word' id='word_1_80' title='bbox 316 1044 511 1099; x_wconf 83' lang='lat' dir='ltr'>elegans,</span> <span class='ocrx_word' id='word_1_81' title='bbox 557 1059 677 1102; x_wconf 89' lang='lat' dir='ltr'>quem</span> <span class='ocrx_word' id='word_1_82' title='bbox 719 1047 804 1088; x_wconf 84' lang='lat' dir='ltr'>iam</span> <span class='ocrx_word' id='word_1_83' title='bbox 846 1060 973 1103; x_wconf 89' lang='lat' dir='ltr'>prope</span> <span class='ocrx_word' id='word_1_84' title='bbox 1009 1046 1167 1089; x_wconf 81' lang='lat' dir='ltr'>audeas</span> <span class='ocrx_word' id='word_1_85' title='bbox 1206 1052 1414 1089; x_wconf 85' lang='lat' dir='ltr'>oratorem</span> <span class='ocrx_word' id='word_1_86' title='bbox 1448 1060 1544 1103; x_wconf 92' lang='lat' dir='ltr'>per-</span> 
     </span>
     <span class='ocr_line' id='line_1_13' title="bbox 146 1123 1541 1181; baseline 0.001 -17"><span class='ocrx_word' id='word_1_87' title='bbox 146 1123 296 1165; x_wconf 87' lang='lat' dir='ltr'>fectum</span> <span class='ocrx_word' id='word_1_88' title='bbox 327 1123 479 1165; x_wconf 87' lang='lat' dir='ltr'>dicere.</span> <span class='ocrx_word' id='word_1_89' title='bbox 537 1137 634 1166; x_wconf 87' lang='lat' dir='ltr'>nam</span> <span class='ocrx_word' id='word_1_90' title='bbox 660 1124 784 1181; x_wconf 84' lang='lat' dir='ltr'>plane</span> <span class='ocrx_word' id='word_1_91' title='bbox 807 1124 971 1180; x_wconf 85' lang='lat' dir='ltr'>quidem</span> <span class='ocrx_word' id='word_1_92' title='bbox 994 1124 1220 1181; x_wconf 86' lang='lat' dir='ltr'>perfectum</span> <span class='ocrx_word' id='word_1_93' title='bbox 1250 1131 1290 1167; x_wconf 88' lang='lat' dir='ltr'>et</span> <span class='ocrx_word' id='word_1_94' title='bbox 1310 1126 1408 1181; x_wconf 90' lang='lat' dir='ltr'>quoi</span> <span class='ocrx_word' id='word_1_95' title='bbox 1435 1124 1541 1168; x_wconf 89' lang='lat' dir='ltr'>nihil</span> 
     </span>
     <span class='ocr_line' id='line_1_14' title="bbox 146 1201 1539 1247; baseline 0.001 -4"><span class='ocrx_word' id='word_1_96' title='bbox 146 1201 365 1244; x_wconf 85' lang='lat' dir='ltr'>admodum</span> <span class='ocrx_word' id='word_1_97' title='bbox 404 1201 510 1244; x_wconf 89' lang='lat' dir='ltr'>desit</span> <span class='ocrx_word' id='word_1_98' title='bbox 540 1201 859 1247; x_wconf 88' lang='lat' dir='ltr'>Demosthenem</span> <span class='ocrx_word' id='word_1_99' title='bbox 890 1203 1016 1245; x_wconf 85' lang='lat' dir='ltr'>facile</span> <span class='ocrx_word' id='word_1_100' title='bbox 1047 1204 1216 1246; x_wconf 87' lang='lat' dir='ltr'>dixeris.</span> <span class='ocrx_word' id='word_1_101' title='bbox 1275 1202 1389 1245; x_wconf 92' lang='lat' dir='ltr'>Nihil</span> <span class='ocrx_word' id='word_1_102' title='bbox 1419 1209 1539 1246; x_wconf 86' lang='lat' dir='ltr'>acute</span> 
     </span>
     <span class='ocr_line' id='line_1_15' title="bbox 144 1281 1540 1339; baseline 0.002 -18"><span class='ocrx_word' id='word_1_103' title='bbox 144 1281 321 1322; x_wconf 89' lang='lat' dir='ltr'>inveniri</span> <span class='ocrx_word' id='word_1_104' title='bbox 350 1282 478 1336; x_wconf 90' lang='lat' dir='ltr'>potuit</span> <span class='ocrx_word' id='word_1_105' title='bbox 507 1281 551 1323; x_wconf 90' lang='lat' dir='ltr'>in</span> <span class='ocrx_word' id='word_1_106' title='bbox 581 1283 643 1324; x_wconf 90' lang='lat' dir='ltr'>eis</span> <span class='ocrx_word' id='word_1_107' title='bbox 675 1284 844 1331; x_wconf 83' lang='lat' dir='ltr'>causis,</span> <span class='ocrx_word' id='word_1_108' title='bbox 885 1295 988 1337; x_wconf 83' lang='lat' dir='ltr'>quas</span> <span class='ocrx_word' id='word_1_109' title='bbox 1020 1283 1208 1339; x_wconf 86' lang='lat' dir='ltr'>scripsit,</span> <span class='ocrx_word' id='word_1_110' title='bbox 1247 1281 1371 1332; x_wconf 90' lang='lat' dir='ltr'>nihil,</span> <span class='ocrx_word' id='word_1_111' title='bbox 1409 1288 1450 1324; x_wconf 94' lang='lat' dir='ltr'>ut</span> <span class='ocrx_word' id='word_1_112' title='bbox 1480 1282 1540 1324; x_wconf 86' lang='lat' dir='ltr'>ita</span> 
     </span>
     <span class='ocr_line' id='line_1_16' title="bbox 146 1358 1539 1416; baseline 0.001 -16"><span class='ocrx_word' id='word_1_113' title='bbox 146 1359 299 1408; x_wconf 81' lang='lat' dir='ltr'>dicam,</span> <span class='ocrx_word' id='word_1_114' title='bbox 332 1358 525 1410; x_wconf 87' lang='lat' dir='ltr'>subdole,</span> <span class='ocrx_word' id='word_1_115' title='bbox 557 1360 660 1402; x_wconf 89' lang='lat' dir='ltr'>nihil</span> <span class='ocrx_word' id='word_1_116' title='bbox 685 1367 870 1411; x_wconf 86' lang='lat' dir='ltr'>versute,</span> <span class='ocrx_word' id='word_1_117' title='bbox 901 1361 1010 1416; x_wconf 88' lang='lat' dir='ltr'>quod</span> <span class='ocrx_word' id='word_1_118' title='bbox 1035 1360 1107 1402; x_wconf 90' lang='lat' dir='ltr'>ille</span> <span class='ocrx_word' id='word_1_119' title='bbox 1129 1373 1213 1402; x_wconf 90' lang='lat' dir='ltr'>non</span> <span class='ocrx_word' id='word_1_120' title='bbox 1232 1360 1404 1411; x_wconf 88' lang='lat' dir='ltr'>viderit;</span> <span class='ocrx_word' id='word_1_121' title='bbox 1434 1359 1539 1402; x_wconf 91' lang='lat' dir='ltr'>nihil</span> 
     </span>
     <span class='ocr_line' id='line_1_17' title="bbox 146 1436 1538 1495; baseline 0.001 -17"><span class='ocrx_word' id='word_1_122' title='bbox 146 1436 352 1479; x_wconf 86' lang='lat' dir='ltr'>subtiIiter</span> <span class='ocrx_word' id='word_1_123' title='bbox 395 1436 498 1488; x_wconf 87' lang='lat' dir='ltr'>dici,</span> <span class='ocrx_word' id='word_1_124' title='bbox 548 1438 651 1480; x_wconf 91' lang='lat' dir='ltr'>nihil</span> <span class='ocrx_word' id='word_1_125' title='bbox 691 1451 856 1495; x_wconf 87' lang='lat' dir='ltr'>presse,</span> <span class='ocrx_word' id='word_1_126' title='bbox 905 1438 1009 1480; x_wconf 88' lang='lat' dir='ltr'>nihil</span> <span class='ocrx_word' id='word_1_127' title='bbox 1047 1438 1285 1488; x_wconf 87' lang='lat' dir='ltr'>enucleate,</span> <span class='ocrx_word' id='word_1_128' title='bbox 1331 1451 1410 1494; x_wconf 88' lang='lat' dir='ltr'>quo</span> <span class='ocrx_word' id='word_1_129' title='bbox 1447 1437 1538 1480; x_wconf 88' lang='lat' dir='ltr'>fieri</span> 
     </span>
     <span class='ocr_line' id='line_1_18' title="bbox 143 1516 1538 1571; baseline 0.001 -14"><span class='ocrx_word' id='word_1_130' title='bbox 143 1518 276 1571; x_wconf 90' lang='lat' dir='ltr'>possit</span> <span class='ocrx_word' id='word_1_131' title='bbox 306 1516 464 1571; x_wconf 87' lang='lat' dir='ltr'>aliquid</span> <span class='ocrx_word' id='word_1_132' title='bbox 493 1516 697 1567; x_wconf 81' lang='lat' dir='ltr'>limatius3</span> <span class='ocrx_word' id='word_1_133' title='bbox 734 1516 837 1558; x_wconf 88' lang='lat' dir='ltr'>nihil</span> <span class='ocrx_word' id='word_1_134' title='bbox 869 1523 1014 1559; x_wconf 84' lang='lat' dir='ltr'>contra</span> <span class='ocrx_word' id='word_1_135' title='bbox 1043 1516 1222 1571; x_wconf 80' lang='lat' dir='ltr'>grande,</span> <span class='ocrx_word' id='word_1_136' title='bbox 1253 1516 1357 1558; x_wconf 89' lang='lat' dir='ltr'>nihil</span> <span class='ocrx_word' id='word_1_137' title='bbox 1388 1517 1538 1559; x_wconf 82' lang='lat' dir='ltr'>incita-</span> 
     </span>
     <span class='ocr_line' id='line_1_19' title="bbox 143 1594 1537 1649; baseline 0 -14"><span class='ocrx_word' id='word_1_138' title='bbox 143 1601 246 1644; x_wconf 88' lang='lat' dir='ltr'>tum,</span> <span class='ocrx_word' id='word_1_139' title='bbox 283 1594 387 1636; x_wconf 92' lang='lat' dir='ltr'>nihil</span> <span class='ocrx_word' id='word_1_140' title='bbox 417 1601 603 1636; x_wconf 82' lang='lat' dir='ltr'>ornatum</span> <span class='ocrx_word' id='word_1_141' title='bbox 634 1594 701 1636; x_wconf 91' lang='lat' dir='ltr'>vel</span> <span class='ocrx_word' id='word_1_142' title='bbox 729 1594 948 1638; x_wconf 87' lang='lat' dir='ltr'>verborum</span> <span class='ocrx_word' id='word_1_143' title='bbox 977 1596 1182 1649; x_wconf 78' lang='lat' dir='ltr'>gravitate</span> <span class='ocrx_word' id='word_1_144' title='bbox 1214 1594 1280 1636; x_wconf 91' lang='lat' dir='ltr'>vel</span> <span class='ocrx_word' id='word_1_145' title='bbox 1311 1595 1537 1637; x_wconf 76' lang='lat' dir='ltr'>sententia-</span> 
     </span>
     <span class='ocr_line' id='line_1_20' title="bbox 142 1670 1536 1728; baseline 0.001 -16"><span class='ocrx_word' id='word_1_146' title='bbox 142 1684 249 1722; x_wconf 90' lang='lat' dir='ltr'>rum,</span> <span class='ocrx_word' id='word_1_147' title='bbox 295 1685 374 1727; x_wconf 86' lang='lat' dir='ltr'>quo</span> <span class='ocrx_word' id='word_1_148' title='bbox 416 1674 635 1728; x_wconf 85' lang='lat' dir='ltr'>quicquam</span> <span class='ocrx_word' id='word_1_149' title='bbox 672 1678 785 1715; x_wconf 88' lang='lat' dir='ltr'>esset</span> <span class='ocrx_word' id='word_1_150' title='bbox 821 1672 984 1714; x_wconf 89' lang='lat' dir='ltr'>elatius.</span> <span class='ocrx_word' id='word_1_151' title='bbox 1051 1672 1120 1714; x_wconf 84' lang='lat'>36.</span> <span class='ocrx_word' id='word_1_152' title='bbox 1158 1670 1265 1714; x_wconf 90' lang='lat' dir='ltr'>Huic</span> <span class='ocrx_word' id='word_1_153' title='bbox 1301 1670 1536 1727; x_wconf 84' lang='lat' dir='ltr'>Hyperides</span> 
     </span>
    </p>
   </div>
   <div class='ocr_carea' id='block_1_3' title="bbox 139 1790 1536 2008">
    <p class='ocr_par' dir='ltr' id='par_1_4' title="bbox 139 1790 1536 2008">
     <span class='ocr_line' id='line_1_21' title="bbox 142 1790 1536 1838; baseline 0 -12"><span class='ocrx_word' id='word_1_154' title='bbox 142 1803 233 1827; x_wconf 83' lang='lat' dir='ltr'>rum</span> <span class='ocrx_word' id='word_1_155' title='bbox 258 1796 392 1826; x_wconf 79' lang='lat' dir='ltr'>tamen</span> <span class='ocrx_word' id='word_1_156' title='bbox 410 1812 455 1818; x_wconf 93' lang='lat'>--</span> <span class='ocrx_word' id='word_1_157' title='bbox 472 1792 606 1837; x_wconf 79' lang='lat' dir='ltr'>fiebat]</span> <span class='ocrx_word' id='word_1_158' title='bbox 631 1793 683 1827; x_wconf 88' lang='lat' dir='ltr'>sic</span> <span class='ocrx_word' id='word_1_159' title='bbox 708 1792 764 1826; x_wconf 83' lang='lat' dir='ltr'>ed.</span> <span class='ocrx_word' id='word_1_160' title='bbox 787 1803 839 1837; x_wconf 84' lang='lat' dir='ltr'>pr.</span> <span class='ocrx_word' id='word_1_161' title='bbox 867 1797 903 1826; x_wconf 89' lang='lat' dir='ltr'>et</span> <span class='ocrx_word' id='word_1_162' title='bbox 923 1791 1041 1827; x_wconf 84' lang='lat' dir='ltr'>codd.-</span> <span class='ocrx_word' id='word_1_163' title='bbox 1056 1793 1239 1838; x_wconf 88' lang='lat' dir='ltr'>plerique,</span> <span class='ocrx_word' id='word_1_164' title='bbox 1263 1791 1329 1826; x_wconf 87' lang='lat' dir='ltr'>sed</span> <span class='ocrx_word' id='word_1_165' title='bbox 1353 1790 1389 1825; x_wconf 87' lang='lat' dir='ltr'>hi</span> <span class='ocrx_word' id='word_1_166' title='bbox 1414 1802 1536 1837; x_wconf 78' lang='lat' dir='ltr'>quam</span> 
     </span>
     <span class='ocr_line' id='line_1_22' title="bbox 140 1847 1534 1894; baseline 0.001 -11"><span class='ocrx_word' id='word_1_167' title='bbox 140 1850 294 1890; x_wconf 90' lang='lat' dir='ltr'>omisso,</span> <span class='ocrx_word' id='word_1_168' title='bbox 314 1849 411 1894; x_wconf 91' lang='lat' dir='ltr'>quod</span> <span class='ocrx_word' id='word_1_169' title='bbox 428 1849 509 1883; x_wconf 82' lang='lat' dir='ltr'>sola</span> <span class='ocrx_word' id='word_1_170' title='bbox 527 1849 582 1884; x_wconf 89' lang='lat' dir='ltr'>ed.</span> <span class='ocrx_word' id='word_1_171' title='bbox 598 1848 767 1894; x_wconf 88' lang='lat' dir='ltr'>princeps</span> <span class='ocrx_word' id='word_1_172' title='bbox 785 1847 914 1890; x_wconf 80' lang='lat' dir='ltr'>habet3</span> <span class='ocrx_word' id='word_1_173' title='bbox 937 1860 1031 1883; x_wconf 77' lang='lat' dir='ltr'>casu</span> <span class='ocrx_word' id='word_1_174' title='bbox 1046 1860 1166 1894; x_wconf 80' lang='lat' dir='ltr'>quam</span> <span class='ocrx_word' id='word_1_175' title='bbox 1184 1858 1375 1893; x_wconf 78' lang='lat' dir='ltr'>nonnunq.</span> <span class='ocrx_word' id='word_1_176' title='bbox 1395 1847 1461 1894; x_wconf 85' lang='lat' dir='ltr'>Lg.</span> <span class='ocrx_word' id='word_1_177' title='bbox 1476 1848 1534 1884; x_wconf 88' lang='grc'>68.</span> 
     </span>
     <span class='ocr_line' id='line_1_23' title="bbox 139 1903 1533 1950; baseline 0.001 -11"><span class='ocrx_word' id='word_1_178' title='bbox 139 1915 358 1949; x_wconf 61' lang='lat' dir='ltr'>nennium„</span> <span class='ocrx_word' id='word_1_179' title='bbox 396 1904 505 1940; x_wconf 76' lang='lat' dir='ltr'>haud</span> <span class='ocrx_word' id='word_1_180' title='bbox 536 1908 692 1941; x_wconf 76' lang='lat' dir='ltr'>ratione</span> <span class='ocrx_word' id='word_1_181' title='bbox 723 1906 858 1950; x_wconf 74' lang='lat' dir='ltr'>aliqua</span> <span class='ocrx_word' id='word_1_182' title='bbox 890 1910 963 1941; x_wconf 78' lang='lat' dir='ltr'>aut</span> <span class='ocrx_word' id='word_1_183' title='bbox 987 1905 1070 1940; x_wconf 84' lang='lat' dir='ltr'>ulla</span> <span class='ocrx_word' id='word_1_184' title='bbox 1101 1904 1247 1940; x_wconf 80' lang='lat' dir='ltr'>observ.</span> <span class='ocrx_word' id='word_1_185' title='bbox 1275 1903 1430 1940; x_wconf 89' lang='lat' dir='ltr'>Rufinus</span> <span class='ocrx_word' id='word_1_186' title='bbox 1455 1905 1477 1938; x_wconf 88' lang='lat' dir='ltr'>l.</span> <span class='ocrx_word' id='word_1_187' title='bbox 1501 1916 1533 1940; x_wconf 84' lang='lat' dir='ltr'>c.</span> 
     </span>
     <span class='ocr_line' id='line_1_24' title="bbox 139 1961 1064 2008; baseline 0 -11"><span class='ocrx_word' id='word_1_188' title='bbox 139 1961 354 2007; x_wconf 81' lang='lat' dir='ltr'>Nunquam</span> <span class='ocrx_word' id='word_1_189' title='bbox 379 1966 449 1996; x_wconf 78' lang='lat' dir='ltr'>aut</span> <span class='ocrx_word' id='word_1_190' title='bbox 474 1962 565 1999; x_wconf 88' lang='lat' dir='ltr'>coni.</span> <span class='ocrx_word' id='word_1_191' title='bbox 593 1962 728 2005; x_wconf 81' lang='lat' dir='ltr'>Peter,</span> <span class='ocrx_word' id='word_1_192' title='bbox 757 1962 847 1996; x_wconf 90' lang='lat' dir='ltr'>duro</span> <span class='ocrx_word' id='word_1_193' title='bbox 874 1962 1064 2008; x_wconf 81' lang='lat' dir='ltr'>asyndetO.</span> 
     </span>
    </p>
   </div>
   <div class='ocr_carea' id='block_1_4' title="bbox 139 2030 1534 2193">
    <p class='ocr_par' dir='ltr' id='par_1_5' title="bbox 139 2030 1534 2193">
     <span class='ocr_line' id='line_1_25' title="bbox 231 2030 1534 2080; baseline -0.002 -11"><span class='ocrx_word' id='word_1_194' title='bbox 231 2034 286 2070; x_wconf 86' lang='grc'>34.</span> <span class='ocrx_word' id='word_1_195' title='bbox 337 2035 568 2078; x_wconf 75' lang='lat' dir='ltr'>constricta]</span> <span class='ocrx_word' id='word_1_196' title='bbox 603 2039 827 2070; x_wconf 77' lang='lat' dir='ltr'>constructa</span> <span class='ocrx_word' id='word_1_197' title='bbox 859 2034 926 2080; x_wconf 84' lang='lat' dir='ltr'>Lg.</span> <span class='ocrx_word' id='word_1_198' title='bbox 952 2034 1008 2070; x_wconf 84' lang='lat'>20.</span> <span class='ocrx_word' id='word_1_199' title='bbox 1045 2033 1139 2069; x_wconf 88' lang='lat' dir='ltr'>Ven.</span> <span class='ocrx_word' id='word_1_200' title='bbox 1167 2034 1198 2069; x_wconf 92' lang='lat' dir='ltr'>l.</span> <span class='ocrx_word' id='word_1_201' title='bbox 1248 2030 1378 2069; x_wconf 79' lang='lat' dir='ltr'>Oratio</span> <span class='ocrx_word' id='word_1_202' title='bbox 1403 2033 1534 2068; x_wconf 86' lang='lat' dir='ltr'>dicitur</span> 
     </span>
     <span class='ocr_line' id='line_1_26' title="bbox 140 2089 1532 2136; baseline -0.002 -10"><span class='ocrx_word' id='word_1_203' title='bbox 140 2095 292 2126; x_wconf 77' lang='lat' dir='ltr'>structa</span> <span class='ocrx_word' id='word_1_204' title='bbox 316 2091 339 2125; x_wconf 92' lang='lat' dir='ltr'>i.</span> <span class='ocrx_word' id='word_1_205' title='bbox 366 2102 397 2125; x_wconf 90' lang='lat' dir='ltr'>e.</span> <span class='ocrx_word' id='word_1_206' title='bbox 422 2102 612 2125; x_wconf 86' lang='lat' dir='ltr'>numerose</span> <span class='ocrx_word' id='word_1_207' title='bbox 637 2092 858 2136; x_wconf 86' lang='lat' dir='ltr'>composita,</span> <span class='ocrx_word' id='word_1_208' title='bbox 887 2090 953 2124; x_wconf 89' lang='lat' dir='ltr'>sed</span> <span class='ocrx_word' id='word_1_209' title='bbox 973 2102 1042 2124; x_wconf 88' lang='lat' dir='ltr'>nec</span> <span class='ocrx_word' id='word_1_210' title='bbox 1066 2094 1292 2125; x_wconf 76' lang='lat' dir='ltr'>constructa</span> <span class='ocrx_word' id='word_1_211' title='bbox 1316 2100 1384 2123; x_wconf 91' lang='lat' dir='ltr'>nec</span> <span class='ocrx_word' id='word_1_212' title='bbox 1407 2089 1532 2124; x_wconf 86' lang='lat' dir='ltr'>addito</span> 
     </span>
     <span class='ocr_line' id='line_1_27' title="bbox 139 2144 1374 2193; baseline -0.002 -12"><span class='ocrx_word' id='word_1_213' title='bbox 139 2146 277 2181; x_wconf 81' lang='lat' dir='ltr'>verbis.</span> <span class='ocrx_word' id='word_1_214' title='bbox 330 2149 633 2193; x_wconf 77' lang='lat' dir='ltr'>circumscripta</span> <span class='ocrx_word' id='word_1_215' title='bbox 657 2146 725 2180; x_wconf 90' lang='lat' dir='ltr'>Gu.</span> <span class='ocrx_word' id='word_1_216' title='bbox 753 2146 783 2181; x_wconf 91' lang='lat' dir='ltr'>l.</span> <span class='ocrx_word' id='word_1_217' title='bbox 811 2166 852 2171; x_wconf 94' lang='lat'><strong>—</strong></span> <span class='ocrx_word' id='word_1_218' title='bbox 892 2145 1024 2190; x_wconf 80' lang='lat' dir='ltr'>defici]</span> <span class='ocrx_word' id='word_1_219' title='bbox 1051 2145 1215 2189; x_wconf 81' lang='lat' dir='ltr'>deficere</span> <span class='ocrx_word' id='word_1_220' title='bbox 1237 2144 1294 2178; x_wconf 87' lang='lat' dir='ltr'>ed.</span> <span class='ocrx_word' id='word_1_221' title='bbox 1318 2155 1374 2189; x_wconf 88' lang='lat' dir='ltr'>pr.</span> 
     </span>
    </p>
   </div>
   <div class='ocr_carea' id='block_1_5' title="bbox 136 2225 1534 2723">
    <p class='ocr_par' dir='ltr' id='par_1_6' title="bbox 136 2225 1534 2723">
     <span class='ocr_line' id='line_1_28' title="bbox 232 2225 1534 2275; baseline -0.002 -12"><span class='ocrx_word' id='word_1_222' title='bbox 232 2229 295 2263; x_wconf 88' lang='lat' dir='ltr'>IX.</span> <span class='ocrx_word' id='word_1_223' title='bbox 343 2229 399 2263; x_wconf 87' lang='lat'>35.</span> <span class='ocrx_word' id='word_1_224' title='bbox 442 2229 589 2275; x_wconf 78' lang='lat' dir='ltr'>prope]</span> <span class='ocrx_word' id='word_1_225' title='bbox 628 2239 695 2262; x_wconf 91' lang='lat' dir='ltr'>om.</span> <span class='ocrx_word' id='word_1_226' title='bbox 732 2227 798 2274; x_wconf 84' lang='lat' dir='ltr'>Lg.</span> <span class='ocrx_word' id='word_1_227' title='bbox 824 2228 879 2262; x_wconf 86' lang='lat'>70.</span> <span class='ocrx_word' id='word_1_228' title='bbox 904 2247 949 2253; x_wconf 92' lang='lat'><strong>—</strong></span> <span class='ocrx_word' id='word_1_229' title='bbox 992 2231 1030 2261; x_wconf 81' lang='lat' dir='ltr'>et</span> <span class='ocrx_word' id='word_1_230' title='bbox 1064 2229 1161 2272; x_wconf 78' lang='lat' dir='ltr'>quoi</span> <span class='ocrx_word' id='word_1_231' title='bbox 1192 2225 1297 2261; x_wconf 72' lang='lat' dir='ltr'>nihil</span> <span class='ocrx_word' id='word_1_232' title='bbox 1324 2226 1441 2270; x_wconf 77' lang='lat' dir='ltr'>desit]</span> <span class='ocrx_word' id='word_1_233' title='bbox 1479 2226 1534 2261; x_wconf 83' lang='lat' dir='ltr'>sie</span> 
     </span>
     <span class='ocr_line' id='line_1_29' title="bbox 139 2282 1530 2330; baseline -0.002 -10"><span class='ocrx_word' id='word_1_234' title='bbox 139 2286 305 2320; x_wconf 89' lang='lat' dir='ltr'>distincte</span> <span class='ocrx_word' id='word_1_235' title='bbox 335 2284 400 2330; x_wconf 85' lang='lat' dir='ltr'>Lg.</span> <span class='ocrx_word' id='word_1_236' title='bbox 422 2285 478 2319; x_wconf 88' lang='lat'>35.</span> <span class='ocrx_word' id='word_1_237' title='bbox 503 2285 557 2319; x_wconf 83' lang='lat'>58.</span> <span class='ocrx_word' id='word_1_238' title='bbox 584 2284 638 2318; x_wconf 91' lang='grc'>70.</span> <span class='ocrx_word' id='word_1_239' title='bbox 672 2284 801 2318; x_wconf 88' lang='lat' dir='ltr'>eodem</span> <span class='ocrx_word' id='word_1_240' title='bbox 832 2283 926 2318; x_wconf 84' lang='lat' dir='ltr'>redit</span> <span class='ocrx_word' id='word_1_241' title='bbox 952 2287 990 2317; x_wconf 82' lang='lat' dir='ltr'>et</span> <span class='ocrx_word' id='word_1_242' title='bbox 1014 2294 1087 2328; x_wconf 82' lang='lat' dir='ltr'>quo</span> <span class='ocrx_word' id='word_1_243' title='bbox 1112 2283 1147 2318; x_wconf 88' lang='lat' dir='ltr'>in</span> <span class='ocrx_word' id='word_1_244' title='bbox 1173 2282 1205 2317; x_wconf 87' lang='grc'>8.</span> <span class='ocrx_word' id='word_1_245' title='bbox 1231 2282 1285 2318; x_wconf 86' lang='grc'>39.</span> <span class='ocrx_word' id='word_1_246' title='bbox 1313 2283 1367 2317; x_wconf 85' lang='lat'>51.</span> <span class='ocrx_word' id='word_1_247' title='bbox 1396 2282 1449 2317; x_wconf 87' lang='grc'>56.</span> <span class='ocrx_word' id='word_1_248' title='bbox 1473 2283 1530 2318; x_wconf 88' lang='grc'>68.</span> 
     </span>
     <span class='ocr_line' id='line_1_30' title="bbox 138 2337 1531 2386; baseline -0.002 -10"><span class='ocrx_word' id='word_1_249' title='bbox 138 2341 218 2376; x_wconf 87' lang='lat' dir='ltr'>Hoc</span> <span class='ocrx_word' id='word_1_250' title='bbox 248 2353 321 2376; x_wconf 88' lang='lat' dir='ltr'>non</span> <span class='ocrx_word' id='word_1_251' title='bbox 345 2340 587 2386; x_wconf 87' lang='lat' dir='ltr'>intelligentes</span> <span class='ocrx_word' id='word_1_252' title='bbox 615 2346 854 2375; x_wconf 76' lang='lat' dir='ltr'>correxerunt</span> <span class='ocrx_word' id='word_1_253' title='bbox 880 2342 921 2374; x_wconf 83' lang='lat' dir='ltr'>in</span> <span class='ocrx_word' id='word_1_254' title='bbox 946 2351 1042 2385; x_wconf 81' lang='lat' dir='ltr'>quo,</span> <span class='ocrx_word' id='word_1_255' title='bbox 1074 2345 1113 2374; x_wconf 91' lang='lat' dir='ltr'>ut</span> <span class='ocrx_word' id='word_1_256' title='bbox 1140 2337 1387 2381; x_wconf 90' lang='lat' dir='ltr'>Omnibonus,</span> <span class='ocrx_word' id='word_1_257' title='bbox 1424 2350 1531 2384; x_wconf 87' lang='lat' dir='ltr'>quem</span> 
     </span>
     <span class='ocr_line' id='line_1_31' title="bbox 137 2394 1529 2443; baseline -0.002 -11"><span class='ocrx_word' id='word_1_258' title='bbox 137 2399 300 2443; x_wconf 89' lang='lat' dir='ltr'>sequitur</span> <span class='ocrx_word' id='word_1_259' title='bbox 324 2395 558 2438; x_wconf 74' lang='lat' dir='ltr'>Schuetzi1153</span> <span class='ocrx_word' id='word_1_260' title='bbox 591 2407 637 2430; x_wconf 84' lang='lat' dir='ltr'>ex</span> <span class='ocrx_word' id='word_1_261' title='bbox 668 2396 858 2431; x_wconf 80' lang='lat' dir='ltr'>coniuncta</span> <span class='ocrx_word' id='word_1_262' title='bbox 882 2402 1034 2440; x_wconf 82' lang='lat' dir='ltr'>utroque</span> <span class='ocrx_word' id='word_1_263' title='bbox 1058 2396 1237 2441; x_wconf 86' lang='lat' dir='ltr'>scriptura</span> <span class='ocrx_word' id='word_1_264' title='bbox 1257 2394 1360 2429; x_wconf 81' lang='lat' dir='ltr'>fluxit</span> <span class='ocrx_word' id='word_1_265' title='bbox 1393 2397 1458 2429; x_wconf 82' lang='lat' dir='ltr'>cui</span> <span class='ocrx_word' id='word_1_266' title='bbox 1488 2397 1529 2429; x_wconf 80' lang='lat' dir='ltr'>in</span> 
     </span>
     <span class='ocr_line' id='line_1_32' title="bbox 140 2450 1527 2499; baseline -0.001 -12"><span class='ocrx_word' id='word_1_267' title='bbox 140 2465 218 2499; x_wconf 85' lang='lat' dir='ltr'>quo</span> <span class='ocrx_word' id='word_1_268' title='bbox 250 2453 348 2498; x_wconf 89' lang='lat' dir='ltr'>apud</span> <span class='ocrx_word' id='word_1_269' title='bbox 378 2453 464 2486; x_wconf 84' lang='lat' dir='ltr'>Par.</span> <span class='ocrx_word' id='word_1_270' title='bbox 489 2452 538 2486; x_wconf 87' lang='lat' dir='ltr'>D.</span> <span class='ocrx_word' id='word_1_271' title='bbox 563 2452 629 2487; x_wconf 89' lang='lat' dir='ltr'>Gu.</span> <span class='ocrx_word' id='word_1_272' title='bbox 656 2453 705 2494; x_wconf 89' lang='lat'>1.,</span> <span class='ocrx_word' id='word_1_273' title='bbox 741 2463 822 2486; x_wconf 88' lang='lat' dir='ltr'>nam</span> <span class='ocrx_word' id='word_1_274' title='bbox 855 2452 900 2486; x_wconf 87' lang='lat' dir='ltr'>de</span> <span class='ocrx_word' id='word_1_275' title='bbox 936 2452 1006 2486; x_wconf 88' lang='lat' dir='ltr'>hoc</span> <span class='ocrx_word' id='word_1_276' title='bbox 1038 2451 1130 2486; x_wconf 82' lang='lat' dir='ltr'>salsa</span> <span class='ocrx_word' id='word_1_277' title='bbox 1163 2450 1281 2485; x_wconf 87' lang='lat' dir='ltr'>retulit</span> <span class='ocrx_word' id='word_1_278' title='bbox 1306 2450 1527 2485; x_wconf 85' lang='lat' dir='ltr'>Schuetzius.</span> 
     </span>
     <span class='ocr_line' id='line_1_33' title="bbox 143 2507 1526 2554; baseline -0.001 -12"><span class='ocrx_word' id='word_1_279' title='bbox 143 2508 314 2550; x_wconf 74' lang='lat' dir='ltr'>Quoius,</span> <span class='ocrx_word' id='word_1_280' title='bbox 340 2510 437 2554; x_wconf 79' lang='lat' dir='ltr'>quoi</span> <span class='ocrx_word' id='word_1_281' title='bbox 458 2509 616 2543; x_wconf 85' lang='lat' dir='ltr'>tenenda</span> <span class='ocrx_word' id='word_1_282' title='bbox 634 2508 880 2543; x_wconf 83' lang='lat' dir='ltr'>addicentibus</span> <span class='ocrx_word' id='word_1_283' title='bbox 903 2507 1008 2542; x_wconf 89' lang='lat' dir='ltr'>bonis</span> <span class='ocrx_word' id='word_1_284' title='bbox 1027 2507 1143 2549; x_wconf 87' lang='lat' dir='ltr'>libris;</span> <span class='ocrx_word' id='word_1_285' title='bbox 1170 2518 1215 2542; x_wconf 82' lang='lat' dir='ltr'>ea</span> <span class='ocrx_word' id='word_1_286' title='bbox 1235 2507 1329 2541; x_wconf 89' lang='lat' dir='ltr'>enim</span> <span class='ocrx_word' id='word_1_287' title='bbox 1353 2518 1425 2541; x_wconf 86' lang='lat' dir='ltr'>una</span> <span class='ocrx_word' id='word_1_288' title='bbox 1447 2517 1526 2541; x_wconf 89' lang='lat' dir='ltr'>cum</span> 
     </span>
     <span class='ocr_line' id='line_1_34' title="bbox 138 2562 1527 2610; baseline -0.001 -12"><span class='ocrx_word' id='word_1_289' title='bbox 138 2567 271 2605; x_wconf 80' lang='lat' dir='ltr'>cuius,</span> <span class='ocrx_word' id='word_1_290' title='bbox 305 2567 370 2600; x_wconf 80' lang='lat' dir='ltr'>cuz·</span> <span class='ocrx_word' id='word_1_291' title='bbox 393 2566 430 2599; x_wconf 90' lang='lat' dir='ltr'>in</span> <span class='ocrx_word' id='word_1_292' title='bbox 456 2575 520 2599; x_wconf 86' lang='lat' dir='ltr'>usu</span> <span class='ocrx_word' id='word_1_293' title='bbox 544 2564 710 2608; x_wconf 84' lang='lat' dir='ltr'>fuerunt,</span> <span class='ocrx_word' id='word_1_294' title='bbox 742 2571 781 2599; x_wconf 89' lang='lat' dir='ltr'>ut</span> <span class='ocrx_word' id='word_1_295' title='bbox 805 2576 926 2610; x_wconf 80' lang='lat' dir='ltr'>quom</span> <span class='ocrx_word' id='word_1_296' title='bbox 949 2567 983 2599; x_wconf 73' lang='lat'>3:</span> <span class='ocrx_word' id='word_1_297' title='bbox 1010 2575 1110 2600; x_wconf 80' lang='lat' dir='ltr'>cum.</span> <span class='ocrx_word' id='word_1_298' title='bbox 1131 2583 1178 2589; x_wconf 86' lang='lat'>—</span> <span class='ocrx_word' id='word_1_299' title='bbox 1211 2564 1438 2609; x_wconf 80' lang='lat' dir='ltr'>quicquam]</span> <span class='ocrx_word' id='word_1_300' title='bbox 1474 2562 1527 2597; x_wconf 86' lang='lat' dir='ltr'>sic</span> 
     </span>
     <span class='ocr_line' id='line_1_35' title="bbox 136 2617 1522 2666; baseline 0.001 -11"><span class='ocrx_word' id='word_1_301' title='bbox 136 2621 208 2655; x_wconf 88' lang='lat' dir='ltr'>mei</span> <span class='ocrx_word' id='word_1_302' title='bbox 241 2631 366 2655; x_wconf 88' lang='lat' dir='ltr'>omues</span> <span class='ocrx_word' id='word_1_303' title='bbox 396 2626 541 2666; x_wconf 88' lang='lat' dir='ltr'>praeter</span> <span class='ocrx_word' id='word_1_304' title='bbox 571 2621 663 2657; x_wconf 91' lang='lat' dir='ltr'>Ven.</span> <span class='ocrx_word' id='word_1_305' title='bbox 686 2622 719 2656; x_wconf 77' lang='lat'>2.</span> <span class='ocrx_word' id='word_1_306' title='bbox 753 2621 836 2657; x_wconf 82' lang='lat' dir='ltr'>Vat.</span> <span class='ocrx_word' id='word_1_307' title='bbox 876 2620 944 2656; x_wconf 91' lang='lat' dir='ltr'>Gu.</span> <span class='ocrx_word' id='word_1_308' title='bbox 971 2621 1019 2663; x_wconf 83' lang='lat' dir='ltr'>l.;</span> <span class='ocrx_word' id='word_1_309' title='bbox 1052 2632 1088 2656; x_wconf 91' lang='lat' dir='ltr'>v.</span> <span class='ocrx_word' id='word_1_310' title='bbox 1114 2620 1155 2655; x_wconf 88' lang='lat' dir='ltr'>C.</span> <span class='ocrx_word' id='word_1_311' title='bbox 1180 2620 1240 2656; x_wconf 86' lang='lat' dir='ltr'>Cr.</span> <span class='ocrx_word' id='word_1_312' title='bbox 1272 2621 1309 2655; x_wconf 92' lang='lat' dir='ltr'>in</span> <span class='ocrx_word' id='word_1_313' title='bbox 1333 2619 1380 2654; x_wconf 89' lang='lat' dir='ltr'>de</span> <span class='ocrx_word' id='word_1_314' title='bbox 1404 2617 1471 2655; x_wconf 87' lang='lat' dir='ltr'>Or.</span> <span class='ocrx_word' id='word_1_315' title='bbox 1495 2617 1522 2657; x_wconf 89' lang='lat'>1.</span> 
     </span>
     <span class='ocr_line' id='line_1_36' title="bbox 137 2675 1410 2723; baseline 0.002 -12"><span class='ocrx_word' id='word_1_316' title='bbox 137 2675 178 2720; x_wconf 82' lang='lat'>8,</span> <span class='ocrx_word' id='word_1_317' title='bbox 201 2675 258 2713; x_wconf 88' lang='grc'>30.</span> <span class='ocrx_word' id='word_1_318' title='bbox 281 2695 327 2704; x_wconf 90' lang='grc'>--</span> <span class='ocrx_word' id='word_1_319' title='bbox 361 2677 515 2722; x_wconf 78' lang='lat' dir='ltr'>elatius]</span> <span class='ocrx_word' id='word_1_320' title='bbox 538 2677 684 2714; x_wconf 76' lang='lat' dir='ltr'>clarius</span> <span class='ocrx_word' id='word_1_321' title='bbox 708 2677 778 2714; x_wconf 91' lang='lat' dir='ltr'>Gu.</span> <span class='ocrx_word' id='word_1_322' title='bbox 806 2677 856 2721; x_wconf 92' lang='lat' dir='ltr'>l.,</span> <span class='ocrx_word' id='word_1_323' title='bbox 881 2682 999 2713; x_wconf 87' lang='lat' dir='ltr'>ortum</span> <span class='ocrx_word' id='word_1_324' title='bbox 1024 2688 1070 2713; x_wconf 84' lang='lat' dir='ltr'>ex</span> <span class='ocrx_word' id='word_1_325' title='bbox 1094 2676 1228 2723; x_wconf 86' lang='lat' dir='ltr'>scripto</span> <span class='ocrx_word' id='word_1_326' title='bbox 1251 2675 1410 2714; x_wconf 76' lang='lat' dir='ltr'>elacius.</span> 
     </span>
    </p>
   </div>
  </div>
 </body>
</html>
