1835 3126
339 230 472 275 ‘356
768 225 1308 270 EXPLICATIONES

348 342 504 382 Saturn.
541 338 568 377 1.
609 339 693 385 17.;
738 337 785 377 de
823 338 1045 378 Faunorum
1088 340 1259 380 oraculis
1297 340 1481 392 Meyerus
1522 343 1736 407 antestatur

346 407 590 456 Hartungum
620 405 677 442 die
705 404 880 453 Reliyion
909 405 972 441 der
999 407 1140 442 Rb'mer
1167 409 1193 443 t.
1223 406 1270 445 ΙΙ.
1300 418 1338 457 p.
1371 408 1463 446 186.

460 481 696 531 annumerat]
739 481 817 521 vim
858 481 969 521 verbi
1010 481 1110 520 bene
1154 483 1333 533 exposuit
1370 483 1598 536 Bernhardy
1639 484 1736 523 haec
1801 526 1803 530 ,

350 555 560 590 annotans:
590 547 820 598 „significat
850 553 897 587 ea
919 553 1114 588 structura
1142 547 1271 587 locum
1292 547 1517 588 inferiorem
1541 555 1576 589 et
1600 562 1736 590 secun-

348 616 519 663 darium,
551 625 663 666 quem
688 615 833 654 homini
856 615 1017 655 levioris
1042 615 1336 654 existimationis
1361 614 1616 654 concedimus.
1658 618 1737 657 Ita-

348 694 422 734 que
457 681 569 721 facili
604 693 726 733 opera
762 682 956 722 refellitur
993 687 1183 719 enumerat
1213 681 1297 720 edd.
1329 681 1436 732 vulg.
1465 688 1737 734 propagatum,

348 748 452 802 quod
490 747 539 787 ad
579 747 753 787 ordinem
784 754 820 788 et
848 749 1077 789 varietatem
1106 760 1236 788 rerum
1267 747 1448 787 similium
1475 760 1546 788 nec
1576 748 1738 789 diversis

347 815 536 867 gradibus
567 820 804 855 secretarum
834 816 1033 868 spectat.“
1089 815 1275 866 Meyerus
1306 814 1449 853 similia
1479 815 1658 867 exempla
1680 820 1739 855 at-

346 882 435 922 tulit
474 882 674 922 Ciceronis
712 894 751 935 p.
792 882 908 923 Rosc.
945 883 1028 923 Am.
1070 884 1142 931 32,
1173 882 1249 921 82:
1286 895 1350 931 eyo
1388 881 1553 929 forsitan
1589 887 1740 932 propter

346 949 620 986 vvivcltitudtnem
649 955 894 999 patronorum
923 952 963 987 in
989 963 1097 999 yreye
1126 961 1369 994 annumerer,
1401 953 1438 988 et
1466 948 1594 989 Ovidii
1618 948 1737 989 Trist.

347 1016 392 1057 V.
423 1017 469 1064 4,
501 1016 576 1054 20:
609 1028 649 1052 se
679 1029 820 1066 quoque
848 1019 887 1054 in
917 1017 1097 1066 exemplis
1127 1028 1375 1054 annumerare
1402 1015 1508 1054 solet.

459 1094 526 1132 76.
586 1093 805 1143 reliquisset]
830 1087 1136 1146 ὑπερβολικῶς
1162 1093 1321 1140 Cicer03
1346 1105 1422 1132 non
1447 1093 1546 1132 enim
1568 1092 1739 1145 reliquit,

348 1159 417 1199 sed
453 1170 547 1198 sane
575 1159 731 1199 brevius
771 1165 808 1198 et
840 1159 968 1198 multis
997 1155 1210 1199 Naevianis
1241 1159 1420 1199 admixtis
1449 1160 1631 1199 tractavit
1659 1161 1740 1199 An-

346 1226 429 1265 nali
466 1224 640 1277 septimo.
699 1224 746 1266 V.
782 1225 991 1263 Krausium
1030 1228 1141 1262 Rem.
1172 1228 1250 1263 Ltt.
1288 1239 1326 1277 p.
1354 1227 1420 1265 68.
1481 1226 1741 1266 Schneiderus

346 1293 511 1346 putabat
555 1290 747 1330 excidisse
789 1294 984 1329 intinctum.
1053 1290 1133 1331 Sed
1175 1292 1380 1342 relinquere
1423 1303 1495 1343 pro
1541 1293 1739 1331 omittendo

346 1360 494 1410 legitur
524 1359 639 1397 etiam
669 1369 700 1397 c.
731 1357 807 1406 45,
838 1358 940 1398 165:
981 1358 1049 1396 hoc
1079 1358 1158 1396 loco
1188 1360 1311 1407 ipsum
1342 1361 1548 1396 Domitium
1576 1372 1651 1397 non
1677 1372 1740 1397 re—

347 1427 488 1476 linquo.
537 1424 649 1466 Verr.
669 1426 808 1464 Aecus.
830 1425 896 1464 Ill.
916 1425 993 1473 44,
1016 1425 1116 1465 106:
1148 1424 1307 1462 audistis
1331 1425 1437 1471 haec,
1464 1426 1615 1471 iudices,
1645 1439 1739 1476 quae

346 1506 445 1531 nunc
485 1506 550 1542 eye
592 1495 719 1530 omnia
757 1498 948 1543 praetereo
989 1497 1023 1529 et
1062 1492 1242 1542 relinquo.
1301 1492 1417 1533 Prov.
1458 1491 1568 1533 COSS.
1607 1495 1653 1544 2,
1692 1493 1738 1532 4:

347 1559 476 1598 caedes
502 1560 690 1609 relinquo,
723 1559 893 1597 libidines
921 1564 1124 1609 praetereo.

461 1639 529 1677 77.
587 1640 630 1674 Ρ.
668 1637 864 1687 Lentulus]
911 1642 1167 1689 cognomento
1207 1637 1421 1686 Caudinus,
1467 1648 1545 1676 cos.
1591 1649 1627 1676 a.
1656 1637 1739 1677 518

348 1716 442 1744 sane
463 1704 583 1754 longe
609 1704 748 1743 ceteris
779 1710 937 1757 praeter
961 1705 1007 1754 Q.
1025 1705 1242 1745 Maximum
1267 1705 1484 1757 antiquior,
1516 1709 1552 1743 et
1574 1705 1739 1743 maxime
1800 1701 1803 1714 '

347 1772 391 1811 P.
426 1771 592 1818 Crasso,
631 1771 697 1822 qui
733 1771 783 1810 ad
818 1785 1002 1812 summum
1039 1773 1309 1824 magistratum
1346 1783 1447 1811 anno
1478 1771 1627 1812 demum
1655 1772 1739 1812 549
1800 1777 1802 1785 '

346 1837 541 1889 pervenit:
576 1837 661 1876 Liv.
692 1838 820 1877 XXX.
855 1841 890 1878 1.

459 1915 618 1952 historia
656 1915 839 1964 quaedam
878 1916 1038 1965 Graeca]
1079 1928 1156 1955 non
1192 1927 1289 1967 opus
1321 1916 1461 1956 Orellii
1501 1916 1737 1964 coniectura,

347 1993 463 2034 quam
490 1981 575 2033 ipse
598 1985 738 2032 postea
762 1980 949 2029 deseruit,
982 1984 1143 2031 Graece3
1175 1982 1267 2033 quin
1289 1982 1453 2021 molesta
1477 1982 1549 2021 illa
1577 1988 1739 2034 propter

346 2048 422 2088 duo
469 2046 656 2088 adverbia
700 2053 958 2096 coacervata,
1009 2050 1149 2086 Graece
1194 2053 1231 2087 et
1274 2048 1495 2086 dulcissime.
1563 2049 1739 2088 Historia

350 2117 498 2152 Graeca
528 2118 585 2153 est
615 2113 763 2153 Graece
794 2114 959 2166 scripta,
1000 2125 1113 2166 quem
1142 2125 1287 2154 morem
1318 2114 1358 2153 in
1388 2114 1592 2154 narrandis
1621 2116 1737 2155 rebus
1799 2134 1801 2174 ᾗ

345 2180 533 2222 Romanis
578 2180 694 2220 etiam
736 2180 881 2220 Fabius
924 2181 1057 2221 Pictor
1091 2181 1138 2221 A.
1174 2180 1338 2221 Albinus
1382 2181 1530 2221 Acilius
1576 2182 1737 2223 Glabrio

344 2252 561 2288 tenuerunt.
617 2248 677 2287 lta
705 2248 746 2286 in
775 2247 1009 2287 Tusculanis
1040 2247 1136 2288 dixit
1163 2248 1208 2290 V.
1235 2248 1308 2297 38,
1335 2249 1434 2288 112:
1469 2249 1534 2286 Gn.
1561 2248 1737 2297 Aufidius

349 2316 534 2353 Graecam
562 2314 745 2352 scribebat
773 2315 981 2354 historiam.
1799 2313 1801 2320 ’

456 2392 546 2432 ΧΧ.
604 2394 671 2433 78.
728 2407 952 2445 numeroque
985 2362 1123 2443 eodeln]
1164 2393 1211 2434 de
1240 2394 1436 2435 locutione
1466 2407 1501 2435 v.
1532 2393 1663 2447 Expll.
1695 2395 1735 2434 in
1798 2369 1801 2459 Ξ

344 2458 393 2499 de
423 2460 490 2500 Or.
520 2459 587 2499 ΙΙΙ.
618 2462 665 2509 9,
693 2461 758 2500 33.

459 2539 548 2575 Sex.
572 2538 716 2588 Aelius]
751 2539 866 2577 Catus
893 2538 1141 2589 cognomine,
1175 2551 1253 2580 eos.
1279 2553 1315 2581 a.
1339 2540 1433 2581 556.
1483 2539 1626 2579 Libros
1652 2538 1735 2578 eius

344 2604 392 2644 de
431 2604 516 2644 iure
555 2605 708 2645 nomine
750 2608 1037 2656 Tripertitorum
1074 2605 1283 2659 inscriptos
1325 2606 1463 2646 laudat
1498 2605 1734 2658 Pomponius

345 2670 393 2711 de
423 2671 533 2722 Orig.
563 2671 641 2712 Iur.
683 2684 717 2712 c.
743 2674 779 2712 3.
792 2684 803 2719 3
844 2672 987 2725 quippe
1023 2671 1105 2723 legi
1143 2673 1346 2714 duodecim
1383 2673 1602 2713 tabularum
1641 2672 1733 2712 sub·
1798 2674 1818 2705 l,

343 2738 578 2790 iungebatur
616 2740 886 2794 interpretatio
928 2744 965 2780 et
1007 2739 1109 2781 actio
1149 2740 1263 2794 legis.
1323 2742 1366 2782 In
1404 2739 1652 2794 sequentihus
1689 2739 1734 2776 de
1798 2717 1817 2782 {⁴³
