1835 3126
277 197 384 240 122
797 192 1142 237 CICERONIS

276 318 372 347 nam
411 308 533 344 antea
569 302 772 344 neminem
816 304 981 346 solitum
1008 306 1079 347 via
1107 319 1185 348 nec
1216 310 1324 355 arte,
1365 305 1439 346 sed
1467 309 1660 346 accurate

275 389 412 423 tamen
451 386 491 422 et
528 380 577 422 de
617 381 767 436 scripto
795 381 1015 436 plerosque
1046 383 1206 434 dicere3
1245 384 1500 439 scriptasque
1531 381 1661 423 fuisse

276 466 314 501 et
360 464 529 515 paratas
575 471 601 499 a
635 457 868 512 Protagora
909 472 1047 500 rerum
1089 459 1307 502 illustrium
1349 461 1661 516 disputationes,

276 550 381 592 quae
419 550 526 578 nunc
565 549 800 578 communes
841 536 1100 592 appellantur
1133 537 1233 590 loci.
1298 537 1365 579 47.
1407 538 1514 593 quod
1553 537 1662 579 idem

275 615 427 656 secisse
461 613 680 668 Gorgiam,
722 627 813 656 cum
852 614 1107 668 singularum
1146 627 1282 656 rerum
1321 615 1468 656 laudes
1505 617 1663 670 vitupe-

275 695 539 748 rationesque
580 693 924 748 conscripsisset3
972 692 1080 747 quod
1123 692 1326 734 iudicaret
1363 691 1443 734 hoc
1485 693 1662 734 oratoris

276 785 370 813 esse
408 784 594 813 maxume
633 771 839 826 proprium
878 783 965 811 rem
1003 783 1156 825 augere
1196 783 1319 825 posse
1357 769 1567 811 laudando
1602 770 1665 811 vi-

276 849 582 905 tuperandoque
618 862 761 890 rursus
799 847 1002 902 affligere.
1060 847 1156 890 huic
1186 847 1475 904 Antiphontem
1511 846 1665 888 Rham-

274 929 437 969 nusium
464 927 618 968 similia
635 926 837 982 quaedam
860 925 1058 967 habuisse
1080 927 1332 982 conscripta3
1360 939 1439 980 quo
1461 926 1664 966 neminem

275 1019 452 1060 unquam
491 1005 638 1046 melius
677 1004 803 1046 ullam
844 1005 1032 1046 oravisse
1073 1005 1219 1059 capitis
1258 1017 1449 1053 causam,
1490 1016 1580 1045 cum
1617 1015 1663 1044 se

274 1084 363 1138 ipse
395 1083 655 1132 defenderet,
688 1096 732 1123 se
765 1082 955 1123 audiente
979 1082 1165 1137 locuples
1195 1088 1337 1124 auctor
1361 1083 1524 1138 scripsit
1551 1079 1665 1121 Thu-

276 1160 459 1214 cydides.
518 1159 585 1201 43.
623 1172 716 1200 nam
749 1158 921 1212 Lysiam
960 1161 1090 1214 primo
1125 1159 1304 1214 profiteri
1337 1160 1502 1201 solitum
1535 1165 1663 1200 artem

275 1251 370 1280 esse
403 1238 586 1285 dicendi3
615 1237 787 1287 deinde,
820 1236 927 1292 quod
955 1236 1201 1279 Theodorus
1233 1243 1345 1279 esset
1374 1238 1416 1279 in
1447 1243 1533 1278 arte
1565 1235 1667 1278 sub-

273 1317 406 1366 tilior,
448 1317 489 1358 iu
520 1316 774 1358 orationibus
808 1322 942 1357 autem
972 1316 1172 1365 ieiunior,
1203 1316 1412 1357 orationes
1444 1329 1535 1357 eum
1561 1315 1664 1356 scri-

243 1393 372 1436 ‘bere
405 1394 500 1435 aliis
532 1396 743 1449 coepisse,
775 1400 903 1435 artem
932 1395 1174 1436 removisse.
1222 1393 1411 1435 similiter
1439 1392 1663 1434 Isocratem

273 1473 404 1527 primo
437 1478 564 1513 artem
595 1471 760 1513 dicendi
790 1484 885 1513 esse
915 1473 1162 1525 negavisse,
1194 1470 1377 1513 scribere
1405 1477 1538 1512 autem
1567 1469 1663 1512 aliis

275 1550 440 1593 solitum
470 1551 704 1601 orationes,
743 1549 890 1605 quibus
922 1551 964 1591 in
993 1550 1159 1591 iudiciis
1189 1555 1418 1600 ute-rentum
1449 1549 1541 1598 sed,
1572 1562 1662 1591 cum

274 1642 325 1670 ex
362 1642 432 1678 eo,
471 1630 568 1684 quia
609 1629 730 1683 quasi
769 1630 1037 1671 committeret
1079 1620 1223 1671 contra
1262 1627 1418 1682 legem,
1459 1641 1538 1682 quo
1570 1628 1662 1683 quis

273 1706 426 1748 iudicio
453 1708 834 1756 circumveniretur,
866 1719 992 1762 saepe
1024 1707 1112 1762 ipse
1143 1708 1185 1748 in
1214 1705 1410 1747 iudicium
1432 1711 1662 1756 vocaretur,

274 1785 485 1826 orationes
525 1784 621 1825 aliis
663 1785 870 1826 destitisse
910 1783 1093 1826 scribere
1138 1790 1344 1840 totumque
1385 1797 1430 1826 se
1472 1785 1523 1826 ad
1562 1785 1663 1826 artis

273 1861 579 1917 componendas
609 1862 883 1903 transtulisse.

274 1995 365 2018 corr.
386 1988 421 2017 ut
439 1983 490 2025 8.,
517 1981 586 2017 Ox.
607 1984 662 2017 ed.
680 1995 732 2027 pr.
773 1982 874 2017 Gens
898 1984 1174 2018 controversiis
1193 1987 1288 2015 nata
1307 1983 1461 2016 coniecit
1479 1982 1662 2018 lacobsius

274 2040 479 2084 eleganter,
498 2039 564 2072 sed
582 2040 803 2083 improbatur
824 2051 845 2071 a.
860 2038 1124 2082 Bernhardyo,
1145 2038 1238 2081 quod
1260 2049 1363 2071 nemo
1386 2038 1503 2072 adime
1520 2040 1662 2074 Siculos

273 2101 401 2129 natura
424 2095 599 2139 litigiosos
623 2095 763 2128 dixerit.
802 2095 847 2127 At
867 2094 994 2127 Cicero
1019 2094 1069 2126 ita
1093 2093 1241 2134 iudicat,
1268 2094 1363 2137 quod
1389 2095 1563 2129 iudicialis
1589 2097 1662 2129 elo-

273 2151 419 2194 quentia
443 2150 539 2194 apud
566 2161 628 2183 eos
654 2155 736 2183 orta
760 2149 963 2183 dicebatur:
991 2160 1058 2182 nec
1082 2149 1173 2182 male
1198 2149 1284 2189 illis,
1310 2150 1368 2193 qui
1393 2152 1662 2186 controversias

273 2212 411 2247 amant,
433 2217 491 2239 res
516 2205 639 2239 deberi
659 2205 785 2239 (licitur
805 2207 839 2239 in
858 2205 1118 2239 controversiis
1138 2205 1360 2238 iudicialibus
1380 2206 1485 2240 utilis.
1516 2207 1663 2241 Schnei-

272 2262 380 2296 derus
405 2267 441 2295 et
468 2264 733 2296 controversia
754 2262 889 2296 delevit
914 2266 948 2295 et
973 2267 1056 2295 ante
1078 2261 1220 2305 scripsit
1245 2265 1524 2297 controversiis
1548 2268 1584 2297 et
1608 2266 1664 2299 iu-

273 2319 413 2353 diesim
438 2318 502 2352 sed
527 2318 697 2352 indictum
722 2318 865 2352 videtur
887 2329 971 2351 rem
998 2319 1261 2352 controversia
1287 2322 1471 2363 repetere.

364 2374 419 2407 47.
470 2377 641 2408 oratoris
662 2376 759 2418 esse]
782 2386 864 2408 esse
883 2385 951 2407 om.
970 2373 1176 2409 Lambinus.
1191 2394 1236 2398 —-
1259 2375 1460 2417 maxume]
1478 2374 1544 2420 Lg.
1558 2375 1591 2409 8.
1605 2375 1660 2411 51.

273 2430 364 2464 Ven.
394 2430 423 2463 l.
459 2442 527 2464 om.
553 2430 617 2475 Lg.
643 2431 698 2465 58.
722 2449 769 2456 —
802 2430 894 2465 huic
913 2430 1204 2476 Antiphontem]
1234 2430 1323 2464 hinc
1347 2429 1391 2464 Α.
1418 2430 1474 2464 ed.
1494 2442 1546 2475 pr.

362 2485 417 2518 48.
468 2491 593 2519 artem
619 2488 715 2530 esse]
741 2487 813 2521 inv.
839 2486 904 2532 Lg.
926 2486 978 2520 70.
1016 2498 1097 2520 esse
1123 2498 1191 2521 om.
1218 2487 1283 2531 Lg.
1303 2487 1359 2521 20.
1379 2506 1423 2510 —
1457 2498 1545 2520 eum
1567 2490 1660 2522 scri-

273 2542 417 2576 bere—
433 2543 620 2587 coepisse]
647 2554 790 2576 cum—
803 2545 997 2589 coepisset
1017 2542 1084 2576 (lu.
1103 2543 1131 2577 l.
1158 2543 1335 2587 scriptura.
1352 2543 1661 2577 memorabilis.—

273 2598 437 2640 iudicio]
465 2600 505 2631 in
526 2599 672 2633 iudz‘cz‘o
692 2599 758 2644 Lg.
777 2600 831 2634 20.
855 2599 911 2633 ed.
931 2609 982 2643 pr.
1006 2624 1028 2640 „
1038 2599 1365 2643 praepositionem,
1386 2610 1491 2643 quam
1508 2599 1661 2633 formula

274 2656 361 2699 legis
388 2654 625 2699 Semproniae
650 2656 783 2698 nescit,
809 2655 957 2690 consilio
982 2654 1125 2688 videtur
1151 2654 1281 2689 Cicero
1307 2655 1489 2698 omisisse,
1523 2665 1600 2688 cum
1624 2659 1660 2687 et

274 2713 315 2745 ἰη
334 2710 493 2747 iudiciis
515 2722 732 2757 praegresso
759 2714 799 2748 in
816 2712 1005 2748 iudicium
1027 2716 1198 2756 sequatur
1221 2722 1287 2746 nee
1311 2712 1425 2757 possit
1449 2710 1659 2755 ambiguitas
