<?xml version="1.0" encoding="UTF-8"?>
<!DOCTYPE html PUBLIC "-//W3C//DTD XHTML 1.0 Transitional//EN"
    "http://www.w3.org/TR/xhtml1/DTD/xhtml1-transitional.dtd">
<html xmlns="http://www.w3.org/1999/xhtml" xml:lang="en" lang="en">
 <head>
  <title>
</title>
<meta http-equiv="Content-Type" content="text/html;charset=utf-8" />
  <meta name='ocr-system' content='tesseract 3.04.00' />
  <meta name='ocr-capabilities' content='ocr_page ocr_carea ocr_par ocr_line ocrx_word'/>
</head>
<body>
  <div class='ocr_page' id='page_1' title='image "./brutussivedeclar00ciceuoft/brutussivedeclar00ciceuoft_0292.png"; bbox 0 0 1835 3126; ppageno 0'>
   <div class='ocr_carea' id='block_1_1' title="bbox 301 157 1165 236">
    <p class='ocr_par' dir='ltr' id='par_1_1' title="bbox 301 157 1165 236">
     <span class='ocr_line' id='line_1_1' title="bbox 301 157 1165 236; baseline -0.006 0"><span class='ocrx_word' id='word_1_1' title='bbox 301 157 420 236; x_wconf 50' lang='grc' dir='ltr'>βω</span> <span class='ocrx_word' id='word_1_2' title='bbox 821 186 1165 232; x_wconf 82' lang='lat' dir='ltr'>CICERONIS</span> 
     </span>
    </p>
   </div>
   <div class='ocr_carea' id='block_1_2' title="bbox 294 295 1687 1832">
    <p class='ocr_par' dir='ltr' id='par_1_2' title="bbox 294 295 1687 1832">
     <span class='ocr_line' id='line_1_2' title="bbox 300 295 1685 355; baseline -0.001 -14"><span class='ocrx_word' id='word_1_3' title='bbox 300 298 459 341; x_wconf 89' lang='lat' dir='ltr'>solutus</span> <span class='ocrx_word' id='word_1_4' title='bbox 491 300 612 352; x_wconf 87' lang='lat' dir='ltr'>atque</span> <span class='ocrx_word' id='word_1_5' title='bbox 643 295 878 352; x_wconf 86' lang='lat' dir='ltr'>expeditus,</span> <span class='ocrx_word' id='word_1_6' title='bbox 917 299 984 341; x_wconf 93' lang='lat' dir='ltr'>cui</span> <span class='ocrx_word' id='word_1_7' title='bbox 1014 300 1050 339; x_wconf 91' lang='lat' dir='ltr'>si</span> <span class='ocrx_word' id='word_1_8' title='bbox 1077 301 1163 341; x_wconf 87' lang='lat' dir='ltr'>vita</span> <span class='ocrx_word' id='word_1_9' title='bbox 1193 298 1556 355; x_wconf 74' lang='lat' dir='ltr'>suppeditavisset,</span> <span class='ocrx_word' id='word_1_10' title='bbox 1587 296 1685 340; x_wconf 91' lang='lat' dir='ltr'>sub-</span> 
     </span>
     <span class='ocr_line' id='line_1_3' title="bbox 298 374 1686 431; baseline 0 -14"><span class='ocrx_word' id='word_1_11' title='bbox 298 376 384 417; x_wconf 83' lang='lat' dir='ltr'>lato</span> <span class='ocrx_word' id='word_1_12' title='bbox 430 374 584 417; x_wconf 88' lang='lat' dir='ltr'>ambitu</span> <span class='ocrx_word' id='word_1_13' title='bbox 627 374 773 416; x_wconf 89' lang='lat' dir='ltr'>consul</span> <span class='ocrx_word' id='word_1_14' title='bbox 816 374 950 416; x_wconf 89' lang='lat' dir='ltr'>factus</span> <span class='ocrx_word' id='word_1_15' title='bbox 998 381 1127 425; x_wconf 89' lang='lat' dir='ltr'>esset,</span> <span class='ocrx_word' id='word_1_16' title='bbox 1170 376 1261 431; x_wconf 91' lang='lat' dir='ltr'>plus</span> <span class='ocrx_word' id='word_1_17' title='bbox 1299 377 1507 420; x_wconf 80' lang='lat' dir='ltr'>facultatis</span> <span class='ocrx_word' id='word_1_18' title='bbox 1544 375 1686 418; x_wconf 88' lang='lat' dir='ltr'>habuit</span> 
     </span>
     <span class='ocr_line' id='line_1_4' title="bbox 300 452 1685 507; baseline -0.001 -12"><span class='ocrx_word' id='word_1_19' title='bbox 300 453 354 495; x_wconf 83' lang='lat' dir='ltr'>ad</span> <span class='ocrx_word' id='word_1_20' title='bbox 396 452 611 494; x_wconf 87' lang='lat' dir='ltr'>dicendum</span> <span class='ocrx_word' id='word_1_21' title='bbox 656 464 776 507; x_wconf 90' lang='lat' dir='ltr'>quam</span> <span class='ocrx_word' id='word_1_22' title='bbox 817 452 1053 495; x_wconf 78' lang='lat' dir='ltr'>voluntatis.</span> <span class='ocrx_word' id='word_1_23' title='bbox 1120 453 1257 507; x_wconf 90' lang='lat' dir='ltr'>itaque</span> <span class='ocrx_word' id='word_1_24' title='bbox 1298 455 1431 496; x_wconf 88' lang='lat' dir='ltr'>studio</span> <span class='ocrx_word' id='word_1_25' title='bbox 1467 455 1562 497; x_wconf 88' lang='lat' dir='ltr'>huic</span> <span class='ocrx_word' id='word_1_26' title='bbox 1603 467 1685 496; x_wconf 87' lang='lat' dir='ltr'>non</span> 
     </span>
     <span class='ocr_line' id='line_1_5' title="bbox 298 529 1684 580; baseline -0.001 -6"><span class='ocrx_word' id='word_1_27' title='bbox 298 531 522 580; x_wconf 78' lang='lat' dir='ltr'>satisfecit3</span> <span class='ocrx_word' id='word_1_28' title='bbox 554 529 690 572; x_wconf 85' lang='lat' dir='ltr'>officio</span> <span class='ocrx_word' id='word_1_29' title='bbox 712 543 810 572; x_wconf 88' lang='lat' dir='ltr'>vero</span> <span class='ocrx_word' id='word_1_30' title='bbox 834 543 911 572; x_wconf 90' lang='lat' dir='ltr'>nec</span> <span class='ocrx_word' id='word_1_31' title='bbox 935 531 977 571; x_wconf 92' lang='lat' dir='ltr'>in</span> <span class='ocrx_word' id='word_1_32' title='bbox 1003 542 1168 572; x_wconf 87' lang='lat' dir='ltr'>suorum</span> <span class='ocrx_word' id='word_1_33' title='bbox 1189 534 1521 572; x_wconf 88' lang='lat' dir='ltr'>necessariorum</span> <span class='ocrx_word' id='word_1_34' title='bbox 1545 532 1684 574; x_wconf 88' lang='lat' dir='ltr'>causis</span> 
     </span>
     <span class='ocr_line' id='line_1_6' title="bbox 297 606 1666 652; baseline -0.001 0"><span class='ocrx_word' id='word_1_35' title='bbox 297 622 375 652; x_wconf 87' lang='lat' dir='ltr'>nec</span> <span class='ocrx_word' id='word_1_36' title='bbox 413 610 456 650; x_wconf 89' lang='lat' dir='ltr'>in</span> <span class='ocrx_word' id='word_1_37' title='bbox 490 609 694 650; x_wconf 89' lang='lat' dir='ltr'>sententia</span> <span class='ocrx_word' id='word_1_38' title='bbox 733 609 946 650; x_wconf 88' lang='lat' dir='ltr'>senatoria</span> <span class='ocrx_word' id='word_1_39' title='bbox 985 607 1124 649; x_wconf 87' lang='lat' dir='ltr'>defuit.</span> <span class='ocrx_word' id='word_1_40' title='bbox 1183 606 1279 649; x_wconf 80' lang='lat'><strong>246.</strong></span> <span class='ocrx_word' id='word_1_41' title='bbox 1319 606 1455 649; x_wconf 90' lang='lat' dir='ltr'>Etiam</span> <span class='ocrx_word' id='word_1_42' title='bbox 1485 607 1542 649; x_wconf 90' lang='lat' dir='ltr'>M.</span> <span class='ocrx_word' id='word_1_43' title='bbox 1576 608 1666 651; x_wconf 89' lang='lat' dir='ltr'>Pon</span> 
     </span>
     <span class='ocr_line' id='line_1_7' title="bbox 296 685 1685 742; baseline 0 -14"><span class='ocrx_word' id='word_1_44' title='bbox 296 686 421 729; x_wconf 83' lang='lat' dir='ltr'>tidius</span> <span class='ocrx_word' id='word_1_45' title='bbox 459 687 670 742; x_wconf 83' lang='lat' dir='ltr'>municeps</span> <span class='ocrx_word' id='word_1_46' title='bbox 716 692 858 728; x_wconf 88' lang='lat' dir='ltr'>noster</span> <span class='ocrx_word' id='word_1_47' title='bbox 893 685 1043 727; x_wconf 89' lang='lat' dir='ltr'>multas</span> <span class='ocrx_word' id='word_1_48' title='bbox 1080 686 1264 741; x_wconf 78' lang='lat' dir='ltr'>pr1vatas</span> <span class='ocrx_word' id='word_1_49' title='bbox 1302 698 1453 727; x_wconf 83' lang='lat' dir='ltr'>causas</span> <span class='ocrx_word' id='word_1_50' title='bbox 1492 687 1685 737; x_wconf 81' lang='lat' dir='ltr'>actitavit,</span> 
     </span>
     <span class='ocr_line' id='line_1_8' title="bbox 297 763 1685 807; baseline -0.001 0"><span class='ocrx_word' id='word_1_51' title='bbox 297 765 490 807; x_wconf 84' lang='lat' dir='ltr'>celeriter</span> <span class='ocrx_word' id='word_1_52' title='bbox 533 777 634 806; x_wconf 90' lang='lat' dir='ltr'>sane</span> <span class='ocrx_word' id='word_1_53' title='bbox 672 763 803 806; x_wconf 85' lang='lat' dir='ltr'>verba</span> <span class='ocrx_word' id='word_1_54' title='bbox 842 763 1015 806; x_wconf 87' lang='lat' dir='ltr'>volvens</span> <span class='ocrx_word' id='word_1_55' title='bbox 1062 777 1140 806; x_wconf 90' lang='lat' dir='ltr'>nec</span> <span class='ocrx_word' id='word_1_56' title='bbox 1180 763 1309 806; x_wconf 85' lang='lat' dir='ltr'>hebes</span> <span class='ocrx_word' id='word_1_57' title='bbox 1354 766 1397 805; x_wconf 88' lang='lat' dir='ltr'>in</span> <span class='ocrx_word' id='word_1_58' title='bbox 1437 765 1576 805; x_wconf 90' lang='lat' dir='ltr'>causis</span> <span class='ocrx_word' id='word_1_59' title='bbox 1615 763 1685 806; x_wconf 85' lang='lat' dir='ltr'>vel</span> 
     </span>
     <span class='ocr_line' id='line_1_9' title="bbox 299 841 1686 898; baseline -0.001 -13"><span class='ocrx_word' id='word_1_60' title='bbox 299 843 435 885; x_wconf 88' lang='lat' dir='ltr'>dicam</span> <span class='ocrx_word' id='word_1_61' title='bbox 470 842 562 898; x_wconf 91' lang='lat' dir='ltr'>plus</span> <span class='ocrx_word' id='word_1_62' title='bbox 602 843 726 884; x_wconf 89' lang='lat' dir='ltr'>etiam</span> <span class='ocrx_word' id='word_1_63' title='bbox 757 855 878 898; x_wconf 85' lang='lat' dir='ltr'>quam</span> <span class='ocrx_word' id='word_1_64' title='bbox 919 856 1002 884; x_wconf 88' lang='lat' dir='ltr'>non</span> <span class='ocrx_word' id='word_1_65' title='bbox 1033 841 1187 891; x_wconf 84' lang='lat' dir='ltr'>hebes,</span> <span class='ocrx_word' id='word_1_66' title='bbox 1229 841 1304 883; x_wconf 90' lang='lat' dir='ltr'>sed</span> <span class='ocrx_word' id='word_1_67' title='bbox 1335 841 1611 883; x_wconf 83' lang='lat' dir='ltr'>effervescens</span> <span class='ocrx_word' id='word_1_68' title='bbox 1642 842 1686 883; x_wconf 90' lang='lat' dir='ltr'>in</span> 
     </span>
     <span class='ocr_line' id='line_1_10' title="bbox 298 919 1687 976; baseline -0.001 -14"><span class='ocrx_word' id='word_1_69' title='bbox 298 921 473 963; x_wconf 87' lang='lat' dir='ltr'>dicendo</span> <span class='ocrx_word' id='word_1_70' title='bbox 519 919 733 962; x_wconf 83' lang='lat' dir='ltr'>stomacho</span> <span class='ocrx_word' id='word_1_71' title='bbox 782 933 908 976; x_wconf 84' lang='lat' dir='ltr'>saepe</span> <span class='ocrx_word' id='word_1_72' title='bbox 953 920 1250 975; x_wconf 84' lang='lat' dir='ltr'>iracundiaque</span> <span class='ocrx_word' id='word_1_73' title='bbox 1291 919 1599 962; x_wconf 86' lang='lat' dir='ltr'>vehementius:</span> <span class='ocrx_word' id='word_1_74' title='bbox 1644 924 1687 961; x_wconf 85' lang='lat' dir='ltr'>ut</span> 
     </span>
     <span class='ocr_line' id='line_1_11' title="bbox 296 997 1685 1053; baseline -0.002 -12"><span class='ocrx_word' id='word_1_75' title='bbox 296 1013 381 1041; x_wconf 89' lang='lat' dir='ltr'>non</span> <span class='ocrx_word' id='word_1_76' title='bbox 424 1012 515 1041; x_wconf 92' lang='lat' dir='ltr'>cum</span> <span class='ocrx_word' id='word_1_77' title='bbox 559 998 802 1040; x_wconf 86' lang='lat' dir='ltr'>adversario</span> <span class='ocrx_word' id='word_1_78' title='bbox 849 998 1000 1044; x_wconf 89' lang='lat' dir='ltr'>solum,</span> <span class='ocrx_word' id='word_1_79' title='bbox 1047 998 1120 1040; x_wconf 92' lang='lat' dir='ltr'>sed</span> <span class='ocrx_word' id='word_1_80' title='bbox 1159 999 1304 1048; x_wconf 87' lang='lat' dir='ltr'>etiam,</span> <span class='ocrx_word' id='word_1_81' title='bbox 1350 998 1458 1053; x_wconf 90' lang='lat' dir='ltr'>quod</span> <span class='ocrx_word' id='word_1_82' title='bbox 1493 997 1685 1039; x_wconf 87' lang='lat' dir='ltr'>mirabile</span> 
     </span>
     <span class='ocr_line' id='line_1_12' title="bbox 296 1075 1685 1131; baseline -0.001 -14"><span class='ocrx_word' id='word_1_83' title='bbox 296 1082 430 1125; x_wconf 85' lang='lat' dir='ltr'>esset,</span> <span class='ocrx_word' id='word_1_84' title='bbox 460 1088 551 1117; x_wconf 89' lang='lat' dir='ltr'>cum</span> <span class='ocrx_word' id='word_1_85' title='bbox 578 1076 713 1118; x_wconf 88' lang='lat' dir='ltr'>iudice</span> <span class='ocrx_word' id='word_1_86' title='bbox 738 1077 851 1131; x_wconf 90' lang='lat' dir='ltr'>ipso,</span> <span class='ocrx_word' id='word_1_87' title='bbox 883 1078 998 1118; x_wconf 89' lang='lat' dir='ltr'>cuius</span> <span class='ocrx_word' id='word_1_88' title='bbox 1026 1075 1229 1118; x_wconf 81' lang='lat' dir='ltr'>delenitor</span> <span class='ocrx_word' id='word_1_89' title='bbox 1259 1089 1353 1117; x_wconf 88' lang='lat' dir='ltr'>esse</span> <span class='ocrx_word' id='word_1_90' title='bbox 1386 1075 1505 1117; x_wconf 86' lang='lat' dir='ltr'>debet</span> <span class='ocrx_word' id='word_1_91' title='bbox 1534 1082 1685 1124; x_wconf 87' lang='lat' dir='ltr'>orator,</span> 
     </span>
     <span class='ocr_line' id='line_1_13' title="bbox 296 1152 1683 1209; baseline -0.001 -14"><span class='ocrx_word' id='word_1_92' title='bbox 296 1154 431 1207; x_wconf 82' lang='lat' dir='ltr'>iurgio</span> <span class='ocrx_word' id='word_1_93' title='bbox 463 1166 588 1209; x_wconf 87' lang='lat' dir='ltr'>saepe</span> <span class='ocrx_word' id='word_1_94' title='bbox 621 1153 898 1194; x_wconf 85' lang='lat' dir='ltr'>contenderet.</span> <span class='ocrx_word' id='word_1_95' title='bbox 941 1152 1000 1193; x_wconf 89' lang='lat' dir='ltr'>M.</span> <span class='ocrx_word' id='word_1_96' title='bbox 1032 1153 1241 1195; x_wconf 84' lang='lat' dir='ltr'>Messalla</span> <span class='ocrx_word' id='word_1_97' title='bbox 1270 1155 1403 1195; x_wconf 88' lang='lat' dir='ltr'>minor</span> <span class='ocrx_word' id='word_1_98' title='bbox 1431 1160 1530 1194; x_wconf 87' lang='lat' dir='ltr'>natu</span> <span class='ocrx_word' id='word_1_99' title='bbox 1560 1166 1683 1208; x_wconf 90' lang='lat' dir='ltr'>quam</span> 
     </span>
     <span class='ocr_line' id='line_1_14' title="bbox 296 1229 1684 1285; baseline -0.001 -12"><span class='ocrx_word' id='word_1_100' title='bbox 296 1244 374 1273; x_wconf 90' lang='lat' dir='ltr'>nos</span> <span class='ocrx_word' id='word_1_101' title='bbox 416 1230 531 1272; x_wconf 88' lang='lat' dir='ltr'>nullo</span> <span class='ocrx_word' id='word_1_102' title='bbox 574 1230 696 1271; x_wconf 90' lang='lat' dir='ltr'>modo</span> <span class='ocrx_word' id='word_1_103' title='bbox 740 1230 878 1285; x_wconf 82' lang='lat' dir='ltr'>inops,</span> <span class='ocrx_word' id='word_1_104' title='bbox 924 1229 998 1271; x_wconf 91' lang='lat' dir='ltr'>sed</span> <span class='ocrx_word' id='word_1_105' title='bbox 1041 1242 1124 1271; x_wconf 89' lang='lat' dir='ltr'>non</span> <span class='ocrx_word' id='word_1_106' title='bbox 1163 1231 1286 1271; x_wconf 89' lang='lat' dir='ltr'>nimis</span> <span class='ocrx_word' id='word_1_107' title='bbox 1325 1236 1493 1271; x_wconf 86' lang='lat' dir='ltr'>ornatus</span> <span class='ocrx_word' id='word_1_108' title='bbox 1530 1243 1684 1284; x_wconf 77' lang='lat' dir='ltr'>genere</span> 
     </span>
     <span class='ocr_line' id='line_1_15' title="bbox 294 1307 1686 1363; baseline -0.001 -13"><span class='ocrx_word' id='word_1_109' title='bbox 294 1308 536 1350; x_wconf 85' lang='lat' dir='ltr'>verborum:</span> <span class='ocrx_word' id='word_1_110' title='bbox 577 1307 756 1363; x_wconf 88' lang='lat' dir='ltr'>prudens</span> <span class='ocrx_word' id='word_1_111' title='bbox 794 1312 936 1348; x_wconf 91' lang='lat' dir='ltr'>acutus</span> <span class='ocrx_word' id='word_1_112' title='bbox 975 1307 1140 1348; x_wconf 89' lang='lat' dir='ltr'>minime</span> <span class='ocrx_word' id='word_1_113' title='bbox 1179 1308 1368 1349; x_wconf 89' lang='lat' dir='ltr'>incautus</span> <span class='ocrx_word' id='word_1_114' title='bbox 1410 1313 1606 1363; x_wconf 89' lang='lat' dir='ltr'>patronus</span> <span class='ocrx_word' id='word_1_115' title='bbox 1642 1308 1686 1349; x_wconf 88' lang='lat' dir='ltr'>in</span> 
     </span>
     <span class='ocr_line' id='line_1_16' title="bbox 295 1384 1686 1440; baseline 0 -13"><span class='ocrx_word' id='word_1_116' title='bbox 295 1387 437 1428; x_wconf 89' lang='lat' dir='ltr'>causis</span> <span class='ocrx_word' id='word_1_117' title='bbox 471 1385 775 1439; x_wconf 82' lang='lat' dir='ltr'>cognoscendis</span> <span class='ocrx_word' id='word_1_118' title='bbox 817 1385 1191 1440; x_wconf 87' lang='lat' dir='ltr'>componendisque</span> <span class='ocrx_word' id='word_1_119' title='bbox 1232 1384 1410 1439; x_wconf 79' lang='lat' dir='ltr'>diligens</span> <span class='ocrx_word' id='word_1_120' title='bbox 1447 1386 1588 1439; x_wconf 79' lang='lat' dir='ltr'>magni</span> <span class='ocrx_word' id='word_1_121' title='bbox 1620 1384 1686 1427; x_wconf 89' lang='lat' dir='ltr'>la-</span> 
     </span>
     <span class='ocr_line' id='line_1_17' title="bbox 294 1461 1684 1519; baseline 0.001 -14"><span class='ocrx_word' id='word_1_122' title='bbox 294 1463 410 1506; x_wconf 88' lang='lat' dir='ltr'>boris</span> <span class='ocrx_word' id='word_1_123' title='bbox 447 1463 598 1505; x_wconf 89' lang='lat' dir='ltr'>multae</span> <span class='ocrx_word' id='word_1_124' title='bbox 638 1476 789 1519; x_wconf 88' lang='lat' dir='ltr'>operae</span> <span class='ocrx_word' id='word_1_125' title='bbox 826 1463 1123 1518; x_wconf 90' lang='lat' dir='ltr'>multarumque</span> <span class='ocrx_word' id='word_1_126' title='bbox 1162 1476 1393 1505; x_wconf 87' lang='lat' dir='ltr'>causarum.</span> <span class='ocrx_word' id='word_1_127' title='bbox 1458 1462 1554 1505; x_wconf 83' lang='lat'><strong>247.</strong></span> <span class='ocrx_word' id='word_1_128' title='bbox 1593 1461 1684 1506; x_wconf 93' lang='lat' dir='ltr'>Duo</span> 
     </span>
     <span class='ocr_line' id='line_1_18' title="bbox 295 1539 1685 1597; baseline -0.001 -13"><span class='ocrx_word' id='word_1_129' title='bbox 295 1543 421 1584; x_wconf 86' lang='lat' dir='ltr'>etiam</span> <span class='ocrx_word' id='word_1_130' title='bbox 450 1540 613 1583; x_wconf 88' lang='lat' dir='ltr'>Metelli</span> <span class='ocrx_word' id='word_1_131' title='bbox 643 1539 767 1583; x_wconf 83' lang='lat' dir='ltr'>Celer</span> <span class='ocrx_word' id='word_1_132' title='bbox 806 1547 845 1583; x_wconf 91' lang='lat' dir='ltr'>et</span> <span class='ocrx_word' id='word_1_133' title='bbox 874 1539 1012 1597; x_wconf 90' lang='lat' dir='ltr'>Nepos</span> <span class='ocrx_word' id='word_1_134' title='bbox 1042 1554 1126 1583; x_wconf 86' lang='lat' dir='ltr'>non</span> <span class='ocrx_word' id='word_1_135' title='bbox 1154 1540 1257 1583; x_wconf 89' lang='lat' dir='ltr'>nihil</span> <span class='ocrx_word' id='word_1_136' title='bbox 1286 1543 1327 1582; x_wconf 90' lang='lat' dir='ltr'>iu</span> <span class='ocrx_word' id='word_1_137' title='bbox 1359 1542 1500 1583; x_wconf 88' lang='lat' dir='ltr'>causis</span> <span class='ocrx_word' id='word_1_138' title='bbox 1530 1541 1685 1583; x_wconf 86' lang='lat' dir='ltr'>versati</span> 
     </span>
     <span class='ocr_line' id='line_1_19' title="bbox 294 1618 1686 1675; baseline -0.001 -13"><span class='ocrx_word' id='word_1_139' title='bbox 294 1633 371 1662; x_wconf 87' lang='lat' dir='ltr'>nec</span> <span class='ocrx_word' id='word_1_140' title='bbox 410 1621 499 1662; x_wconf 89' lang='lat' dir='ltr'>sine</span> <span class='ocrx_word' id='word_1_141' title='bbox 538 1620 706 1674; x_wconf 80' lang='lat' dir='ltr'>ingenio</span> <span class='ocrx_word' id='word_1_142' title='bbox 746 1632 824 1661; x_wconf 89' lang='lat' dir='ltr'>uec</span> <span class='ocrx_word' id='word_1_143' title='bbox 852 1619 1008 1661; x_wconf 85' lang='lat' dir='ltr'>indocti</span> <span class='ocrx_word' id='word_1_144' title='bbox 1037 1618 1116 1661; x_wconf 92' lang='lat' dir='ltr'>hoc</span> <span class='ocrx_word' id='word_1_145' title='bbox 1148 1625 1265 1661; x_wconf 88' lang='lat' dir='ltr'>erant</span> <span class='ocrx_word' id='word_1_146' title='bbox 1292 1618 1489 1675; x_wconf 88' lang='lat' dir='ltr'>populare</span> <span class='ocrx_word' id='word_1_147' title='bbox 1521 1618 1686 1661; x_wconf 88' lang='lat' dir='ltr'>dicendi</span> 
     </span>
     <span class='ocr_line' id='line_1_20' title="bbox 294 1695 1685 1751; baseline 0 -12"><span class='ocrx_word' id='word_1_148' title='bbox 294 1711 426 1751; x_wconf 87' lang='lat' dir='ltr'>genus</span> <span class='ocrx_word' id='word_1_149' title='bbox 472 1698 667 1739; x_wconf 88' lang='lat' dir='ltr'>assecuti.</span> <span class='ocrx_word' id='word_1_150' title='bbox 741 1695 814 1738; x_wconf 87' lang='lat' dir='ltr'>Cn.</span> <span class='ocrx_word' id='word_1_151' title='bbox 865 1703 1000 1739; x_wconf 89' lang='lat' dir='ltr'>autem</span> <span class='ocrx_word' id='word_1_152' title='bbox 1043 1695 1243 1739; x_wconf 90' lang='lat' dir='ltr'>Lentulus</span> <span class='ocrx_word' id='word_1_153' title='bbox 1288 1696 1563 1739; x_wconf 88' lang='lat' dir='ltr'>Marcellinus</span> <span class='ocrx_word' id='word_1_154' title='bbox 1606 1710 1685 1740; x_wconf 88' lang='lat' dir='ltr'>nec</span> 
     </span>
     <span class='ocr_line' id='line_1_21' title="bbox 296 1775 1686 1832; baseline 0.001 -15"><span class='ocrx_word' id='word_1_155' title='bbox 296 1787 473 1830; x_wconf 85' lang='lat' dir='ltr'>unquam</span> <span class='ocrx_word' id='word_1_156' title='bbox 514 1775 738 1817; x_wconf 87' lang='lat' dir='ltr'>indisertus</span> <span class='ocrx_word' id='word_1_157' title='bbox 767 1781 807 1817; x_wconf 88' lang='lat' dir='ltr'>et</span> <span class='ocrx_word' id='word_1_158' title='bbox 836 1776 879 1817; x_wconf 92' lang='lat' dir='ltr'>in</span> <span class='ocrx_word' id='word_1_159' title='bbox 909 1775 1126 1818; x_wconf 85' lang='lat' dir='ltr'>consulatu</span> <span class='ocrx_word' id='word_1_160' title='bbox 1154 1775 1429 1832; x_wconf 89' lang='lat' dir='ltr'>pereloquens</span> <span class='ocrx_word' id='word_1_161' title='bbox 1458 1776 1573 1818; x_wconf 88' lang='lat' dir='ltr'>visus</span> <span class='ocrx_word' id='word_1_162' title='bbox 1602 1780 1686 1828; x_wconf 86' lang='lat' dir='ltr'>est;</span> 
     </span>
    </p>
   </div>
   <div class='ocr_carea' id='block_1_3' title="bbox 377 1917 1049 1998">
    <p class='ocr_par' dir='ltr' id='par_1_3' title="bbox 377 1917 1049 1998">
     <span class='ocr_line' id='line_1_22' title="bbox 377 1917 883 1952; baseline 0 -7"><span class='ocrx_word' id='word_1_163' title='bbox 377 1918 439 1945; x_wconf 79' lang='lat'><strong>246.</strong></span> <span class='ocrx_word' id='word_1_164' title='bbox 475 1917 613 1944; x_wconf 77' lang='lat' dir='ltr'>mirabile</span> <span class='ocrx_word' id='word_1_165' title='bbox 631 1917 721 1952; x_wconf 73' lang='lat' dir='ltr'>esset]</span> <span class='ocrx_word' id='word_1_166' title='bbox 741 1919 883 1945; x_wconf 80' lang='lat' dir='ltr'>mirabile.</span> 
     </span>
     <span class='ocr_line' id='line_1_23' title="bbox 378 1963 1049 1998; baseline 0.001 -9"><span class='ocrx_word' id='word_1_167' title='bbox 378 1963 439 1990; x_wconf 79' lang='lat'><strong>247.</strong></span> <span class='ocrx_word' id='word_1_168' title='bbox 479 1963 534 1990; x_wconf 80' lang='lat' dir='ltr'>Cn.</span> <span class='ocrx_word' id='word_1_169' title='bbox 553 1966 650 1990; x_wconf 81' lang='lat' dir='ltr'>antem</span> <span class='ocrx_word' id='word_1_170' title='bbox 668 1964 828 1998; x_wconf 75' lang='lat' dir='ltr'>Lentulus]</span> <span class='ocrx_word' id='word_1_171' title='bbox 849 1965 880 1990; x_wconf 73' lang='lat' dir='ltr'>C.</span> <span class='ocrx_word' id='word_1_172' title='bbox 900 1965 998 1991; x_wconf 82' lang='lat' dir='ltr'>autem</span> <span class='ocrx_word' id='word_1_173' title='bbox 1016 1964 1049 1990; x_wconf 83' lang='lat' dir='ltr'>L.</span> 
     </span>
    </p>
   </div>
   <div class='ocr_carea' id='block_1_4' title="bbox 291 2085 1683 2754">
    <p class='ocr_par' dir='ltr' id='par_1_4' title="bbox 291 2085 1683 2244">
     <span class='ocr_line' id='line_1_24' title="bbox 293 2085 1683 2131; baseline 0.003 -11"><span class='ocrx_word' id='word_1_174' title='bbox 293 2085 358 2131; x_wconf 83' lang='lat' dir='ltr'>Lg.</span> <span class='ocrx_word' id='word_1_175' title='bbox 382 2085 437 2121; x_wconf 85' lang='lat'>53.</span> <span class='ocrx_word' id='word_1_176' title='bbox 463 2105 507 2110; x_wconf 93' lang='lat'>—</span> <span class='ocrx_word' id='word_1_177' title='bbox 543 2096 708 2120; x_wconf 81' lang='lat' dir='ltr'>suorum</span> <span class='ocrx_word' id='word_1_178' title='bbox 733 2087 1061 2130; x_wconf 75' lang='lat' dir='ltr'>necessariorum]</span> <span class='ocrx_word' id='word_1_179' title='bbox 1093 2097 1256 2122; x_wconf 81' lang='lat' dir='ltr'>suorum</span> <span class='ocrx_word' id='word_1_180' title='bbox 1286 2088 1479 2123; x_wconf 88' lang='lat' dir='ltr'>delendum</span> <span class='ocrx_word' id='word_1_181' title='bbox 1512 2090 1683 2124; x_wconf 82' lang='lat' dir='ltr'>censebat</span> 
     </span>
     <span class='ocr_line' id='line_1_25' title="bbox 291 2140 1682 2190; baseline 0.004 -15"><span class='ocrx_word' id='word_1_182' title='bbox 291 2141 400 2183; x_wconf 88' lang='lat' dir='ltr'>Ern.;</span> <span class='ocrx_word' id='word_1_183' title='bbox 437 2140 613 2186; x_wconf 86' lang='lat' dir='ltr'>Meyerus</span> <span class='ocrx_word' id='word_1_184' title='bbox 646 2153 807 2176; x_wconf 81' lang='lat' dir='ltr'>suorum</span> <span class='ocrx_word' id='word_1_185' title='bbox 831 2145 1219 2188; x_wconf 75' lang='lat' dir='ltr'>necessariorumque</span> <span class='ocrx_word' id='word_1_186' title='bbox 1247 2145 1456 2190; x_wconf 80' lang='lat' dir='ltr'>proposuit,</span> <span class='ocrx_word' id='word_1_187' title='bbox 1490 2147 1682 2189; x_wconf 83' lang='lat' dir='ltr'>sententia,</span> 
     </span>
     <span class='ocr_line' id='line_1_26' title="bbox 293 2198 899 2244; baseline 0 -12"><span class='ocrx_word' id='word_1_188' title='bbox 293 2198 389 2242; x_wconf 89' lang='lat' dir='ltr'>quod</span> <span class='ocrx_word' id='word_1_189' title='bbox 414 2198 632 2244; x_wconf 83' lang='lat' dir='ltr'>intelligam,</span> <span class='ocrx_word' id='word_1_190' title='bbox 659 2198 768 2242; x_wconf 86' lang='lat' dir='ltr'>plane</span> <span class='ocrx_word' id='word_1_191' title='bbox 792 2199 899 2233; x_wconf 85' lang='lat' dir='ltr'>nulla.</span> 
     </span>
    </p>

    <p class='ocr_par' dir='ltr' id='par_1_5' title="bbox 293 2254 1683 2697">
     <span class='ocr_line' id='line_1_27' title="bbox 383 2254 1680 2302; baseline 0.005 -15"><span class='ocrx_word' id='word_1_192' title='bbox 383 2254 464 2290; x_wconf 75' lang='lat'><strong>246.</strong></span> <span class='ocrx_word' id='word_1_193' title='bbox 511 2255 777 2299; x_wconf 77' lang='lat' dir='ltr'>effervescens]</span> <span class='ocrx_word' id='word_1_194' title='bbox 804 2254 1070 2299; x_wconf 74' lang='lat' dir='ltr'>exfervescens</span> <span class='ocrx_word' id='word_1_195' title='bbox 1100 2255 1165 2302; x_wconf 83' lang='lat' dir='ltr'>Lg.</span> <span class='ocrx_word' id='word_1_196' title='bbox 1190 2268 1335 2299; x_wconf 84' lang='lat' dir='ltr'>omnes,</span> <span class='ocrx_word' id='word_1_197' title='bbox 1364 2257 1456 2291; x_wconf 91' lang='lat' dir='ltr'>Ven.</span> <span class='ocrx_word' id='word_1_198' title='bbox 1482 2258 1512 2292; x_wconf 89' lang='lat' dir='ltr'>l.</span> <span class='ocrx_word' id='word_1_199' title='bbox 1537 2258 1568 2292; x_wconf 80' lang='lat'>2.</span> <span class='ocrx_word' id='word_1_200' title='bbox 1604 2256 1680 2294; x_wconf 86' lang='lat' dir='ltr'>Ott.</span> 
     </span>
     <span class='ocr_line' id='line_1_28' title="bbox 294 2309 1681 2358; baseline 0.004 -15"><span class='ocrx_word' id='word_1_201' title='bbox 294 2309 375 2346; x_wconf 86' lang='lat' dir='ltr'>Vat.</span> <span class='ocrx_word' id='word_1_202' title='bbox 404 2309 470 2345; x_wconf 88' lang='lat' dir='ltr'>Gu.</span> <span class='ocrx_word' id='word_1_203' title='bbox 491 2311 521 2345; x_wconf 88' lang='lat' dir='ltr'>l.</span> <span class='ocrx_word' id='word_1_204' title='bbox 547 2311 602 2345; x_wconf 87' lang='lat' dir='ltr'>ed.</span> <span class='ocrx_word' id='word_1_205' title='bbox 621 2322 674 2356; x_wconf 87' lang='lat' dir='ltr'>pr.</span> <span class='ocrx_word' id='word_1_206' title='bbox 700 2311 816 2345; x_wconf 84' lang='lat' dir='ltr'>forma</span> <span class='ocrx_word' id='word_1_207' title='bbox 836 2312 981 2355; x_wconf 84' lang='lat' dir='ltr'>antiqua</span> <span class='ocrx_word' id='word_1_208' title='bbox 1002 2319 1036 2346; x_wconf 90' lang='lat' dir='ltr'>et</span> <span class='ocrx_word' id='word_1_209' title='bbox 1056 2313 1199 2346; x_wconf 86' lang='lat' dir='ltr'>minime</span> <span class='ocrx_word' id='word_1_210' title='bbox 1221 2314 1295 2347; x_wconf 89' lang='lat' dir='ltr'>eius</span> <span class='ocrx_word' id='word_1_211' title='bbox 1314 2314 1511 2348; x_wconf 85' lang='lat' dir='ltr'>aetatis.—</span> <span class='ocrx_word' id='word_1_212' title='bbox 1540 2314 1681 2358; x_wconf 78' lang='lat' dir='ltr'>solum]</span> 
     </span>
     <span class='ocr_line' id='line_1_29' title="bbox 294 2367 1679 2415; baseline 0.003 -15"><span class='ocrx_word' id='word_1_213' title='bbox 294 2377 364 2401; x_wconf 86' lang='lat' dir='ltr'>om.</span> <span class='ocrx_word' id='word_1_214' title='bbox 392 2367 448 2400; x_wconf 87' lang='lat' dir='ltr'>ed.</span> <span class='ocrx_word' id='word_1_215' title='bbox 470 2378 521 2411; x_wconf 85' lang='lat' dir='ltr'>pr.</span> <span class='ocrx_word' id='word_1_216' title='bbox 547 2387 592 2392; x_wconf 88' lang='lat'>—</span> <span class='ocrx_word' id='word_1_217' title='bbox 623 2367 807 2402; x_wconf 78' lang='lat' dir='ltr'>mirabile</span> <span class='ocrx_word' id='word_1_218' title='bbox 831 2369 944 2411; x_wconf 73' lang='lat' dir='ltr'>essee]</span> <span class='ocrx_word' id='word_1_219' title='bbox 969 2369 1021 2402; x_wconf 82' lang='lat' dir='ltr'>sic</span> <span class='ocrx_word' id='word_1_220' title='bbox 1044 2369 1130 2404; x_wconf 76' lang='lat' dir='ltr'>Par.</span> <span class='ocrx_word' id='word_1_221' title='bbox 1150 2369 1195 2404; x_wconf 94' lang='lat' dir='ltr'>B.</span> <span class='ocrx_word' id='word_1_222' title='bbox 1218 2370 1256 2404; x_wconf 88' lang='lat' dir='ltr'>C.</span> <span class='ocrx_word' id='word_1_223' title='bbox 1292 2369 1357 2415; x_wconf 81' lang='lat' dir='ltr'>Lg.</span> <span class='ocrx_word' id='word_1_224' title='bbox 1386 2382 1510 2404; x_wconf 89' lang='lat' dir='ltr'>omnes</span> <span class='ocrx_word' id='word_1_225' title='bbox 1536 2370 1628 2404; x_wconf 89' lang='lat' dir='ltr'>Ven.</span> <span class='ocrx_word' id='word_1_226' title='bbox 1651 2372 1679 2405; x_wconf 93' lang='lat' dir='ltr'>l.</span> 
     </span>
     <span class='ocr_line' id='line_1_30' title="bbox 294 2420 1683 2473; baseline 0.004 -16"><span class='ocrx_word' id='word_1_227' title='bbox 294 2420 371 2457; x_wconf 86' lang='lat' dir='ltr'>Ott.</span> <span class='ocrx_word' id='word_1_228' title='bbox 395 2420 508 2457; x_wconf 86' lang='lat' dir='ltr'>Orell.</span> <span class='ocrx_word' id='word_1_229' title='bbox 533 2422 675 2469; x_wconf 85' lang='lat' dir='ltr'>Meyer.</span> <span class='ocrx_word' id='word_1_230' title='bbox 713 2423 888 2459; x_wconf 85' lang='lat' dir='ltr'>Omittunt</span> <span class='ocrx_word' id='word_1_231' title='bbox 906 2425 989 2460; x_wconf 76' lang='lat' dir='ltr'>Par.</span> <span class='ocrx_word' id='word_1_232' title='bbox 1006 2427 1047 2459; x_wconf 89' lang='lat' dir='ltr'>A.</span> <span class='ocrx_word' id='word_1_233' title='bbox 1062 2426 1108 2461; x_wconf 92' lang='lat' dir='ltr'>D.</span> <span class='ocrx_word' id='word_1_234' title='bbox 1136 2426 1234 2461; x_wconf 79' lang='lat' dir='ltr'>Grut.</span> <span class='ocrx_word' id='word_1_235' title='bbox 1261 2426 1348 2460; x_wconf 90' lang='lat' dir='ltr'>Ern.</span> <span class='ocrx_word' id='word_1_236' title='bbox 1383 2427 1542 2472; x_wconf 87' lang='lat' dir='ltr'>Meyero</span> <span class='ocrx_word' id='word_1_237' title='bbox 1561 2428 1683 2473; x_wconf 82' lang='lat' dir='ltr'>placet</span> 
     </span>
     <span class='ocr_line' id='line_1_31' title="bbox 293 2478 1680 2528; baseline 0.005 -17"><span class='ocrx_word' id='word_1_238' title='bbox 293 2482 374 2518; x_wconf 78' lang='lat' dir='ltr'>est,</span> <span class='ocrx_word' id='word_1_239' title='bbox 399 2478 557 2514; x_wconf 83' lang='lat' dir='ltr'>soloece.</span> <span class='ocrx_word' id='word_1_240' title='bbox 608 2479 825 2526; x_wconf 83' lang='lat' dir='ltr'>Bernhardy</span> <span class='ocrx_word' id='word_1_241' title='bbox 850 2488 947 2516; x_wconf 87' lang='lat' dir='ltr'>recte</span> <span class='ocrx_word' id='word_1_242' title='bbox 973 2483 1150 2527; x_wconf 84' lang='lat' dir='ltr'>explicat:</span> <span class='ocrx_word' id='word_1_243' title='bbox 1177 2483 1280 2528; x_wconf 79' lang='lat' dir='ltr'>quod</span> <span class='ocrx_word' id='word_1_244' title='bbox 1304 2485 1520 2518; x_wconf 75' lang='lat' dir='ltr'>mirareris.</span> <span class='ocrx_word' id='word_1_245' title='bbox 1541 2503 1581 2508; x_wconf 87' lang='lat'>—-</span> <span class='ocrx_word' id='word_1_246' title='bbox 1617 2484 1680 2518; x_wconf 81' lang='lat' dir='ltr'>de-</span> 
     </span>
     <span class='ocr_line' id='line_1_32' title="bbox 296 2534 1680 2583; baseline 0.004 -15"><span class='ocrx_word' id='word_1_247' title='bbox 296 2534 452 2577; x_wconf 80' lang='lat' dir='ltr'>lenitor]</span> <span class='ocrx_word' id='word_1_248' title='bbox 483 2534 534 2569; x_wconf 88' lang='lat' dir='ltr'>sic</span> <span class='ocrx_word' id='word_1_249' title='bbox 566 2535 622 2570; x_wconf 90' lang='lat' dir='ltr'>ed.</span> <span class='ocrx_word' id='word_1_250' title='bbox 647 2548 700 2581; x_wconf 90' lang='lat' dir='ltr'>pr.</span> <span class='ocrx_word' id='word_1_251' title='bbox 740 2538 805 2583; x_wconf 85' lang='lat' dir='ltr'>Lg.</span> <span class='ocrx_word' id='word_1_252' title='bbox 830 2538 862 2573; x_wconf 85' lang='lat' dir='ltr'>S.</span> <span class='ocrx_word' id='word_1_253' title='bbox 888 2538 942 2573; x_wconf 87' lang='lat'>35.</span> <span class='ocrx_word' id='word_1_254' title='bbox 966 2539 1020 2574; x_wconf 87' lang='lat'>51.</span> <span class='ocrx_word' id='word_1_255' title='bbox 1058 2537 1133 2574; x_wconf 87' lang='lat' dir='ltr'>Ott.</span> <span class='ocrx_word' id='word_1_256' title='bbox 1185 2539 1386 2574; x_wconf 75' lang='lat' dir='ltr'>delinitior</span> <span class='ocrx_word' id='word_1_257' title='bbox 1417 2539 1508 2574; x_wconf 90' lang='lat' dir='ltr'>Ven.</span> <span class='ocrx_word' id='word_1_258' title='bbox 1538 2540 1568 2575; x_wconf 89' lang='lat' dir='ltr'>l.</span> <span class='ocrx_word' id='word_1_259' title='bbox 1618 2540 1680 2574; x_wconf 78' lang='lat' dir='ltr'>(Ie-</span> 
     </span>
     <span class='ocr_line' id='line_1_33' title="bbox 294 2590 1679 2639; baseline 0.004 -16"><span class='ocrx_word' id='word_1_260' title='bbox 294 2590 452 2626; x_wconf 71' lang='lat' dir='ltr'>clz‘titz‘or</span> <span class='ocrx_word' id='word_1_261' title='bbox 485 2590 550 2626; x_wconf 89' lang='lat' dir='ltr'>Gu.</span> <span class='ocrx_word' id='word_1_262' title='bbox 573 2593 602 2627; x_wconf 89' lang='lat' dir='ltr'>l.</span> <span class='ocrx_word' id='word_1_263' title='bbox 629 2612 674 2618; x_wconf 86' lang='lat'>—</span> <span class='ocrx_word' id='word_1_264' title='bbox 714 2592 923 2639; x_wconf 73' lang='lat' dir='ltr'>Messalla]</span> <span class='ocrx_word' id='word_1_265' title='bbox 955 2595 1059 2630; x_wconf 86' lang='lat' dir='ltr'>codd.</span> <span class='ocrx_word' id='word_1_266' title='bbox 1087 2594 1278 2632; x_wconf 76' lang='lat' dir='ltr'>Messala.</span> <span class='ocrx_word' id='word_1_267' title='bbox 1329 2596 1405 2630; x_wconf 90' lang='lat' dir='ltr'>Sed</span> <span class='ocrx_word' id='word_1_268' title='bbox 1435 2608 1471 2631; x_wconf 89' lang='lat' dir='ltr'>v.</span> <span class='ocrx_word' id='word_1_269' title='bbox 1496 2596 1679 2630; x_wconf 86' lang='lat' dir='ltr'>Marinum</span> 
     </span>
     <span class='ocr_line' id='line_1_34' title="bbox 294 2646 1115 2697; baseline 0.007 -17"><span class='ocrx_word' id='word_1_270' title='bbox 294 2646 329 2681; x_wconf 88' lang='lat' dir='ltr'>iu</span> <span class='ocrx_word' id='word_1_271' title='bbox 354 2658 497 2681; x_wconf 85' lang='lat' dir='ltr'>carmen</span> <span class='ocrx_word' id='word_1_272' title='bbox 521 2647 686 2684; x_wconf 85' lang='lat' dir='ltr'>Fratrum</span> <span class='ocrx_word' id='word_1_273' title='bbox 708 2651 893 2686; x_wconf 85' lang='lat' dir='ltr'>Arvalium</span> <span class='ocrx_word' id='word_1_274' title='bbox 917 2664 951 2697; x_wconf 90' lang='lat' dir='ltr'>p.</span> <span class='ocrx_word' id='word_1_275' title='bbox 976 2652 1021 2686; x_wconf 78' lang='lat'>28</span> <span class='ocrx_word' id='word_1_276' title='bbox 1039 2663 1115 2697; x_wconf 86' lang='lat' dir='ltr'>sqq.</span> 
     </span>
    </p>

    <p class='ocr_par' dir='ltr' id='par_1_6' title="bbox 384 2703 1679 2754">
     <span class='ocr_line' id='line_1_35' title="bbox 384 2703 1679 2754; baseline 0.004 -17"><span class='ocrx_word' id='word_1_277' title='bbox 384 2703 461 2738; x_wconf 76' lang='lat'><strong>247.</strong></span> <span class='ocrx_word' id='word_1_278' title='bbox 507 2714 586 2741; x_wconf 81' lang='lat' dir='ltr'>non</span> <span class='ocrx_word' id='word_1_279' title='bbox 617 2706 735 2753; x_wconf 74' lang='lat' dir='ltr'><em>nihil]</em></span> <span class='ocrx_word' id='word_1_280' title='bbox 768 2708 982 2754; x_wconf 82' lang='lat' dir='ltr'>vulgabatur</span> <span class='ocrx_word' id='word_1_281' title='bbox 1016 2714 1099 2744; x_wconf 84' lang='lat' dir='ltr'>ante</span> <span class='ocrx_word' id='word_1_282' title='bbox 1131 2706 1197 2744; x_wconf 83' lang='lat' dir='ltr'>Or.</span> <span class='ocrx_word' id='word_1_283' title='bbox 1230 2713 1266 2744; x_wconf 83' lang='lat' dir='ltr'>et</span> <span class='ocrx_word' id='word_1_284' title='bbox 1297 2707 1399 2754; x_wconf 90' lang='lat' dir='ltr'>Mey.</span> <span class='ocrx_word' id='word_1_285' title='bbox 1430 2707 1549 2751; x_wconf 75' lang='lat' dir='ltr'>nihil5</span> <span class='ocrx_word' id='word_1_286' title='bbox 1579 2707 1679 2750; x_wconf 84' lang='lat' dir='ltr'>illud,</span> 
     </span>
    </p>
   </div>
   <div class='ocr_carea' id='block_1_5' title="bbox 1788 0 1835 3126">
    <p class='ocr_par' dir='ltr' id='par_1_7' title="bbox 1788 0 1835 3126">
     <span class='ocr_line' id='line_1_36' title="bbox 1788 0 1835 3126; baseline 0 0"><span class='ocrx_word' id='word_1_287' title='bbox 1788 0 1835 3126; x_wconf 95' lang='lat' dir='ltr'> </span> 
     </span>
    </p>
   </div>
  </div>
 </body>
</html>
