1835 3126
553 134 809 179 BRUTUS
849 135 968 179 CAP.
999 137 1067 181 86.
1383 139 1502 184 301

118 249 224 291 mine
260 258 337 289 nos
377 246 492 302 capis
531 249 678 289 summi
716 248 795 290 viri
832 249 1020 305 vitaeque
1052 248 1402 304 elegantissumae
1430 263 1502 292 ve-

116 326 304 368 rissumis
337 324 544 367 laudibus.
602 324 784 369 Remove
814 326 940 370 haec:
983 340 1062 370 nae
1094 329 1176 369 ista
1206 327 1338 370 dulcis
1370 329 1503 371 oratio

114 405 173 445 ita
202 404 254 445 sit
283 403 464 453 abiecta,
497 410 538 445 ut
567 417 659 446 eam
688 407 876 461 aspicere
905 419 1025 448 nemo
1055 405 1167 448 velit.
1214 405 1310 446 296.
1344 404 1504 449 Carbo—

112 493 206 522 nem
237 483 278 523 in
310 484 477 524 summis
508 483 742 525 oratoribus
772 483 953 526 habitum
985 485 1096 526 scio:
1137 483 1212 525 sed
1241 497 1331 525 eum
1362 485 1404 525 in
1434 497 1503 526 ce-

114 561 213 601 teris
245 559 369 602 rebus
400 567 482 602 tum
512 563 554 602 in
585 562 760 604 dicendo
792 575 975 619 semper,
1006 575 1084 618 quo
1115 561 1218 603 nihil
1248 568 1310 604 est
1341 562 1502 612 melius,

114 636 155 678 id
184 637 368 689 laudari,
401 639 684 696 qualecunque
715 647 798 690 est,
836 640 954 683 solet.
1010 639 1115 683 Dico
1148 640 1256 682 idem
1288 640 1338 682 de
1372 639 1504 683 Grac-

114 714 222 757 chis:
256 718 333 759 etsi
360 717 409 759 de
441 720 502 760 eis
534 731 585 761 ea
615 726 707 761 sunt
730 732 755 760 a
778 725 816 760 te
842 719 973 769 dieta,
1005 718 1151 774 quibus
1175 731 1254 772 ego
1281 720 1501 761 assentior.

115 791 265 836 Omitto
302 802 486 838 eeteros:
524 798 646 838 venio
686 796 739 838 ad
771 809 866 845 eos,
907 797 950 837 in
979 795 1126 850 quibus
1164 797 1248 836 iam
1277 796 1503 851 perfectam

112 878 232 927 putas
257 886 351 915 esse
378 873 675 928 eloquentiam,
707 885 810 927 quos
836 885 914 926 ego
942 872 1081 913 audivi
1104 873 1194 913 sine
1218 874 1504 915 controversia

112 962 287 1004 magnos
319 957 526 999 oratores,
556 948 752 991 Crassum
781 956 821 990 et
849 948 1085 991 Antonium.
1143 947 1205 992 De
1235 949 1379 992 horum
1411 950 1504 992 lau-

112 1026 231 1068 dibus
268 1027 342 1068 tibi
380 1040 550 1083 prorsus
586 1027 813 1069 assentior:
856 1027 930 1069 sed
968 1034 1107 1069 tamen
1135 1041 1218 1070 non
1257 1029 1336 1071 isto
1366 1028 1502 1079 modo,

110 1110 152 1146 ut
195 1103 388 1159 Polycliti
431 1104 718 1161 Doryphorum
763 1104 844 1148 sibi
891 1103 1098 1162 Lysippus
1146 1106 1311 1156 aiebat,
1357 1108 1418 1149 sic
1461 1114 1505 1149 tu

111 1184 350 1225 suasionem
387 1183 496 1239 legis
534 1182 743 1226 Serviliae
785 1183 862 1226 tibi
904 1185 1147 1239 magistram
1182 1184 1328 1226 fuisse.
1396 1184 1502 1227 haec

111 1273 313 1314 germana
351 1263 487 1305 ironia
519 1269 594 1305 est.
654 1276 727 1305 cur
756 1264 816 1304 ita
844 1264 1020 1305 sentiam
1048 1276 1132 1305 non
1161 1262 1317 1325 dicam3
1355 1276 1406 1305 ne
1437 1277 1502 1306 me

113 1338 186 1380 tibi
218 1342 424 1382 assentari
453 1348 583 1396 putes.
625 1341 721 1384 297.
753 1338 904 1383 Omitto
933 1332 1068 1395 igitur
1088 1331 1193 1396 quae
1217 1340 1266 1382 de
1293 1340 1358 1382 his
1386 1342 1502 1397 ipsis,

112 1430 218 1472 quae
251 1418 300 1460 (le
330 1417 469 1468 Cotta,
512 1432 617 1474 quae
650 1419 699 1461 de
734 1417 943 1475 Sulpicio,
984 1432 1089 1474 quae
1120 1418 1242 1461 modo
1275 1419 1323 1460 de
1357 1418 1502 1462 Caelio

113 1495 280 1538 dixeris.
350 1496 392 1538 hi
433 1498 540 1538 enim
582 1497 743 1539 fuerunt
781 1504 891 1540 certe
934 1503 1143 1547 oratores3
1189 1498 1330 1552 quanti
1367 1504 1502 1540 autem

113 1580 153 1615 et
181 1574 327 1629 quales
357 1582 399 1617 tu
431 1575 601 1618 videris.
659 1574 764 1618 Nam
805 1575 909 1618 illud
939 1577 1072 1618 minus
1105 1589 1225 1626 curo,
1265 1575 1374 1631 quod
1404 1589 1502 1619 cou-

196 1707 255 1733 297.
294 1706 328 1733 cle
347 1707 407 1743 his]
429 1709 464 1735 de
485 1710 532 1736 iis.
551 1723 581 1728 ——
609 1708 640 1735 Ιιί
660 1708 751 1743 enim]
772 1709 791 1735 ii
811 1709 895 1735 enim.

113 1825 184 1854 tum
205 1819 360 1865 Meyero
385 1821 498 1854 minus
516 1824 616 1854 recte
634 1820 885 1865 interpretato.
925 1818 965 1853 Si
982 1829 1110 1854 verum
1126 1823 1238 1862 esset,
1262 1819 1502 1866 supplendum

113 1883 208 1911 esset
240 1878 304 1910 ita:
337 1876 444 1921 quod
478 1876 584 1910 idem
623 1875 697 1911 tibi
729 1878 933 1911 assentior.
966 1895 1010 1901 —
1048 1876 1139 1921 fieri
1172 1878 1395 1922 quicquam]
1429 1879 1501 1912 inv.

110 1932 177 1979 Lg.
202 1932 257 1967 20.
284 1932 339 1968 35.
374 1953 419 1958 —
456 1935 677 1979 augustius]
705 1935 911 1979 anqustius
937 1931 1003 1977 Lg.
1030 1939 1178 1978 praeter
1202 1932 1256 1968 20.
1274 1933 1328 1968 35.
1351 1933 1405 1967 56.
1427 1933 1502 1975 68.;

108 1989 192 2024 item
213 1988 279 2024 Gu.
304 1989 330 2023 1.
349 2009 394 2014 —-
435 1991 562 2036 capis]
589 1992 684 2036 capi
698 1990 831 2032 Aldus,
858 1989 951 2023 unde
974 1992 1065 2035 capi
1083 1989 1214 2023 volens
1228 1989 1503 2035 Hervagius.—

109 2051 152 2080 ut
176 2047 279 2089 eam]
312 2051 445 2080 autem
466 2045 530 2091 Lg.
553 2045 607 2080 56.
629 2046 684 2081 58.
706 2045 761 2079 68.
779 2045 832 2080 70.
858 2045 908 2079 ita
934 2056 1011 2079 var.
1031 2045 1084 2080 39.
1134 2048 1192 2080 ita
1220 2045 1346 2080 dulcis
1371 2048 1500 2079 oratio

111 2104 191 2137 ista
208 2103 263 2137 ed.
282 2114 355 2148 pin,
382 2101 448 2147 Lg.
469 2101 523 2136 35.
542 2102 596 2136 51.
618 2101 672 2136 53.
689 2102 743 2135 56.
763 2101 818 2135 68.
837 2101 892 2135 70.
910 2119 957 2125 —-
992 2102 1096 2145 eam]
1123 2113 1193 2137 om.
1220 2101 1288 2136 Gu.
1304 2101 1334 2137 l.
1363 2101 1429 2147 Lg.
1442 2102 1500 2138 ⁴20.

108 2158 164 2193 35.
189 2159 244 2193 39.
268 2159 321 2193 51.
347 2158 400 2193 53.
432 2177 477 2182 —
513 2158 702 2204 aspicere]
730 2157 806 2191 sine
831 2156 857 2190 d
881 2156 985 2191 codd.

201 2214 279 2249 296.
327 2215 415 2259 quo]
442 2216 629 2259 quoniam
653 2213 719 2260 Lg.
742 2213 774 2248 8.
800 2212 846 2247 20
870 2224 963 2247 corr.
990 2213 1045 2248 35.
1074 2214 1179 2247 inser.
1206 2225 1336 2259 quom.
1363 2213 1418 2250 39.
1444 2214 1499 2250 51.

110 2270 165 2306 53.
188 2271 243 2305 56.
260 2270 314 2304 58.
339 2270 395 2306 68.
418 2271 470 2305 70.
505 2270 573 2305 Gu.
601 2270 631 2305 l.
648 2270 680 2305 2.
717 2281 805 2304 cum
832 2269 888 2304 ed.
914 2280 967 2315 pr.
992 2289 1038 2293 —
1072 2270 1186 2314 solet]
1216 2282 1284 2305 om.
1311 2271 1377 2305 Gu.
1405 2271 1436 2305 l.
1458 2292 1499 2298 -

111 2327 160 2361 de
185 2328 256 2371 eis]
281 2327 331 2362 sic
358 2327 461 2362 codd.
488 2338 612 2362 omnes
637 2334 672 2361 et
699 2327 755 2361 ed.
774 2337 827 2372 pr.
869 2325 917 2359 de
940 2328 992 2360 iis
1015 2327 1136 2372 vulgo.
1158 2345 1205 2352 —-
1240 2328 1368 2371 venio]
1394 2330 1501 2363 venis

111 2383 177 2430 Lg.
204 2395 347 2426 omnes,
375 2384 442 2419 Gu.
465 2384 493 2419 l.
523 2384 578 2418 ed.
597 2395 649 2429 pr.
690 2383 764 2418 Sed
787 2385 921 2423 venio,
947 2382 1044 2426 quod
1060 2383 1163 2418 unice
1185 2390 1328 2429 aptum,
1358 2382 1434 2419 Ott.
1453 2404 1499 2412 -—

108 2440 316 2486 Polycliti]
344 2441 395 2476 sic
421 2446 483 2474 aut
507 2443 523 2475 i
545 2452 612 2485 pro
634 2452 660 2485 y
686 2439 752 2486 Lg.
777 2440 809 2474 8.
836 2439 892 2473 20.
911 2438 965 2475 35.
984 2438 1039 2474 39.
1060 2440 1115 2475 51.
1134 2439 1189 2475 53.
1206 2439 1262 2475 68.
1285 2440 1341 2476 70.
1378 2439 1444 2475 Gu.
1467 2440 1497 2474 l.

109 2496 202 2531 Ven.
221 2497 249 2532 l.
270 2497 301 2533 2.
342 2496 418 2532 Ott.
467 2496 511 2533 V.
541 2497 676 2532 Comm.
702 2497 760 2532 Cr.
787 2496 822 2530 in
847 2495 892 2530 de
921 2493 985 2531 Or.
1011 2495 1035 2532 1.
1062 2495 1127 2539 21,
1151 2496 1207 2532 98.

199 2553 277 2588 297.
327 2554 375 2588 de
400 2553 477 2597 his]
503 2554 553 2588 sic
576 2553 642 2599 Lg.
668 2558 814 2598 praeter
831 2552 885 2586 20.
904 2552 960 2588 35.
976 2552 1052 2595 39.,
1089 2552 1181 2586 Ven.
1201 2552 1232 2587 1.
1263 2549 1338 2587 Ott.
1378 2551 1446 2587 Gu.
1466 2552 1495 2586 l.

109 2610 164 2645 ed.
186 2621 239 2655 pr.
282 2611 375 2646 Reli.
404 2610 453 2645 de
476 2613 538 2646 iis.
565 2628 611 2635 -—-
652 2609 799 2653 Caelio]
827 2608 894 2654 Lg.
920 2608 952 2642 8.
977 2607 1030 2642 35.
1055 2608 1110 2643 51.
1135 2608 1191 2644 56.
1216 2608 1270 2643 58.
1302 2607 1426 2643 Lanib.
1451 2626 1498 2635 —

110 2666 278 2711 dia-eris]
297 2666 382 2703 Sch.
399 2678 491 2705 corr.
506 2667 715 2705 dixistis-
753 2665 796 2703 1ιί
807 2665 924 2710 enim]
941 2663 1008 2711 Lg.
1024 2665 1237 2713 quospmodo
1252 2665 1339 2709 dixi,
1352 2665 1444 2703 Ven.
1465 2665 1493 2700 l.
