1835 3126
280 146 352 190 ἕξ
490 139 686 184 BREVIS
717 137 1110 191 ELOQUENTIAE
1141 138 1276 182 ROM.
1308 139 1452 182 HIST.

280 255 484 297 ridiculum
514 250 640 307 παρὰ
671 248 956 306 προςόοκίαν,
996 265 1072 305 quo
1102 258 1236 293 testem
1268 253 1458 306 quendam
1487 253 1526 293 in
1554 254 1669 294 Piso-

282 335 368 363 nem
403 320 654 373 prodeuntem
693 318 865 358 confudit
890 317 984 370 (⁴⁴);
1028 319 1233 360 ridiculum
1263 326 1320 360 est
1350 322 1464 360 etiam
1492 320 1591 360 illud
1621 333 1669 361 ex

283 395 455 439 tempore
493 386 633 425 dictum
668 385 708 424 in
747 397 867 424 causa
906 387 945 423 G.
985 386 1184 423 Aculeonis
1217 392 1353 427 contra
1392 387 1670 436 Gratidianum,

283 454 388 507 quod
416 454 456 492 in
484 454 529 493 L.
560 452 737 492 Lamiam
765 453 956 491 hominem
987 451 1195 492 deformem
1224 455 1314 493 iecit
1334 453 1414 506 (⁴⁵).
1459 455 1673 494 Praeterea

284 533 333 561 ex
369 520 593 560 defensione
636 519 700 556 Gn.
731 519 880 557 Planci&
925 524 1061 559 contra
1084 519 1141 559 M.
1171 520 1331 560 Brutum
1366 522 1557 560 hominem
1592 522 1674 561 vita

282 587 531 627 accusatoria
572 585 755 625 infamem
795 585 906 625 locus
950 585 1145 637 prolixior
1189 592 1363 625 servatus
1405 593 1481 636 est,
1529 589 1594 639 qui
1633 588 1673 626 in

282 655 468 694 irrisione
506 652 724 694 adversarii
755 653 953 693 severiore
983 651 1148 704 quadam
1177 657 1356 691 versatur
1386 658 1422 691 et
1450 654 1566 692 rebus
1596 659 1674 693 tam

283 722 440 773 gravis,
473 721 603 762 verbis
640 726 719 760 tam
759 724 919 760 ornatus
956 724 1029 768 est,
1068 723 1109 758 ut
1147 718 1242 758 nihil
1282 719 1406 771 possit
1445 732 1565 772 supra
1587 717 1672 771 (⁴⁶).

283 789 427 830 Verum
452 788 616 827 omnium
636 787 739 836 fere,
765 799 861 839 quas
888 786 1054 827 Crassus
1080 786 1179 836 egit,
1205 797 1409 825 causarum
1432 787 1676 826 nobilissima

285 860 343 894 est
377 857 435 892 M'
477 855 578 892 Gurza
631 854 679 893 de
724 853 939 894 hereditate
977 853 1033 893 M.
1074 853 1260 904 Coponii,
1307 858 1413 901 acta,
1462 854 1495 892 si
1531 854 1673 905 Pighio

283 921 399 970 fides,
432 921 473 962 C.
500 919 665 962 Claudio
693 921 752 961 M.
773 922 974 973 Perperna
998 932 1097 960 coss.
1124 919 1227 971 apud
1252 919 1298 958 T.
1327 920 1534 959 Manilium
1557 933 1674 972 prae-

284 994 408 1028 torem
444 1001 480 1028 a.
520 989 625 1035 6623
663 987 731 1027 sed
766 999 829 1027 res
864 988 1024 1027 incerta.
1084 987 1121 1025 Is
1160 986 1341 1033 Curium,
1387 987 1420 1024 si
1454 987 1531 1037 ipsi
1572 986 1674 1025 filius

283 1060 397 1094 natus
422 1060 459 1093 et
481 1059 621 1106 postea
648 1058 820 1093 mortuus
844 1058 964 1102 esset,
986 1051 1167 1092 heredem
1191 1053 1423 1104 scripserat3
1447 1064 1531 1091 cum
1554 1052 1676 1103 igitur

283 1121 386 1160 iilius
408 1127 520 1160 natus
544 1131 621 1160 non
644 1125 745 1159 esset
765 1132 835 1159 nec
859 1121 980 1171 igitur
1005 1119 1101 1159 mori
1125 1119 1334 1170 potuisset,
1360 1118 1498 1158 Curius
1521 1119 1675 1159 heredi-

284 1194 401 1227 tatem
437 1188 572 1240 petivit
607 1199 656 1226 ex
693 1199 818 1239 aequo
853 1192 890 1226 et
925 1187 1046 1226 hono:
1084 1186 1181 1225 nihil
1212 1186 1310 1225 enim
1340 1185 1416 1224 dici
1444 1186 1525 1225 illis
1555 1192 1675 1226 testa-

286 1255 403 1294 menti
427 1255 576 1302 verbis,
598 1254 672 1293 nisi
698 1254 879 1294 heredem
905 1254 1054 1292 institui
1078 1249 1255 1301 Curium,
1280 1253 1314 1291 si
1339 1253 1472 1305 proles
1497 1254 1674 1306 Coponio

283 1322 395 1361 nulla
432 1326 627 1374 superstes
658 1325 771 1360 esset.
829 1322 880 1361 At
911 1321 955 1370 Q.
988 1320 1182 1360 Scaevola
1210 1321 1325 1359 toties
1353 1319 1510 1370 collega
1541 1320 1676 1360 Crassi

285 1388 470 1439 scriptum
507 1387 758 1435 defendebat,
794 1392 836 1426 ut
870 1387 1067 1426 hereditas
1107 1387 1261 1436 agnatis
1301 1385 1468 1425 cederet.
1526 1386 1676 1434 Quibus

284 1454 524 1504 argumentis
564 1452 729 1492 Crassus
766 1453 949 1492 institerit
986 1452 1123 1491 Cicero
1163 1453 1203 1490 in
1239 1452 1360 1491 Bruto
1399 1452 1559 1491 tradidit
1583 1450 1676 1504 (⁴7);

284 1519 386 1559 idem
427 1519 506 1559 alio
546 1519 635 1559 loco
676 1519 864 1559 dictorum
896 1518 1129 1570 particulam
1171 1518 1340 1559 servavit
1365 1515 1432 1569 (⁴5)
1468 1519 1676 1571 multisque

283 1586 383 1625 locis
409 1586 509 1625 hanc
540 1587 754 1626 orationem
785 1586 840 1625 eis
868 1585 1050 1625 laudibus
1081 1585 1249 1633 extollit,
1279 1590 1320 1624 ut
1348 1585 1535 1637 plurimos
1560 1587 1677 1636 igno-

284 1653 447 1692 biliores
469 1654 682 1704 triumphos
710 1654 777 1692 uni
805 1653 866 1692 illi
890 1651 1050 1691 dictioni
1070 1657 1280 1704 postponat
1295 1649 1380 1702 (⁴9).
1422 1652 1524 1694 Vicit
1548 1658 1676 1693 autem

287 1718 423 1758 Crassi
466 1719 691 1771 eloquentia
734 1720 830 1759 iuris
873 1719 1054 1772 peritiam
1098 1718 1316 1759 Scaevolae
1347 1715 1428 1769 (⁵⁰).
1501 1720 1677 1760 Incertae

287 1785 391 1825 sedis
421 1787 635 1825 sententiae
665 1786 763 1825 duae
793 1792 944 1826 exstant
967 1783 1048 1837 (5¹).

402 1853 542 1904 Opinio
579 1858 663 1892 erat
691 1853 878 1892 Cicerone
913 1865 1036 1905 puero
1072 1857 1232 1905 recepta
1262 1851 1445 1893 Crassum
1482 1865 1558 1892 non
1586 1854 1676 1906 plus

287 1917 491 1968 didicisse,
531 1931 646 1971 quam
684 1919 922 1958 institutione
960 1920 1102 1971 puerili
1140 1920 1344 1971 percipere
1378 1920 1592 1971 potuisset3
1635 1921 1676 1959 in

287 1997 366 2036 qua
396 1986 578 2037 opinione
613 1985 820 2025 refutanda
850 1985 988 2026 Cicero
1027 1985 1198 2024 studiose
1227 1991 1407 2026 versatur
1442 1987 1481 2025 in
1512 1986 1675 2026 exordio

286 2050 381 2090 libri
408 2052 565 2091 secundi
596 2052 643 2092 de
673 2053 853 2092 Oratore.
910 2052 960 2092 Et
988 2057 1030 2091 ut
1058 2063 1135 2090 non
1165 2051 1323 2090 multum
1351 2053 1564 2092 tribuamus
1593 2054 1676 2092 illis

289 2119 528 2167 argumentis
559 2119 615 2157 sic
640 2131 724 2158 eum
743 2119 890 2158 Graece
911 2118 1100 2164 locutum,
1131 2117 1277 2155 nullam
1299 2122 1341 2156 ut
1364 2118 1481 2156 aliam
1501 2120 1676 2170 linguam

287 2195 404 2225 nosse
432 2184 647 2234 videretur,
678 2189 715 2223 et
738 2181 939 2223 Ciceronis
966 2184 1077 2236 pueri
1108 2182 1236 2222 studia
1264 2184 1414 2223 rexisse
1445 2190 1481 2224 et
1511 2196 1558 2224 ea
1585 2198 1677 2238 per-

382 2325 441 2366 44)
477 2324 548 2359 Cic.
579 2325 623 2359 de
648 2323 712 2361 Or.
740 2324 782 2360 Il.
809 2324 872 2367 70,
896 2325 972 2359 285.
1087 2324 1147 2368 45)
1179 2326 1251 2360 Cic.
1277 2325 1322 2359 de
1347 2322 1412 2360 Or.
1439 2323 1480 2359 11.
1507 2325 1569 2367 65,
1596 2325 1674 2360 262.

290 2379 350 2422 46)
376 2379 449 2414 Cic.
470 2380 515 2414 de
533 2378 596 2415 Or.
618 2381 662 2416 ll.
678 2382 733 2416 55.
839 2382 897 2424 47)
923 2381 996 2416 Cic.
1019 2380 1062 2414 de
1081 2379 1146 2416 Or.
1168 2380 1208 2414 ΙΙ.
1231 2381 1284 2423 57,
1304 2380 1381 2415 242.
1406 2380 1509 2416 Brut.
1526 2381 1582 2423 53,
1600 2382 1678 2416 194.

289 2434 349 2475 48)
375 2434 445 2469 Cic.
475 2435 520 2470 de
549 2435 614 2472 Or.
641 2436 685 2472 ll.
710 2436 750 2480 (i,
774 2437 830 2472 24.
948 2437 1006 2480 49)
1033 2436 1104 2470 Cic.
1130 2436 1233 2471 Brut.
1259 2437 1322 2479 73,
1346 2435 1424 2471 256.
1459 2437 1503 2470 cf.
1531 2449 1564 2482 p.
1589 2438 1676 2472 Cae·

290 2490 371 2525 eina
401 2491 453 2525 18.
481 2497 517 2526 et
545 2493 599 2526 24.
717 2493 778 2537 50)
805 2494 880 2528 Cic.
905 2493 950 2527 (le
979 2491 1044 2529 Or.
1072 2492 1114 2530 11.
1137 2494 1199 2535 57,
1226 2492 1304 2527 243.
1419 2492 1479 2536 51)
1507 2493 1580 2528 Cic.
1609 2491 1673 2530 Or.

290 2546 358 2590 66,
382 2547 459 2582 223.
495 2548 653 2594 Philipp.
679 2549 776 2584 XIV.
802 2550 834 2584 6.
860 2555 971 2591 extr„
1006 2549 1075 2584 hoc
1102 2549 1245 2593 quidem
1269 2560 1291 2582 a
1314 2548 1549 2594 scriptoribus
1573 2549 1676 2583 huius

292 2605 490 2648 argumenti
504 2605 662 2639 nonduin
678 2611 873 2651 repertum.
920 2605 1039 2640 Locus
1052 2603 1325 2639 Val.Max.1x.
1345 2606 1373 2647 l,
1393 2605 1422 2642 l.
1449 2617 1493 2640 ex
1513 2605 1677 2641 oratione

290 2670 358 2704 pro
383 2660 553 2697 Considio
579 2662 700 2697 nescio
726 2673 795 2707 quo
824 2663 859 2698 in
885 2659 1034 2698 Oratam
1060 2662 1265 2706 desumptus
1292 2665 1354 2695 est.
