1835 3126
283 226 414 277 428
713 225 1242 272 EXPLICATIONES

282 354 440 384 necesse
479 345 583 389 erat,
626 341 718 393 quia
754 343 907 390 αρηοεσὶ
944 341 993 380 ab
1029 341 1156 381 Attico
1194 343 1377 384 &Bruto
1414 342 1552 384 Cicero
1592 355 1668 383 non

281 409 427 462 potuit,
458 411 628 457 coynoscz'.
656 408 793 460 potuit.
852 407 1009 447 Nullum
1039 407 1164 446 simile
1195 413 1315 448 totum
1344 411 1480 450 simile.

395 476 490 514 314.
550 474 820 523 discedendum]
862 486 886 512 a
924 474 1056 525 gloria
1097 479 1256 526 sperata
1291 475 1442 513 discedit
1481 477 1546 528 qui
1584 488 1668 516 eam

281 543 466 594 relinquit
495 542 576 582 sive
606 553 712 594 spem
743 540 876 579 abiicit
906 542 1019 593 quasi
1039 541 1141 581 viam
1166 540 1290 580 adhuc
1314 541 1443 580 tritam
1473 544 1667 582 omittens:

280 623 350 650 nos
375 609 533 649 dicimus
556 608 756 658 aufyebem
785 607 982 645 desciscere
1004 620 1028 646 a
1049 608 1216 660 speratis
1238 619 1348 647 nemo
1372 613 1511 660 potest,
1535 622 1559 647 a
1575 621 1668 661 par-

278 678 381 716 tibus
420 676 484 716 vel
523 687 643 715 causa
681 679 888 726 praesente
925 678 1064 726 potest.
1130 675 1285 715 Similia
1320 679 1407 714 sunt
1449 689 1472 712 α
1510 681 1671 713 naturae

278 750 381 782 statu
410 749 444 780 et
473 756 498 780 a
528 744 740 780 constantia
768 744 948 790 sapientis
975 741 1157 779 discedere
1187 741 1260 782 Off.
1288 741 1317 781 I.
1349 743 1422 789 20,
1453 743 1520 782 67.
1580 756 1604 779 α
1631 755 1670 779 se

279 810 462 848 discedere
504 809 613 848 Brut.
649 810 722 857 79,
761 809 854 847 273.
914 822 938 846 a
977 811 1213 855 constantia,
1259 822 1283 846 α
1328 814 1444 846 mente
1485 808 1668 846 discedere

278 877 405 917 Divin.
436 876 483 915 ΙΙ.
512 875 579 915 55.

390 946 430 980 tn
445 944 578 980 Asiam
594 940 861 991 proficiscendi]
879 940 1007 981 locum
1022 941 1194 994 respexit
1207 939 1467 990 Quintilianus
1481 941 1567 981 XII.
1579 943 1617 988 6,
1630 943 1668 980 7.

392 1009 486 1049 315.
545 1008 744 1057 Antiocho]
774 1009 986 1048 Antiochus
1008 1008 1237 1048 Ascalonita
1259 1008 1377 1057 (Plut.
1402 1007 1481 1048 Cic.
1505 1007 1563 1058 4.)
1588 1008 1669 1048 Lu-=

279 1076 383 1115 cullo
422 1075 605 1122 dilectus,
646 1086 730 1114 cum
768 1087 844 1126 quo
881 1076 995 1114 etiam
1034 1076 1271 1127 imperatore
1300 1074 1457 1114 assidue
1492 1079 1669 1115 versatus

280 1147 337 1181 est
377 1141 477 1191 (Cic.
513 1140 634 1180 Acad.
671 1141 718 1178 II.
760 1143 803 1188 2,
844 1141 921 1192 4.),
965 1142 1126 1180 fratrem
1168 1142 1303 1181 habuit
1344 1142 1514 1181 Aristum
1556 1141 1668 1180 Bruti

278 1207 525 1257 magistrum,
569 1217 689 1257 quare
726 1206 759 1244 is
797 1207 1023 1244 Academiae
1058 1208 1163 1244 heres
1198 1212 1361 1247 vocatur
1402 1220 1433 1247 c.
1465 1210 1539 1255 97,
1571 1209 1664 1246 332.

278 1275 453 1325 Utroque
482 1272 571 1311 loco
597 1271 774 1311 doctrina
797 1271 978 1310 Antiochi
1003 1277 1039 1310 et
1060 1272 1183 1311 Aristi
1210 1277 1374 1312 vocatur
1397 1279 1501 1310 vetus
1519 1274 1667 1310 Acade-

278 1344 375 1385 υιὶα,
408 1338 511 1391 quod
540 1338 610 1378 ille
640 1350 664 1377 a
686 1337 851 1377 Philone
880 1338 1068 1390 magistro
1100 1338 1301 1378 discedens
1329 1339 1499 1391 plurima
1525 1340 1669 1379 veteris

277 1406 513 1446 Academiae
542 1410 579 1444 et
597 1404 817 1445 Stoicorum
839 1403 996 1443 decreta
1018 1405 1166 1453 intulit,
1197 1406 1362 1445 similior
1377 1406 1668 1446 Platonicorum

279 1478 316 1512 et
336 1471 670 1520 Aristoteliorum,
697 1483 810 1523 quam
834 1471 1037 1511 Arcesilae
1060 1477 1097 1511 et
1120 1472 1357 1521 Carneadis,
1389 1473 1454 1525 qui
1478 1472 1524 1512 de
1545 1474 1667 1512 omnis

276 1539 437 1579 notitiae
463 1539 655 1578 humanae
684 1537 911 1577 certitudine
940 1537 1118 1579 dubitare
1146 1538 1355 1579 docebant:
1384 1552 1420 1581 v.
1448 1539 1528 1580 Cic.
1544 1539 1665 1580 Acad.

276 1606 305 1645 Ι.
336 1607 384 1654 4,
419 1607 482 1645 13.
527 1605 573 1645 Π.
604 1607 678 1653 43,
712 1606 805 1644 133.

390 1685 473 1710 cum
499 1671 669 1720 summis]
704 1676 813 1711 notat
840 1671 1132 1722 ambiguitatem
1159 1671 1413 1723 Bernhardy,
1457 1672 1569 1724 quasi
1594 1672 1666 1711 ho-

276 1739 396 1779 mines
432 1739 525 1778 illos
566 1737 705 1779 Cicero
745 1739 786 1777 in
823 1739 982 1777 cohorte
1024 1750 1152 1778 secum
1189 1738 1519 1778 circumduxisset.
1588 1738 1667 1778 Sed

276 1806 444 1845 alienum
473 1810 530 1844 est
553 1805 770 1844 meminisse
791 1805 898 1844 illius
922 1804 1238 1855 significationis,
1269 1817 1353 1845 cum
1377 1804 1531 1844 additur
1550 1817 1667 1857 prae-

276 1871 463 1924 positioni
491 1876 611 1916 totus,
651 1872 691 1909 in
728 1883 804 1922 quo
840 1871 910 1909 alii
942 1871 1270 1922 indignationem,
1312 1872 1382 1911 alii
1413 1877 1668 1924 contemptum

275 1938 452 1989 reperire
479 1937 554 1975 sibi
581 1937 656 1976 visi
686 1942 783 1976 sunt.
844 1936 916 1976 Hic
947 1938 1047 1976 enim
1076 1944 1176 1975 totus
1204 1938 1244 1976 in
1269 1939 1460 1977 sententia
1486 1938 1668 1978 adiuncta

276 2005 388 2043 inest.
427 2003 497 2042 Est
521 2007 648 2042 autem
667 2002 826 2055 ζεῦγμα
840 2002 970 2053 figura
984 2004 1121 2040 Asiam
1138 2016 1219 2040 cum
1235 2005 1446 2041 oratoribus
1465 2018 1667 2054 pet-ayrare

275 2072 302 2110 i.
328 2082 360 2110 e.
392 2069 644 2122 peragranda
664 2069 760 2108 Asia
790 2074 968 2107 oratores
998 2069 1186 2116 invisere;
1216 2069 1382 2119 figuram
1412 2071 1666 2121 explicuimus

275 2136 429 2189 Explic.
454 2136 494 2174 in
519 2135 566 2174 de
587 2136 653 2176 Or.
671 2136 700 2175 I.
720 2135 786 2183 57,
806 2137 920 2182 243„
947 2135 1047 2174 hunc
1068 2139 1196 2174 tamen
1214 2135 1341 2174 locum
1364 2148 1441 2175 non
1457 2137 1664 2187 tetigimus.

388 2202 605 2252 Menippus]
642 2203 741 2242 hunc
775 2213 859 2241 cum
887 2201 1075 2253 Dionysio
1113 2206 1149 2240 et
1176 2202 1352 2242 Xenocle
1380 2203 1532 2242 iunctos
1563 2216 1665 2243 com-

276 2273 463 2309 memorat
505 2269 738 2309 Plutarchus
781 2268 861 2308 Cic.
899 2270 940 2308 4.
999 2268 1143 2309 Strabo
1189 2274 1315 2309 autem
1351 2270 1538 2309 Xenoclis
1583 2270 1666 2310 elo-

277 2337 474 2389 quentiam
516 2347 593 2375 non
638 2336 759 2375 solius
799 2335 998 2375 Ciceronis
1047 2335 1278 2374 auctoritate
1320 2336 1523 2388 praedicat
1560 2336 1664 2376 XIII.

276 2416 315 2456 p.
343 2405 461 2449 614„
500 2414 612 2454 quem
642 2402 769 2442 locum
798 2401 983 2442 indicavit
1011 2401 1254 2453 Bernhardy.

390 2470 484 2508 316.
541 2469 1069 2518 redundantes—coerceret]
1100 2470 1197 2508 haec
1218 2468 1388 2508 sortasse
1419 2473 1508 2508 ante
1530 2468 1665 2508 oculos

276 2537 432 2575 fuerunt
456 2535 715 2585 Quintiliano,
747 2547 830 2574 cum
861 2535 1049 2574 scriberet
1075 2535 1161 2575 XII.
1196 2537 1240 2583 1,
1265 2536 1338 2574 20:
1371 2537 1450 2585 ⁴ipse
1477 2549 1517 2573 se
1546 2536 1665 2573 vra-ulta

278 2616 324 2640 ex
350 2602 504 2640 iuvenili
532 2602 764 2640 abundantia
795 2605 997 2640 coercuisse
1025 2608 1195 2640 testatur.

389 2668 598 2715 deferverat
622 2669 758 2718 oratio]
791 2669 846 2709 sic
877 2672 1033 2719 {Dm-petus
1062 2668 1259 2715 defervisse
1288 2667 1428 2706 dicitur
1457 2666 1562 2720 apud
1583 2667 1663 2707 Pli—

279 2734 382 2774 nium
409 2733 509 2788 Epp.
540 2734 608 2775 IX.
643 2737 713 2786 13,
743 2737 781 2776 4.
841 2735 900 2777 De
928 2734 1048 2778 verbo
1080 2735 1286 2780 residendi,
1325 2733 1428 2786 quod
1464 2733 1664 2786 proprium
