1835 3126
560 149 819 194 BRUTUS
859 149 979 194 CAP.
1008 150 1076 194 45.
1106 151 1174 195 46.
1445 155 1563 199 231

177 266 230 307 ad
259 263 474 305 dicendum
501 260 560 304 M.
588 261 799 305 Gratidius
829 262 887 305 M.
907 266 1062 306 Antoni
1092 264 1408 320 perfamiliaris,
1443 265 1560 307 cuius

173 340 407 398 praefectus
438 353 528 382 cum
560 348 672 383 esset
710 343 753 383 in
784 341 955 394 Cilicia,
998 349 1060 384 est
1089 343 1352 394 interfectus3
1389 344 1458 398 qui
1489 356 1560 386 ac-

172 419 330 461 cusavit
361 417 405 459 C.
435 417 678 470 Fimbriam,
709 419 767 461 M.
799 420 911 463 Mari
942 419 1172 464 Gratidiani
1201 428 1327 478 pater.

280 495 427 539 XLVI.
479 498 571 539 169.
618 499 753 554 Atque
799 501 921 541 etiam
967 500 1073 556 apud
1117 501 1257 543 socios
1303 505 1342 542 et
1382 497 1558 541 Latinos

170 582 357 617 oratores
388 575 517 618 habiti
548 584 640 619 sunt
668 576 716 628 Q.
740 577 897 620 Vcttius
927 577 1140 620 Vettianus
1171 592 1193 620 e
1224 577 1404 628 Marsis,
1437 589 1557 633 quem

170 655 258 709 ipse
299 656 498 708 cognovi,
529 655 715 708 ,prudens
753 657 817 698 vir
854 662 893 698 et
930 658 971 698 in
1009 656 1184 700 dicendo
1220 656 1383 707 brevis3
1428 655 1476 706 Q.
1518 661 1558 697 et

168 729 216 772 D.
244 730 402 774 Valerii
434 731 606 783 Sorani,
642 734 769 776 vicini
804 741 844 776 et
877 734 1107 776 familiares
1138 736 1239 781 mei,
1278 748 1362 777 non
1393 740 1477 776 tam
1514 735 1556 775 in

168 809 344 852 dicendo
368 810 657 860 admirabiles,
691 824 813 865 quam
844 811 953 853 docti
983 818 1022 853 et
1044 810 1218 853 Graecis
1249 811 1382 853 literis
1413 818 1452 853 et
1471 810 1557 854 La-

165 888 287 937 tinis3
319 887 362 929 C.
386 887 636 930 Rusticelius
658 886 960 937 Bononiensis,
991 889 1027 930 is
1051 888 1214 943 quidem
1244 895 1284 930 et
1307 890 1557 930 exercitatus

164 971 205 1006 et
234 971 381 1006 natura
398 964 607 1007 volubilis.
654 962 844 1006 Omnium
873 972 1007 1007 autem
1034 965 1409 1021 eloquentissumus
1439 972 1558 1008 extra

163 1041 271 1083 hauc
309 1041 453 1083 urbem
493 1041 542 1083 T.
576 1041 771 1085 Betucius
809 1042 966 1085 Barrus
1004 1044 1265 1095 Asculanus,
1306 1045 1423 1087 cuius
1463 1050 1557 1085 sunt

164 1119 321 1174 aliquot
350 1120 561 1162 orationes
586 1119 734 1181 Asculi
765 1120 954 1173 habitae3
985 1122 1060 1164 illa
1086 1122 1244 1166 Romae
1277 1129 1422 1166 contra
1446 1121 1554 1164 Cae—

162 1199 325 1252 pionem
353 1197 507 1240 nohilis
538 1211 660 1248 sane,
692 1200 757 1241 cui
788 1202 967 1243 orationi
992 1199 1217 1258 Caepionis
1247 1215 1319 1245 ore
1343 1200 1556 1256 respondit

162 1274 333 1325 Aelius,
363 1277 431 1331 qni
458 1278 700 1333 scriptitavit
730 1280 941 1321 orationes
968 1280 1128 1330 multis,
1161 1286 1302 1322 orator
1330 1280 1419 1335 ipse
1450 1292 1555 1320 nun-

163 1367 284 1408 quam
317 1354 403 1397 fuit.
463 1355 556 1397 170.
596 1355 718 1411 Apud
751 1358 932 1399 maiores
964 1363 1099 1399 autem
1136 1364 1302 1399 nostros
1336 1356 1459 1399 video
1490 1355 1553 1398 di-

162 1433 445 1474 sertissumum
482 1432 665 1475 habitum
703 1446 753 1476 ex
780 1433 903 1478 Latio
942 1433 991 1477 L.
1022 1434 1231 1492 Papirium
1261 1433 1552 1489 Fregellanum

162 1509 230 1551 Ti.
261 1509 440 1553 Gracchi
471 1510 516 1553 P.
546 1509 590 1553 F.
623 1512 710 1554 fere
743 1519 901 1555 aetate:
945 1515 1035 1555 eius
1066 1514 1188 1555 etiam
1221 1514 1354 1556 oratio
1386 1519 1449 1555 est
1477 1526 1552 1570 pro

160 1586 419 1642 Fregellanis
458 1589 716 1645 coloniisque
758 1590 921 1633 Latinis
962 1591 1105 1633 habita
1144 1593 1187 1633 in
1225 1597 1384 1633 senatu.
1444 1590 1552 1632 Tum

160 1664 331 1717 Brutus,
362 1666 472 1718 Quid
501 1674 542 1709 tu
569 1669 712 1722 igitur,
742 1671 891 1726 inquit,
922 1669 1070 1712 tribuis
1098 1670 1191 1711 istis
1218 1670 1398 1712 externis
1430 1670 1551 1725 quasi

244 1821 302 1848 169.
338 1820 537 1855 Rusticelius]
558 1821 752 1848 Rusticellus.

248 1943 379 1980 XLVI.
433 1942 506 1979 169.
570 1943 722 1979 Vettius
768 1943 993 1989 Vettianus]
1032 1945 1224 1991 utrobique
1260 1956 1328 1991 per
1367 1950 1406 1980 ct
1441 1946 1547 1981 codd.

155 2006 300 2047 praeter
332 2000 416 2035 Vat.
453 1999 602 2042 Ottob.,
638 2001 674 2034 in
708 2000 834 2044 quibus
856 2004 965 2035 recte
999 2003 1183 2047 scriptum.
1239 2001 1442 2037 Vettianus
1477 2014 1548 2038 om.

156 2057 212 2091 ed.
240 2068 292 2102 pr.
317 2075 364 2083 ·—
404 2056 447 2098 Q.
470 2060 507 2090 et
526 2056 594 2100 D.]
628 2061 665 2090 et
697 2068 767 2091 om.
795 2057 862 2091 Gu.
891 2058 920 2091 l.
950 2063 986 2091 et
1010 2058 1075 2103 Lg.
1103 2070 1229 2093 onmes
1253 2070 1306 2103 pr.
1331 2058 1365 2093 8.
1416 2056 1551 2093 Omnia

156 2124 270 2156 usque
295 2113 340 2146 ad
365 2124 443 2147 non
469 2117 553 2146 tam
577 2124 645 2146 om.
671 2112 754 2147 Vat.
778 2133 821 2137 -—
860 2113 1120 2157 Rusticelius]
1147 2115 1290 2160 scripsit
1316 2114 1469 2148 Ursinus
1502 2125 1548 2149 ex

155 2180 285 2209 nu1n03
313 2169 394 2202 libri
423 2168 660 2203 Rusticellns
685 2174 746 2201 ant
774 2168 1041 2204 Rus-timenus
1066 2169 1147 2215 (Lg.
1171 2170 1238 2212 70).
1263 2190 1308 2195 —
1342 2170 1547 2214 Betucius]

156 2223 340 2258 Betucius
365 2224 431 2269 Lg.
451 2224 505 2258 20.
529 2224 584 2258 39.
611 2224 665 2259 53.
693 2224 747 2258 58.
771 2223 826 2258 68.
876 2224 1092 2260 Bet-alicius
1116 2227 1160 2260 70
1177 2237 1270 2260 corr.
1297 2230 1334 2260 ut
1359 2226 1420 2260 illi.
1472 2225 1548 2260 Bo-

154 2283 280 2314 nitius
300 2280 354 2314 56.
404 2280 597 2314 Rammius
621 2280 711 2314 Ven.
729 2280 762 2315 2.
811 2280 1022 2316 Battutius
1045 2282 1100 2316 ed.
1122 2293 1195 2327 pr.;
1222 2282 1349 2316 eadem
1379 2282 1548 2317 Varrus:

156 2336 289 2370 Bar-us
314 2337 404 2370 Ven.
434 2338 463 2371 l.
502 2336 568 2370 Gu.
595 2337 625 2372 l.
651 2356 697 2362 —-
731 2337 881 2381 multis]
906 2338 1058 2372 multas
1084 2338 1166 2374 edd.
1194 2338 1372 2383 quaedam
1395 2343 1489 2386 vett4
1510 2344 1548 2373 et

156 2391 224 2439 Lg.
249 2393 304 2427 20.
339 2393 422 2427 Vat.
457 2391 550 2428 Ven.
574 2392 606 2427 2.

249 2504 324 2540 170.
378 2505 432 2541 Ti.
452 2503 638 2549 Gracchi]
666 2504 704 2539 T.
724 2505 887 2550 plerique
904 2505 999 2541 libri.
1016 2527 1056 2532 --
1082 2509 1166 2541 eius
1182 2507 1319 2551 etiam]
1342 2508 1395 2541 sic
1414 2506 1471 2541 ed.
1491 2517 1544 2552 pr.

154 2559 260 2594 codd.
280 2572 417 2596 omnes.
456 2564 542 2596 eius
566 2566 697 2596 autem
721 2562 802 2598 edd.
821 2562 999 2608 quaedam
1017 2569 1105 2598 vett.
1132 2570 1167 2598 et
1187 2562 1357 2599 Orellius.
1390 2561 1544 2597 Mallem

154 2616 295 2651 abesse.
318 2636 365 2645 »-
398 2618 650 2664 coloniisque]
683 2619 866 2665 parilitate
898 2620 1168 2656 commendatur
1198 2621 1378 2666 scriptura
1407 2618 1465 2655 ed.
1487 2628 1542 2665 pr.

155 2676 193 2707 et
216 2673 322 2710 codd.
340 2674 413 2720 >Lg.
440 2676 596 2711 omnium
619 2676 854 2722 colonisque.
1514 2685 1535 2707 ι·
