<?xml version="1.0" encoding="UTF-8"?>
<!DOCTYPE html PUBLIC "-//W3C//DTD XHTML 1.0 Transitional//EN"
    "http://www.w3.org/TR/xhtml1/DTD/xhtml1-transitional.dtd">
<html xmlns="http://www.w3.org/1999/xhtml" xml:lang="en" lang="en">
 <head>
  <title>
</title>
<meta http-equiv="Content-Type" content="text/html;charset=utf-8" />
  <meta name='ocr-system' content='tesseract 3.04.00' />
  <meta name='ocr-capabilities' content='ocr_page ocr_carea ocr_par ocr_line ocrx_word'/>
</head>
<body>
  <div class='ocr_page' id='page_1' title='image "./brutussivedeclar00ciceuoft/brutussivedeclar00ciceuoft_0010.png"; bbox 0 0 1892 3116; ppageno 0'>
   <div class='ocr_carea' id='block_1_1' title="bbox 278 207 1170 258">
    <p class='ocr_par' dir='ltr' id='par_1_1' title="bbox 278 207 1170 258">
     <span class='ocr_line' id='line_1_1' title="bbox 278 207 1170 258; baseline -0.008 -1"><span class='ocrx_word' id='word_1_1' title='bbox 278 227 357 258; x_wconf 75' lang='lat' dir='ltr'>vm</span> <span class='ocrx_word' id='word_1_2' title='bbox 774 207 1170 252; x_wconf 84' lang='lat' dir='ltr'><strong>PRAEFATIO.</strong></span> 
     </span>
    </p>
   </div>
   <div class='ocr_carea' id='block_1_2' title="bbox 277 318 1673 2797">
    <p class='ocr_par' dir='ltr' id='par_1_2' title="bbox 277 318 1671 1068">
     <span class='ocr_line' id='line_1_2' title="bbox 278 318 1668 374; baseline -0.006 -7"><span class='ocrx_word' id='word_1_3' title='bbox 278 323 533 367; x_wconf 85' lang='lat' dir='ltr'>bibliotheca</span> <span class='ocrx_word' id='word_1_4' title='bbox 563 321 846 363; x_wconf 85' lang='lat' dir='ltr'>Laurentiana</span> <span class='ocrx_word' id='word_1_5' title='bbox 889 327 1139 363; x_wconf 79' lang='lat' dir='ltr'><strong>asservatur.</strong></span> <span class='ocrx_word' id='word_1_6' title='bbox 1197 319 1351 362; x_wconf 89' lang='lat' dir='ltr'>Horum</span> <span class='ocrx_word' id='word_1_7' title='bbox 1391 318 1476 368; x_wconf 90' lang='lat' dir='ltr'>illi,</span> <span class='ocrx_word' id='word_1_8' title='bbox 1515 319 1582 374; x_wconf 88' lang='lat' dir='ltr'>qui</span> <span class='ocrx_word' id='word_1_9' title='bbox 1618 331 1668 360; x_wconf 82' lang='lat' dir='ltr'>ex</span> 
     </span>
     <span class='ocr_line' id='line_1_3' title="bbox 279 397 1669 446; baseline -0.006 0"><span class='ocrx_word' id='word_1_10' title='bbox 279 401 543 446; x_wconf 86' lang='lat' dir='ltr'>monasteriis</span> <span class='ocrx_word' id='word_1_11' title='bbox 566 400 695 441; x_wconf 87' lang='lat' dir='ltr'>variis</span> <span class='ocrx_word' id='word_1_12' title='bbox 723 412 831 441; x_wconf 87' lang='lat' dir='ltr'>nuuc</span> <span class='ocrx_word' id='word_1_13' title='bbox 853 398 1029 441; x_wconf 88' lang='lat' dir='ltr'>sublatis</span> <span class='ocrx_word' id='word_1_14' title='bbox 1052 400 1094 440; x_wconf 90' lang='lat' dir='ltr'>in</span> <span class='ocrx_word' id='word_1_15' title='bbox 1117 411 1207 441; x_wconf 86' lang='lat' dir='ltr'>eam</span> <span class='ocrx_word' id='word_1_16' title='bbox 1232 397 1527 440; x_wconf 78' lang='lat' dir='ltr'>bibliothecam</span> <span class='ocrx_word' id='word_1_17' title='bbox 1542 409 1669 439; x_wconf 85' lang='lat' dir='ltr'>vene-</span> 
     </span>
     <span class='ocr_line' id='line_1_4' title="bbox 279 474 1667 533; baseline -0.004 -11"><span class='ocrx_word' id='word_1_18' title='bbox 279 486 389 530; x_wconf 87' lang='lat' dir='ltr'>runt,</span> <span class='ocrx_word' id='word_1_19' title='bbox 429 492 518 521; x_wconf 91' lang='lat' dir='ltr'>cum</span> <span class='ocrx_word' id='word_1_20' title='bbox 565 477 617 519; x_wconf 89' lang='lat' dir='ltr'>ad</span> <span class='ocrx_word' id='word_1_21' title='bbox 659 477 920 533; x_wconf 88' lang='lat' dir='ltr'>recipiendos</span> <span class='ocrx_word' id='word_1_22' title='bbox 952 490 1035 518; x_wconf 91' lang='lat' dir='ltr'>non</span> <span class='ocrx_word' id='word_1_23' title='bbox 1076 478 1178 518; x_wconf 87' lang='lat' dir='ltr'>satis</span> <span class='ocrx_word' id='word_1_24' title='bbox 1213 482 1371 532; x_wconf 88' lang='lat' dir='ltr'>pateat,</span> <span class='ocrx_word' id='word_1_25' title='bbox 1410 477 1451 517; x_wconf 88' lang='lat' dir='ltr'>in</span> <span class='ocrx_word' id='word_1_26' title='bbox 1490 474 1667 530; x_wconf 85' lang='lat' dir='ltr'>quodam</span> 
     </span>
     <span class='ocr_line' id='line_1_5' title="bbox 280 553 1667 609; baseline -0.005 -9"><span class='ocrx_word' id='word_1_27' title='bbox 280 557 469 601; x_wconf 86' lang='lat' dir='ltr'>conclavi</span> <span class='ocrx_word' id='word_1_28' title='bbox 508 557 730 598; x_wconf 86' lang='lat' dir='ltr'>acervatim</span> <span class='ocrx_word' id='word_1_29' title='bbox 771 557 958 609; x_wconf 83' lang='lat' dir='ltr'>congesti</span> <span class='ocrx_word' id='word_1_30' title='bbox 995 556 1143 597; x_wconf 89' lang='lat' dir='ltr'>iacent.</span> <span class='ocrx_word' id='word_1_31' title='bbox 1204 553 1337 605; x_wconf 86' lang='lat' dir='ltr'>Quam</span> <span class='ocrx_word' id='word_1_32' title='bbox 1374 553 1426 597; x_wconf 88' lang='lat' dir='ltr'>ob</span> <span class='ocrx_word' id='word_1_33' title='bbox 1455 566 1542 596; x_wconf 89' lang='lat' dir='ltr'>rem</span> <span class='ocrx_word' id='word_1_34' title='bbox 1579 554 1667 594; x_wconf 91' lang='lat' dir='ltr'>iure</span> 
     </span>
     <span class='ocr_line' id='line_1_6' title="bbox 280 630 1668 680; baseline -0.004 -3"><span class='ocrx_word' id='word_1_35' title='bbox 280 648 478 677; x_wconf 88' lang='lat' dir='ltr'>summum</span> <span class='ocrx_word' id='word_1_36' title='bbox 511 635 644 676; x_wconf 85' lang='lat' dir='ltr'>visum</span> <span class='ocrx_word' id='word_1_37' title='bbox 684 640 745 674; x_wconf 90' lang='lat' dir='ltr'>est</span> <span class='ocrx_word' id='word_1_38' title='bbox 779 634 859 675; x_wconf 81' lang='lat' dir='ltr'>viri</span> <span class='ocrx_word' id='word_1_39' title='bbox 897 632 1121 674; x_wconf 79' lang='lat' dir='ltr'>clarissimi</span> <span class='ocrx_word' id='word_1_40' title='bbox 1160 630 1219 673; x_wconf 86' lang='lat' dir='ltr'>De</span> <span class='ocrx_word' id='word_1_41' title='bbox 1250 630 1375 673; x_wconf 86' lang='lat' dir='ltr'>Furia</span> <span class='ocrx_word' id='word_1_42' title='bbox 1412 631 1668 680; x_wconf 86' lang='lat' dir='ltr'>beneficium,</span> 
     </span>
     <span class='ocr_line' id='line_1_7' title="bbox 279 708 1671 769; baseline -0.004 -15"><span class='ocrx_word' id='word_1_43' title='bbox 279 714 367 769; x_wconf 85' lang='lat' dir='ltr'>qui,</span> <span class='ocrx_word' id='word_1_44' title='bbox 412 725 500 754; x_wconf 87' lang='lat' dir='ltr'>cum</span> <span class='ocrx_word' id='word_1_45' title='bbox 542 712 806 766; x_wconf 73' lang='lat' dir='ltr'>cognovisset</span> <span class='ocrx_word' id='word_1_46' title='bbox 844 723 977 752; x_wconf 90' lang='lat' dir='ltr'>meum</span> <span class='ocrx_word' id='word_1_47' title='bbox 1020 709 1116 752; x_wconf 90' lang='lat' dir='ltr'>illos</span> <span class='ocrx_word' id='word_1_48' title='bbox 1155 708 1288 751; x_wconf 89' lang='lat' dir='ltr'>libros</span> <span class='ocrx_word' id='word_1_49' title='bbox 1318 708 1563 764; x_wconf 88' lang='lat' dir='ltr'>inspiciendi</span> <span class='ocrx_word' id='word_1_50' title='bbox 1599 708 1671 749; x_wconf 84' lang='lat' dir='ltr'>de-</span> 
     </span>
     <span class='ocr_line' id='line_1_8' title="bbox 280 787 1671 845; baseline -0.004 -12"><span class='ocrx_word' id='word_1_51' title='bbox 280 791 498 840; x_wconf 83' lang='lat' dir='ltr'>siderium,</span> <span class='ocrx_word' id='word_1_52' title='bbox 541 792 649 831; x_wconf 87' lang='lat' dir='ltr'>intra</span> <span class='ocrx_word' id='word_1_53' title='bbox 677 803 901 845; x_wconf 87' lang='lat' dir='ltr'>paucorum</span> <span class='ocrx_word' id='word_1_54' title='bbox 932 789 1089 830; x_wconf 88' lang='lat' dir='ltr'>dierum</span> <span class='ocrx_word' id='word_1_55' title='bbox 1117 788 1291 843; x_wconf 86' lang='lat' dir='ltr'>spatium</span> <span class='ocrx_word' id='word_1_56' title='bbox 1323 799 1465 829; x_wconf 90' lang='lat' dir='ltr'>omnes</span> <span class='ocrx_word' id='word_1_57' title='bbox 1497 787 1601 828; x_wconf 86' lang='lat' dir='ltr'>eruit</span> <span class='ocrx_word' id='word_1_58' title='bbox 1632 792 1671 828; x_wconf 91' lang='lat' dir='ltr'>et</span> 
     </span>
     <span class='ocr_line' id='line_1_9' title="bbox 280 864 1671 924; baseline -0.004 -13"><span class='ocrx_word' id='word_1_59' title='bbox 280 868 579 912; x_wconf 81' lang='lat' dir='ltr'>examinandos</span> <span class='ocrx_word' id='word_1_60' title='bbox 620 868 820 924; x_wconf 87' lang='lat' dir='ltr'>praebuit.</span> <span class='ocrx_word' id='word_1_61' title='bbox 883 866 1129 922; x_wconf 83' lang='lat' dir='ltr'>Quanquam</span> <span class='ocrx_word' id='word_1_62' title='bbox 1170 868 1213 907; x_wconf 90' lang='lat' dir='ltr'>in</span> <span class='ocrx_word' id='word_1_63' title='bbox 1251 864 1316 906; x_wconf 91' lang='lat' dir='ltr'>his</span> <span class='ocrx_word' id='word_1_64' title='bbox 1348 864 1530 919; x_wconf 86' lang='lat' dir='ltr'>quidem,</span> <span class='ocrx_word' id='word_1_65' title='bbox 1567 877 1671 920; x_wconf 88' lang='lat' dir='ltr'>quos</span> 
     </span>
     <span class='ocr_line' id='line_1_10' title="bbox 277 942 1669 1004; baseline -0.004 -15"><span class='ocrx_word' id='word_1_66' title='bbox 277 948 461 1004; x_wconf 77' lang='lat' dir='ltr'>proxime</span> <span class='ocrx_word' id='word_1_67' title='bbox 493 947 596 990; x_wconf 82' lang='lat' dir='ltr'>dixi.</span> <span class='ocrx_word' id='word_1_68' title='bbox 629 946 767 987; x_wconf 87' lang='lat' dir='ltr'>nullus</span> <span class='ocrx_word' id='word_1_69' title='bbox 798 944 913 987; x_wconf 84' lang='lat' dir='ltr'>Bruti</span> <span class='ocrx_word' id='word_1_70' title='bbox 944 945 1075 988; x_wconf 85' lang='lat' dir='ltr'>codex</span> <span class='ocrx_word' id='word_1_71' title='bbox 1105 950 1189 993; x_wconf 72' lang='grc' dir='ltr'>θεῖς</span> <span class='ocrx_word' id='word_1_72' title='bbox 1220 942 1359 998; x_wconf 85' lang='lat' dir='ltr'>plures</span> <span class='ocrx_word' id='word_1_73' title='bbox 1389 942 1587 984; x_wconf 91' lang='lat' dir='ltr'>librorum</span> <span class='ocrx_word' id='word_1_74' title='bbox 1619 943 1669 984; x_wconf 92' lang='lat' dir='ltr'>de</span> 
     </span>
     <span class='ocr_line' id='line_1_11' title="bbox 279 1023 468 1068; baseline 0 -2"><span class='ocrx_word' id='word_1_75' title='bbox 279 1023 468 1068; x_wconf 82' lang='lat' dir='ltr'>Oratore.</span> 
     </span>
    </p>

    <p class='ocr_par' dir='ltr' id='par_1_3' title="bbox 278 1096 1673 1780">
     <span class='ocr_line' id='line_1_12' title="bbox 391 1096 1670 1156; baseline -0.005 -12"><span class='ocrx_word' id='word_1_76' title='bbox 391 1101 687 1156; x_wconf 85' lang='lat' dir='ltr'>Lagomarsini</span> <span class='ocrx_word' id='word_1_77' title='bbox 716 1101 840 1155; x_wconf 86' lang='lat' dir='ltr'>igitur</span> <span class='ocrx_word' id='word_1_78' title='bbox 871 1099 1001 1141; x_wconf 83' lang='lat' dir='ltr'>codex</span> <span class='ocrx_word' id='word_1_79' title='bbox 1029 1098 1097 1140; x_wconf 85' lang='lat'><strong>20.</strong></span> <span class='ocrx_word' id='word_1_80' title='bbox 1128 1098 1225 1141; x_wconf 89' lang='lat' dir='ltr'>olim</span> <span class='ocrx_word' id='word_1_81' title='bbox 1252 1097 1297 1139; x_wconf 92' lang='lat' dir='ltr'>S.</span> <span class='ocrx_word' id='word_1_82' title='bbox 1317 1096 1552 1153; x_wconf 86' lang='lat' dir='ltr'>Reparatae</span> <span class='ocrx_word' id='word_1_83' title='bbox 1583 1097 1670 1147; x_wconf 88' lang='lat' dir='ltr'>suit,</span> 
     </span>
     <span class='ocr_line' id='line_1_13' title="bbox 279 1175 1671 1223; baseline -0.004 -1"><span class='ocrx_word' id='word_1_84' title='bbox 279 1194 385 1223; x_wconf 90' lang='lat' dir='ltr'>nunc</span> <span class='ocrx_word' id='word_1_85' title='bbox 414 1179 693 1222; x_wconf 87' lang='lat' dir='ltr'>bibliothecae</span> <span class='ocrx_word' id='word_1_86' title='bbox 721 1177 1029 1220; x_wconf 86' lang='lat' dir='ltr'>Laurentianae</span> <span class='ocrx_word' id='word_1_87' title='bbox 1061 1177 1150 1220; x_wconf 88' lang='lat' dir='ltr'>cod.</span> <span class='ocrx_word' id='word_1_88' title='bbox 1183 1175 1338 1218; x_wconf 85' lang='lat' dir='ltr'>CCVII.</span> <span class='ocrx_word' id='word_1_89' title='bbox 1371 1176 1671 1217; x_wconf 85' lang='lat' dir='ltr'>additamento-</span> 
     </span>
     <span class='ocr_line' id='line_1_14' title="bbox 278 1254 1669 1313; baseline -0.005 -12"><span class='ocrx_word' id='word_1_90' title='bbox 278 1273 365 1301; x_wconf 89' lang='lat' dir='ltr'>rum</span> <span class='ocrx_word' id='word_1_91' title='bbox 398 1258 578 1312; x_wconf 86' lang='lat' dir='ltr'>catalogi</span> <span class='ocrx_word' id='word_1_92' title='bbox 607 1257 688 1300; x_wconf 78' lang='lat' dir='ltr'>vol.</span> <span class='ocrx_word' id='word_1_93' title='bbox 712 1256 741 1298; x_wconf 94' lang='lat' dir='ltr'><strong>I.</strong></span> <span class='ocrx_word' id='word_1_94' title='bbox 772 1271 809 1313; x_wconf 87' lang='lat' dir='ltr'>p.</span> <span class='ocrx_word' id='word_1_95' title='bbox 831 1257 925 1298; x_wconf 78' lang='lat'><strong>523.</strong></span> <span class='ocrx_word' id='word_1_96' title='bbox 984 1254 1059 1298; x_wconf 83' lang='lat' dir='ltr'>Est</span> <span class='ocrx_word' id='word_1_97' title='bbox 1088 1255 1280 1298; x_wconf 85' lang='lat' dir='ltr'>soliorum</span> <span class='ocrx_word' id='word_1_98' title='bbox 1311 1256 1531 1304; x_wconf 85' lang='lat' dir='ltr'>minorum,</span> <span class='ocrx_word' id='word_1_99' title='bbox 1564 1267 1669 1309; x_wconf 88' lang='lat' dir='ltr'>quae</span> 
     </span>
     <span class='ocr_line' id='line_1_15' title="bbox 280 1331 1670 1392; baseline -0.004 -13"><span class='ocrx_word' id='word_1_100' title='bbox 280 1337 439 1386; x_wconf 75' lang='lat' dir='ltr'>dicunt,</span> <span class='ocrx_word' id='word_1_101' title='bbox 488 1338 662 1392; x_wconf 87' lang='lat' dir='ltr'>scriptus</span> <span class='ocrx_word' id='word_1_102' title='bbox 707 1335 845 1378; x_wconf 89' lang='lat' dir='ltr'>seculo</span> <span class='ocrx_word' id='word_1_103' title='bbox 882 1333 995 1385; x_wconf 66' lang='lat' dir='ltr'><strong>XV..</strong></span> <span class='ocrx_word' id='word_1_104' title='bbox 1030 1334 1278 1376; x_wconf 89' lang='lat' dir='ltr'>nitidissime</span> <span class='ocrx_word' id='word_1_105' title='bbox 1320 1332 1504 1388; x_wconf 88' lang='lat' dir='ltr'>quidem,</span> <span class='ocrx_word' id='word_1_106' title='bbox 1540 1331 1670 1374; x_wconf 89' lang='lat' dir='ltr'>titulis</span> 
     </span>
     <span class='ocr_line' id='line_1_16' title="bbox 278 1412 1668 1460; baseline -0.004 -3"><span class='ocrx_word' id='word_1_107' title='bbox 278 1415 500 1457; x_wconf 85' lang='lat' dir='ltr'>rubricatis</span> <span class='ocrx_word' id='word_1_108' title='bbox 546 1421 585 1456; x_wconf 86' lang='lat' dir='ltr'>et</span> <span class='ocrx_word' id='word_1_109' title='bbox 625 1413 854 1456; x_wconf 86' lang='lat' dir='ltr'>initialibus</span> <span class='ocrx_word' id='word_1_110' title='bbox 897 1414 1054 1456; x_wconf 90' lang='lat' dir='ltr'>auratis</span> <span class='ocrx_word' id='word_1_111' title='bbox 1096 1419 1135 1455; x_wconf 91' lang='lat' dir='ltr'>et</span> <span class='ocrx_word' id='word_1_112' title='bbox 1173 1412 1393 1460; x_wconf 78' lang='lat' dir='ltr'>eoloratis,</span> <span class='ocrx_word' id='word_1_113' title='bbox 1439 1414 1532 1452; x_wconf 88' lang='lat' dir='ltr'>item</span> <span class='ocrx_word' id='word_1_114' title='bbox 1579 1423 1668 1452; x_wconf 85' lang='lat' dir='ltr'>eum</span> 
     </span>
     <span class='ocr_line' id='line_1_17' title="bbox 279 1489 1670 1546; baseline -0.002 -13"><span class='ocrx_word' id='word_1_115' title='bbox 279 1494 515 1534; x_wconf 88' lang='lat' dir='ltr'>summariis</span> <span class='ocrx_word' id='word_1_116' title='bbox 556 1492 858 1546; x_wconf 81' lang='lat' dir='ltr'>marginalibus</span> <span class='ocrx_word' id='word_1_117' title='bbox 901 1492 1047 1533; x_wconf 87' lang='lat' dir='ltr'>eadem</span> <span class='ocrx_word' id='word_1_118' title='bbox 1081 1504 1206 1533; x_wconf 87' lang='lat' dir='ltr'>manu</span> <span class='ocrx_word' id='word_1_119' title='bbox 1241 1491 1444 1539; x_wconf 76' lang='lat' dir='ltr'>exaratiS,</span> <span class='ocrx_word' id='word_1_120' title='bbox 1484 1489 1555 1530; x_wconf 88' lang='lat' dir='ltr'>sed</span> <span class='ocrx_word' id='word_1_121' title='bbox 1593 1501 1670 1531; x_wconf 92' lang='lat' dir='ltr'>nec</span> 
     </span>
     <span class='ocr_line' id='line_1_18' title="bbox 279 1565 1672 1626; baseline -0.003 -14"><span class='ocrx_word' id='word_1_122' title='bbox 279 1577 472 1613; x_wconf 87' lang='lat' dir='ltr'>accurate</span> <span class='ocrx_word' id='word_1_123' title='bbox 504 1576 543 1612; x_wconf 88' lang='lat' dir='ltr'>et</span> <span class='ocrx_word' id='word_1_124' title='bbox 572 1570 710 1612; x_wconf 87' lang='lat' dir='ltr'>multis</span> <span class='ocrx_word' id='word_1_125' title='bbox 735 1583 809 1626; x_wconf 90' lang='lat' dir='ltr'>pro</span> <span class='ocrx_word' id='word_1_126' title='bbox 833 1568 1018 1610; x_wconf 88' lang='lat' dir='ltr'>lubidine</span> <span class='ocrx_word' id='word_1_127' title='bbox 1045 1569 1257 1625; x_wconf 89' lang='lat' dir='ltr'>scriptoris</span> <span class='ocrx_word' id='word_1_128' title='bbox 1286 1565 1672 1623; x_wconf 85' lang='lat' dir='ltr'>interpolationibus</span> 
     </span>
     <span class='ocr_line' id='line_1_19' title="bbox 280 1644 1673 1703; baseline -0.003 -12"><span class='ocrx_word' id='word_1_129' title='bbox 280 1649 686 1703; x_wconf 86' lang='lat' dir='ltr'>correctionibusque</span> <span class='ocrx_word' id='word_1_130' title='bbox 712 1661 801 1689; x_wconf 86' lang='lat' dir='ltr'>cum</span> <span class='ocrx_word' id='word_1_131' title='bbox 822 1647 1016 1689; x_wconf 87' lang='lat' dir='ltr'>violentis</span> <span class='ocrx_word' id='word_1_132' title='bbox 1038 1654 1119 1688; x_wconf 88' lang='lat' dir='ltr'>tum</span> <span class='ocrx_word' id='word_1_133' title='bbox 1148 1648 1271 1689; x_wconf 86' lang='lat' dir='ltr'>etiam</span> <span class='ocrx_word' id='word_1_134' title='bbox 1294 1647 1456 1702; x_wconf 81' lang='lat' dir='ltr'>ineptiS.</span> <span class='ocrx_word' id='word_1_135' title='bbox 1500 1644 1673 1687; x_wconf 84' lang='lat' dir='ltr'>Praeter</span> 
     </span>
     <span class='ocr_line' id='line_1_20' title="bbox 278 1723 1669 1780; baseline -0.003 -12"><span class='ocrx_word' id='word_1_136' title='bbox 278 1725 445 1768; x_wconf 87' lang='lat' dir='ltr'>Brutum</span> <span class='ocrx_word' id='word_1_137' title='bbox 468 1725 599 1767; x_wconf 85' lang='lat' dir='ltr'>libros</span> <span class='ocrx_word' id='word_1_138' title='bbox 624 1726 674 1767; x_wconf 91' lang='lat' dir='ltr'>de</span> <span class='ocrx_word' id='word_1_139' title='bbox 699 1723 874 1767; x_wconf 83' lang='lat' dir='ltr'>Oratore</span> <span class='ocrx_word' id='word_1_140' title='bbox 896 1724 1040 1775; x_wconf 78' lang='lat' dir='ltr'>habet3</span> <span class='ocrx_word' id='word_1_141' title='bbox 1066 1731 1226 1767; x_wconf 86' lang='lat' dir='ltr'>constat</span> <span class='ocrx_word' id='word_1_142' title='bbox 1250 1724 1364 1766; x_wconf 84' lang='lat' dir='ltr'>foliis</span> <span class='ocrx_word' id='word_1_143' title='bbox 1388 1724 1551 1780; x_wconf 86' lang='lat' dir='ltr'>scriptis</span> <span class='ocrx_word' id='word_1_144' title='bbox 1574 1723 1669 1765; x_wconf 82' lang='lat'><strong>152.</strong></span> 
     </span>
    </p>

    <p class='ocr_par' dir='ltr' id='par_1_4' title="bbox 279 1802 1672 2392">
     <span class='ocr_line' id='line_1_21' title="bbox 394 1802 1672 1858; baseline 0 -14"><span class='ocrx_word' id='word_1_145' title='bbox 394 1802 690 1858; x_wconf 89' lang='lat' dir='ltr'>Lagomarsini</span> <span class='ocrx_word' id='word_1_146' title='bbox 720 1803 786 1844; x_wconf 81' lang='lat'><strong>35.</strong></span> <span class='ocrx_word' id='word_1_147' title='bbox 828 1802 1009 1857; x_wconf 86' lang='lat' dir='ltr'>catalogi</span> <span class='ocrx_word' id='word_1_148' title='bbox 1043 1802 1227 1845; x_wconf 86' lang='lat' dir='ltr'>codicum</span> <span class='ocrx_word' id='word_1_149' title='bbox 1266 1802 1487 1844; x_wconf 86' lang='lat' dir='ltr'>latinorum</span> <span class='ocrx_word' id='word_1_150' title='bbox 1517 1802 1672 1844; x_wconf 91' lang='lat' dir='ltr'>biblio-</span> 
     </span>
     <span class='ocr_line' id='line_1_22' title="bbox 282 1878 1670 1937; baseline -0.002 -14"><span class='ocrx_word' id='word_1_151' title='bbox 282 1881 425 1924; x_wconf 84' lang='lat' dir='ltr'>thecae</span> <span class='ocrx_word' id='word_1_152' title='bbox 457 1880 764 1923; x_wconf 87' lang='lat' dir='ltr'>Laurentianae</span> <span class='ocrx_word' id='word_1_153' title='bbox 794 1888 818 1923; x_wconf 91' lang='lat' dir='ltr'>t.</span> <span class='ocrx_word' id='word_1_154' title='bbox 848 1880 897 1922; x_wconf 89' lang='lat' dir='ltr'>ll.</span> <span class='ocrx_word' id='word_1_155' title='bbox 926 1895 963 1937; x_wconf 87' lang='lat' dir='ltr'>p.</span> <span class='ocrx_word' id='word_1_156' title='bbox 995 1882 1112 1930; x_wconf 73' lang='lat'><strong>516..</strong></span> <span class='ocrx_word' id='word_1_157' title='bbox 1140 1881 1265 1937; x_wconf 89' lang='lat' dir='ltr'>plutei</span> <span class='ocrx_word' id='word_1_158' title='bbox 1290 1879 1337 1922; x_wconf 92' lang='lat' dir='ltr'>L.</span> <span class='ocrx_word' id='word_1_159' title='bbox 1367 1880 1457 1923; x_wconf 91' lang='lat' dir='ltr'>cod.</span> <span class='ocrx_word' id='word_1_160' title='bbox 1484 1878 1670 1930; x_wconf 72' lang='lat' dir='ltr'><strong>xxx1.;</strong></span> 
     </span>
     <span class='ocr_line' id='line_1_23' title="bbox 281 1959 1670 2015; baseline -0.001 -13"><span class='ocrx_word' id='word_1_161' title='bbox 281 1962 439 2002; x_wconf 83' lang='lat' dir='ltr'>formae</span> <span class='ocrx_word' id='word_1_162' title='bbox 470 1967 661 2015; x_wconf 84' lang='lat' dir='ltr'>quartae,</span> <span class='ocrx_word' id='word_1_163' title='bbox 694 1959 1055 2009; x_wconf 86' lang='lat' dir='ltr'>membranaceus,</span> <span class='ocrx_word' id='word_1_164' title='bbox 1090 1959 1282 2001; x_wconf 85' lang='lat' dir='ltr'>foliorum</span> <span class='ocrx_word' id='word_1_165' title='bbox 1308 1962 1550 2015; x_wconf 88' lang='lat' dir='ltr'>scriptorum</span> <span class='ocrx_word' id='word_1_166' title='bbox 1575 1959 1670 2009; x_wconf 78' lang='lat'>166,</span> 
     </span>
     <span class='ocr_line' id='line_1_24' title="bbox 283 2036 1669 2094; baseline -0.001 -14"><span class='ocrx_word' id='word_1_167' title='bbox 283 2051 309 2080; x_wconf 89' lang='lat' dir='ltr'>a</span> <span class='ocrx_word' id='word_1_168' title='bbox 337 2038 497 2092; x_wconf 87' lang='lat' dir='ltr'>Poggio</span> <span class='ocrx_word' id='word_1_169' title='bbox 536 2038 786 2093; x_wconf 79' lang='lat' dir='ltr'>descriptus,</span> <span class='ocrx_word' id='word_1_170' title='bbox 826 2051 908 2080; x_wconf 88' lang='lat' dir='ltr'>non</span> <span class='ocrx_word' id='word_1_171' title='bbox 950 2051 1000 2080; x_wconf 84' lang='lat' dir='ltr'>ex</span> <span class='ocrx_word' id='word_1_172' title='bbox 1033 2040 1123 2094; x_wconf 88' lang='lat' dir='ltr'>ipso</span> <span class='ocrx_word' id='word_1_173' title='bbox 1153 2036 1388 2087; x_wconf 82' lang='lat' dir='ltr'>Laudensi,</span> <span class='ocrx_word' id='word_1_174' title='bbox 1430 2038 1524 2087; x_wconf 88' lang='lat' dir='ltr'>sed,</span> <span class='ocrx_word' id='word_1_175' title='bbox 1561 2037 1669 2093; x_wconf 90' lang='lat' dir='ltr'>quod</span> 
     </span>
     <span class='ocr_line' id='line_1_25' title="bbox 281 2114 1669 2173; baseline -0.001 -15"><span class='ocrx_word' id='word_1_176' title='bbox 281 2130 332 2158; x_wconf 86' lang='lat' dir='ltr'>ex</span> <span class='ocrx_word' id='word_1_177' title='bbox 373 2116 560 2173; x_wconf 89' lang='lat' dir='ltr'>epistolis</span> <span class='ocrx_word' id='word_1_178' title='bbox 599 2118 688 2158; x_wconf 88' lang='lat' dir='ltr'>eius</span> <span class='ocrx_word' id='word_1_179' title='bbox 728 2114 793 2157; x_wconf 89' lang='lat' dir='ltr'><strong>LI.</strong></span> <span class='ocrx_word' id='word_1_180' title='bbox 837 2123 875 2158; x_wconf 87' lang='lat' dir='ltr'>et</span> <span class='ocrx_word' id='word_1_181' title='bbox 904 2115 1010 2158; x_wconf 91' lang='lat' dir='ltr'>Llll.</span> <span class='ocrx_word' id='word_1_182' title='bbox 1043 2118 1098 2169; x_wconf 89' lang='lat' dir='ltr'><strong>(v.</strong></span> <span class='ocrx_word' id='word_1_183' title='bbox 1129 2115 1360 2157; x_wconf 84' lang='lat' dir='ltr'>Bandinuin</span> <span class='ocrx_word' id='word_1_184' title='bbox 1398 2115 1425 2157; x_wconf 96' lang='lat' dir='ltr'>l.</span> <span class='ocrx_word' id='word_1_185' title='bbox 1465 2116 1520 2168; x_wconf 90' lang='lat' dir='ltr'>c.)</span> <span class='ocrx_word' id='word_1_186' title='bbox 1562 2116 1669 2158; x_wconf 85' lang='lat' dir='ltr'>effici</span> 
     </span>
     <span class='ocr_line' id='line_1_26' title="bbox 279 2193 1669 2250; baseline 0 -14"><span class='ocrx_word' id='word_1_187' title='bbox 279 2194 461 2242; x_wconf 83' lang='lat' dir='ltr'>videtur,</span> <span class='ocrx_word' id='word_1_188' title='bbox 511 2207 561 2235; x_wconf 79' lang='lat' dir='ltr'>ex</span> <span class='ocrx_word' id='word_1_189' title='bbox 601 2193 840 2250; x_wconf 87' lang='lat' dir='ltr'>apographo</span> <span class='ocrx_word' id='word_1_190' title='bbox 879 2193 1270 2244; x_wconf 77' lang='lat' dir='ltr'>Nicolai‘Niccoli3</span> <span class='ocrx_word' id='word_1_191' title='bbox 1318 2201 1497 2236; x_wconf 87' lang='lat' dir='ltr'>ceterum</span> <span class='ocrx_word' id='word_1_192' title='bbox 1541 2194 1669 2236; x_wconf 88' lang='lat' dir='ltr'>nitide</span> 
     </span>
     <span class='ocr_line' id='line_1_27' title="bbox 282 2271 1668 2314; baseline 0.001 -1"><span class='ocrx_word' id='word_1_193' title='bbox 282 2279 321 2314; x_wconf 86' lang='lat' dir='ltr'>et</span> <span class='ocrx_word' id='word_1_194' title='bbox 352 2273 454 2314; x_wconf 87' lang='lat' dir='ltr'>satis</span> <span class='ocrx_word' id='word_1_195' title='bbox 486 2271 714 2313; x_wconf 87' lang='lat' dir='ltr'>emendate.</span> <span class='ocrx_word' id='word_1_196' title='bbox 769 2271 942 2314; x_wconf 83' lang='lat' dir='ltr'>Praeter</span> <span class='ocrx_word' id='word_1_197' title='bbox 970 2271 1139 2314; x_wconf 90' lang='lat' dir='ltr'>Brutum</span> <span class='ocrx_word' id='word_1_198' title='bbox 1168 2272 1391 2314; x_wconf 87' lang='lat' dir='ltr'>Paradoxa</span> <span class='ocrx_word' id='word_1_199' title='bbox 1422 2279 1459 2313; x_wconf 90' lang='lat' dir='ltr'>et</span> <span class='ocrx_word' id='word_1_200' title='bbox 1491 2271 1587 2314; x_wconf 86' lang='lat' dir='ltr'>libri</span> <span class='ocrx_word' id='word_1_201' title='bbox 1618 2272 1668 2314; x_wconf 88' lang='lat' dir='ltr'>de</span> 
     </span>
     <span class='ocr_line' id='line_1_28' title="bbox 282 2349 840 2392; baseline 0.002 -1"><span class='ocrx_word' id='word_1_202' title='bbox 282 2349 457 2392; x_wconf 87' lang='lat' dir='ltr'>Oratore</span> <span class='ocrx_word' id='word_1_203' title='bbox 490 2363 540 2392; x_wconf 87' lang='lat' dir='ltr'>eo</span> <span class='ocrx_word' id='word_1_204' title='bbox 571 2350 840 2392; x_wconf 86' lang='lat' dir='ltr'>continentur.</span> 
     </span>
    </p>

    <p class='ocr_par' dir='ltr' id='par_1_5' title="bbox 283 2426 1670 2797">
     <span class='ocr_line' id='line_1_29' title="bbox 393 2426 1667 2484; baseline -0.002 -16"><span class='ocrx_word' id='word_1_205' title='bbox 393 2426 685 2481; x_wconf 82' lang='lat' dir='ltr'>Lagoniarsini</span> <span class='ocrx_word' id='word_1_206' title='bbox 712 2428 777 2470; x_wconf 84' lang='lat'><strong>39.</strong></span> <span class='ocrx_word' id='word_1_207' title='bbox 820 2427 1124 2471; x_wconf 88' lang='lat' dir='ltr'>Laurentianus</span> <span class='ocrx_word' id='word_1_208' title='bbox 1154 2428 1279 2484; x_wconf 83' lang='lat' dir='ltr'>plutei</span> <span class='ocrx_word' id='word_1_209' title='bbox 1311 2426 1358 2469; x_wconf 94' lang='lat' dir='ltr'>L.</span> <span class='ocrx_word' id='word_1_210' title='bbox 1389 2440 1556 2469; x_wconf 86' lang='lat' dir='ltr'>numero</span> <span class='ocrx_word' id='word_1_211' title='bbox 1588 2426 1667 2477; x_wconf 92' lang='lat' dir='ltr'><strong>IV.‚</strong></span> 
     </span>
     <span class='ocr_line' id='line_1_30' title="bbox 283 2491 1668 2562; baseline 0 -16"><span class='ocrx_word' id='word_1_212' title='bbox 283 2507 414 2547; x_wconf 81' lang='lat' dir='ltr'>forma</span> <span class='ocrx_word' id='word_1_213' title='bbox 452 2507 652 2555; x_wconf 73' lang='lat' dir='ltr'>maxima,</span> <span class='ocrx_word' id='word_1_214' title='bbox 693 2491 1045 2550; x_wconf 79' lang='lat' dir='ltr'>membranaceus.</span> <span class='ocrx_word' id='word_1_215' title='bbox 1099 2506 1138 2548; x_wconf 90' lang='lat' dir='ltr'>Is</span> <span class='ocrx_word' id='word_1_216' title='bbox 1176 2513 1341 2562; x_wconf 85' lang='lat' dir='ltr'>praeter</span> <span class='ocrx_word' id='word_1_217' title='bbox 1379 2505 1552 2547; x_wconf 79' lang='lat' dir='ltr'>Asconii</span> <span class='ocrx_word' id='word_1_218' title='bbox 1593 2505 1668 2547; x_wconf 90' lang='lat' dir='ltr'>Pe-</span> 
     </span>
     <span class='ocr_line' id='line_1_31' title="bbox 284 2584 1670 2640; baseline 0.001 -15"><span class='ocrx_word' id='word_1_219' title='bbox 284 2584 394 2625; x_wconf 88' lang='lat' dir='ltr'>diani</span> <span class='ocrx_word' id='word_1_220' title='bbox 427 2585 465 2625; x_wconf 90' lang='lat' dir='ltr'>in</span> <span class='ocrx_word' id='word_1_221' title='bbox 490 2584 688 2639; x_wconf 87' lang='lat' dir='ltr'>quasdam</span> <span class='ocrx_word' id='word_1_222' title='bbox 714 2584 928 2628; x_wconf 81' lang='lat' dir='ltr'>Ciceronis</span> <span class='ocrx_word' id='word_1_223' title='bbox 961 2587 1170 2629; x_wconf 90' lang='lat' dir='ltr'>orationes</span> <span class='ocrx_word' id='word_1_224' title='bbox 1194 2586 1490 2627; x_wconf 87' lang='lat' dir='ltr'>commentaria</span> <span class='ocrx_word' id='word_1_225' title='bbox 1515 2586 1670 2640; x_wconf 84' lang='lat' dir='ltr'>scripta</span> 
     </span>
     <span class='ocr_line' id='line_1_32' title="bbox 283 2660 1667 2719; baseline -0.002 -15"><span class='ocrx_word' id='word_1_226' title='bbox 283 2662 424 2704; x_wconf 85' lang='lat' dir='ltr'>seculo</span> <span class='ocrx_word' id='word_1_227' title='bbox 449 2660 560 2704; x_wconf 75' lang='lat' dir='ltr'>xlv,</span> <span class='ocrx_word' id='word_1_228' title='bbox 588 2662 753 2704; x_wconf 86' lang='lat' dir='ltr'>Brutum</span> <span class='ocrx_word' id='word_1_229' title='bbox 779 2663 901 2706; x_wconf 85' lang='lat' dir='ltr'>habet</span> <span class='ocrx_word' id='word_1_230' title='bbox 931 2672 969 2707; x_wconf 90' lang='lat' dir='ltr'>et</span> <span class='ocrx_word' id='word_1_231' title='bbox 994 2663 1210 2706; x_wconf 83' lang='lat' dir='ltr'>Oratorem</span> <span class='ocrx_word' id='word_1_232' title='bbox 1233 2664 1387 2719; x_wconf 86' lang='lat' dir='ltr'>scripta</span> <span class='ocrx_word' id='word_1_233' title='bbox 1412 2663 1553 2706; x_wconf 89' lang='lat' dir='ltr'>seculo</span> <span class='ocrx_word' id='word_1_234' title='bbox 1578 2661 1667 2703; x_wconf 75' lang='lat' dir='ltr'><strong>XV.</strong></span> 
     </span>
     <span class='ocr_line' id='line_1_33' title="bbox 285 2739 912 2797; baseline 0.005 -17"><span class='ocrx_word' id='word_1_235' title='bbox 285 2739 454 2782; x_wconf 74' lang='lat' dir='ltr'>Constat</span> <span class='ocrx_word' id='word_1_236' title='bbox 484 2740 596 2783; x_wconf 82' lang='lat' dir='ltr'>soliis</span> <span class='ocrx_word' id='word_1_237' title='bbox 627 2743 789 2797; x_wconf 80' lang='lat' dir='ltr'>scriptis</span> <span class='ocrx_word' id='word_1_238' title='bbox 822 2742 912 2783; x_wconf 77' lang='lat'><strong>115.</strong></span> 
     </span>
    </p>
   </div>
  </div>
 </body>
</html>
