1835 3126
0 2822 21 3126 m

578 184 833 228 BRUTUS
866 184 985 229 GAP.
1017 187 1082 230 30.
1396 184 1528 231 205

138 303 243 340 sunt.
310 295 439 338 Huius
485 302 524 338 et
568 299 778 340 orationes
824 304 917 340 sunt
961 305 1000 340 et
1041 305 1123 341 tres
1163 299 1216 341 ad
1248 297 1295 340 L.
1331 297 1530 340 Fufidium

140 375 237 417 libri
272 376 413 430 scripti
448 374 498 416 de
529 376 614 417 vita
644 377 774 431 ipsius
806 383 919 427 acta,
960 390 1061 419 sane
1094 377 1236 428 utiles,
1276 390 1378 433 quos
1409 389 1528 418 nemo

138 453 263 506 legit:
311 459 351 494 at
390 450 489 507 Cyri
528 454 653 496 vitam
692 461 731 495 et
768 454 1029 510 disciplinam
1068 456 1227 510 legunt,
1267 455 1530 511 praeclaram

138 530 255 572 illam
291 530 474 586 quidem,
522 532 596 574 sed
635 545 767 588 neque
807 540 889 575 tam
925 535 1078 575 nostris
1122 533 1245 575 rebus
1282 538 1418 589 aptam
1452 545 1530 574 nec

134 615 273 650 tamen
311 607 461 651 Scauri
507 609 700 653 laudibus
746 612 1084 668 anteponendam.
1149 610 1241 668 Ipse
1287 613 1412 654 etiam
1448 609 1528 652 Fu-

134 685 254 728 fidius
284 688 325 728 in
355 687 495 743 aliquo
527 695 790 744 patronorum
820 703 989 732 numero
1022 690 1108 732 suit.

250 762 393 806 XXX.
433 766 527 808 113.
569 766 746 809 Rutilius
788 774 923 809 autem
962 769 1005 809 in
1034 767 1210 823 quodam
1248 767 1356 809 tristi
1387 772 1426 808 et
1461 779 1529 807 se-

134 855 234 885 vero
259 856 414 897 genere
446 844 611 886 dicendi
638 851 826 886 versatus
852 851 938 895 est,
969 850 1009 886 et
1034 850 1202 898 uterque
1230 850 1379 885 natura
1402 843 1530 885 vehe-

135 934 251 963 mens
291 928 330 963 et
367 934 476 964 acer.
534 920 696 976 Itaque,
740 935 830 964 cum
868 934 952 963 una
985 920 1242 964 consulatum
1272 922 1527 977 petivissent,

133 1012 218 1041 non
246 998 318 1040 ille
349 999 506 1049 solum,
547 1000 614 1054 qui
650 998 859 1054 repulsam
887 998 1060 1050 tulerat,
1105 1000 1317 1042 accusavit
1352 998 1528 1041 ambitus

135 1076 396 1130 designatum
435 1078 764 1132 competitorem,
810 1077 884 1120 sed
922 1076 1107 1119 Scaurus
1148 1079 1273 1119 etiam
1314 1076 1528 1119 absolutus

133 1153 330 1195 Rutilium
367 1154 410 1195 in
445 1154 642 1196 iudicium
677 1156 863 1197 vocavit:
905 1155 1113 1210 multaque
1155 1168 1284 1211 opera
1320 1154 1527 1210 multaque

132 1232 337 1274 industria
366 1231 544 1274 Rutilius
575 1232 670 1283 suit,
701 1246 807 1288 quae
844 1240 934 1275 erat
961 1240 1180 1289 propterea
1211 1234 1390 1287 gratior,
1421 1232 1530 1287 quod

132 1313 241 1353 idem
285 1323 478 1365 magnum
528 1323 673 1352 munus
721 1310 771 1353 de
815 1311 904 1353 iure
950 1311 1229 1367 respondendi
1285 1311 1527 1353 sustinebat.

134 1388 229 1430 114.
259 1387 364 1430 Sunt
388 1389 478 1430 eius
503 1390 714 1431 orationes
737 1389 926 1440 ieiunae3
951 1389 1079 1431 multa
1099 1389 1321 1445 praeclara
1344 1389 1393 1431 de
1417 1391 1528 1440 iure,

134 1466 279 1509 doctus
316 1468 381 1508 vir
419 1472 458 1508 et
500 1465 672 1508 Graecis
711 1466 845 1509 literis
887 1467 1090 1517 eruditus,
1135 1466 1311 1509 Panaeti
1353 1467 1527 1518 auditor,

132 1558 258 1601 prope
293 1544 500 1600 perfectus
540 1545 584 1586 in
628 1542 805 1597 Stoicis3
853 1558 1024 1601 quorum
1062 1551 1301 1602 peracutum
1345 1552 1385 1588 et
1427 1546 1529 1588 artis

223 1689 281 1716 112.
318 1689 432 1715 uostris
453 1688 557 1724 rebus]
578 1690 667 1716 rebus
686 1690 807 1716 nostris.

230 1800 305 1835 112.
354 1800 555 1844 maxume]
585 1800 641 1834 bis
672 1799 723 1834 sic
754 1798 818 1845 Lg.
842 1799 876 1834 8.
908 1800 964 1834 35.
989 1799 1045 1835 39.
1071 1799 1126 1834 51.
1151 1800 1207 1836 53.
1232 1799 1288 1834 58.
1317 1799 1374 1834 68.
1411 1800 1527 1835 altero

133 1859 217 1892 loco
251 1857 357 1892 etiam
382 1857 435 1891 70.
470 1856 563 1890 Ven.
591 1856 621 1890 l.
651 1860 697 1890 ut
726 1858 914 1892 maoez‘me.
943 1877 988 1881 —
1024 1855 1150 1901 facile
1175 1857 1269 1899 non]
1305 1867 1382 1890 non
1404 1856 1529 1902 facile

136 1914 202 1960 Lg.
225 1913 280 1949 39.
300 1933 345 1937 —
369 1924 486 1958 quem
513 1912 569 1946 acl
591 1912 753 1946 modum
777 1913 870 1956 scis]
896 1924 929 1958 q.
955 1915 1067 1948 scitis
1091 1924 1188 1957 susp.
1211 1910 1326 1947 Orell.
1345 1933 1390 1938 —-
1419 1914 1527 1957 acta]

136 1974 235 2017 apta
261 1968 327 2004 Gu.
356 1969 385 2004 l.
417 1969 572 2004 molesta
604 1980 677 2003 vox
709 1969 788 2004 visa
813 1968 1007 2004 Schuetzio
1041 1971 1073 2003 δι
1097 1968 1365 2014 Bernhardyo,
1396 1969 1528 2013 proba-

134 2026 254 2061 biliter
282 2030 402 2060 tamen
429 2025 638 2070 explicanti.
664 2045 708 2049 -—
745 2028 894 2060 nostris
918 2025 1049 2069 rebus]
1082 2026 1133 2060 sic
1166 2025 1301 2059 inverti
1333 2025 1528 2060 secundum

133 2081 202 2128 Lg.
227 2093 371 2123 omnes;
396 2082 505 2127 idque
529 2092 657 2124 sonus,
684 2081 741 2126 qui
761 2087 815 2116 est
840 2083 876 2116 in
895 2084 1054 2121 nostris,
1083 2081 1253 2127 postulat.
1303 2081 1420 2115 Paulo
1444 2086 1528 2115 ante

128 2143 224 2185 post
249 2138 401 2173 claram
427 2138 495 2172 Gu.
522 2138 552 2172 l.
583 2148 651 2182 pro
671 2137 952 2183 praeclaram,
988 2144 1104 2172 ortum
1140 2148 1185 2171 ex
1216 2137 1310 2171 male
1342 2136 1527 2171 intellecto

129 2193 326 2241 [telarum.

224 2259 343 2295 XXX.
394 2258 470 2293 113.
518 2260 652 2303 itaque
673 2260 776 2303 cum]
797 2258 1027 2304 Bernhardy,
1053 2270 1131 2293 cum
1152 2263 1235 2293 ante
1257 2261 1391 2304 itaque
1411 2260 1529 2294 medie

136 2317 374 2358 distinxisset,
409 2315 445 2348 id
480 2325 521 2349 se
557 2314 687 2349 secisse
724 2315 830 2358 dicit,
869 2315 966 2360 quod
1001 2315 1148 2361 vulgata
1181 2316 1411 2350 distinctione
1446 2327 1527 2350 nai·-

133 2373 267 2408 rationi
307 2373 351 2406 de
386 2370 513 2405 Scauri
547 2376 582 2404 et
615 2370 741 2405 Rutilii
778 2371 1064 2405 accusationibus
1102 2372 1196 2405 male
1234 2372 1426 2417 iungantur
1465 2372 1528 2405 illa

133 2430 334 2473 multaque
367 2438 485 2474 opera
516 2429 580 2462 &c.
639 2425 791 2462 Videtur
824 2427 932 2473 igitur
968 2428 1192 2462 existimasse
1225 2428 1372 2462 multam
1402 2428 1528 2462 Rutilii

135 2496 286 2530 operam
318 2496 391 2519 non
427 2495 507 2518 esse
540 2483 657 2525 illam,
690 2494 796 2527 quam
827 2485 882 2518 sui
915 2483 1133 2518 defendendi
1166 2496 1274 2519 causa
1308 2484 1525 2524 adhibuerit;

134 2541 233 2586 quod
267 2546 384 2574 tamen
417 2540 521 2574 aliter
553 2551 633 2574 esse
667 2551 741 2574 non
773 2545 906 2586 potest.
938 2558 984 2568 ›—
1025 2539 1206 2576 Scaurus
1235 2560 1281 2567 ———
1307 2540 1522 2582 Rutilium]

132 2595 335 2632 Scaurum
356 2616 402 2623 »-
425 2595 601 2631 Rutilius
629 2595 695 2642 Lg.
715 2596 772 2631 20.
822 2599 943 2631 etiam
966 2608 1036 2631 om.
1065 2597 1133 2632 Gu.
1158 2597 1188 2631 l.

227 2653 302 2688 114.
345 2653 576 2699 praeclara]
590 2653 802 2700 praeclare
814 2653 902 2688 Ern.
916 2655 1047 2696 suasit,
1068 2658 1107 2688 et
1116 2653 1336 2700 praeclara
1352 2651 1464 2689 Orell.
1479 2671 1523 2676 -

132 2708 320 2756 Panaeti]
345 2710 397 2746 sic
421 2714 480 2746 aut
497 2708 646 2749 Panetz·
663 2708 728 2756 Lg.
742 2710 773 2747 8.
787 2710 842 2748 35.
857 2709 912 2747 39.
927 2710 981 2746 51.
996 2710 1051 2745 53.
1066 2709 1120 2746 58.
1135 2709 1190 2746 68.
1216 2709 1310 2745 Ven.
1324 2710 1356 2744 1.
1383 2708 1464 2744 vat.
1478 2725 1523 2733 —-
