<?xml version="1.0" encoding="UTF-8"?>
<!DOCTYPE html PUBLIC "-//W3C//DTD XHTML 1.0 Transitional//EN"
    "http://www.w3.org/TR/xhtml1/DTD/xhtml1-transitional.dtd">
<html xmlns="http://www.w3.org/1999/xhtml" xml:lang="en" lang="en">
 <head>
  <title>
</title>
<meta http-equiv="Content-Type" content="text/html;charset=utf-8" />
  <meta name='ocr-system' content='tesseract 3.04.00' />
  <meta name='ocr-capabilities' content='ocr_page ocr_carea ocr_par ocr_line ocrx_word'/>
</head>
<body>
  <div class='ocr_page' id='page_1' title='image "./brutussivedeclar00ciceuoft/brutussivedeclar00ciceuoft_0188.png"; bbox 0 0 1835 3126; ppageno 0'>
   <div class='ocr_carea' id='block_1_1' title="bbox 256 159 1134 228">
    <p class='ocr_par' dir='ltr' id='par_1_1' title="bbox 256 159 1134 228">
     <span class='ocr_line' id='line_1_1' title="bbox 256 159 1134 228; baseline -0.006 0"><span class='ocrx_word' id='word_1_1' title='bbox 256 159 377 228; x_wconf 73' lang='lat' dir='ltr'>ms</span> <span class='ocrx_word' id='word_1_2' title='bbox 789 178 1134 223; x_wconf 81' lang='lat' dir='ltr'>CICERONIS</span> 
     </span>
    </p>
   </div>
   <div class='ocr_carea' id='block_1_2' title="bbox 256 287 1653 2060">
    <p class='ocr_par' dir='ltr' id='par_1_2' title="bbox 256 287 1653 1669">
     <span class='ocr_line' id='line_1_2' title="bbox 256 287 1645 349; baseline 0 -15"><span class='ocrx_word' id='word_1_3' title='bbox 256 302 475 349; x_wconf 82' lang='lat' dir='ltr'>proxumus</span> <span class='ocrx_word' id='word_1_4' title='bbox 511 293 551 331; x_wconf 90' lang='lat' dir='ltr'>et</span> <span class='ocrx_word' id='word_1_5' title='bbox 580 287 813 332; x_wconf 83' lang='lat' dir='ltr'><strong>Aeschines</strong></span> <span class='ocrx_word' id='word_1_6' title='bbox 849 290 923 332; x_wconf 84' lang='lat' dir='ltr'>fuit</span> <span class='ocrx_word' id='word_1_7' title='bbox 959 297 998 334; x_wconf 88' lang='lat' dir='ltr'>et</span> <span class='ocrx_word' id='word_1_8' title='bbox 1027 290 1244 346; x_wconf 82' lang='lat' dir='ltr'>Lycurgus</span> <span class='ocrx_word' id='word_1_9' title='bbox 1276 297 1314 334; x_wconf 91' lang='lat' dir='ltr'>et</span> <span class='ocrx_word' id='word_1_10' title='bbox 1342 290 1574 334; x_wconf 81' lang='lat' dir='ltr'>Dinarchus</span> <span class='ocrx_word' id='word_1_11' title='bbox 1606 298 1645 335; x_wconf 89' lang='lat' dir='ltr'>et</span> 
     </span>
     <span class='ocr_line' id='line_1_3' title="bbox 260 366 1642 427; baseline 0.001 -17"><span class='ocrx_word' id='word_1_12' title='bbox 260 371 316 418; x_wconf 88' lang='lat' dir='ltr'>is,</span> <span class='ocrx_word' id='word_1_13' title='bbox 358 369 474 410; x_wconf 90' lang='lat' dir='ltr'>euius</span> <span class='ocrx_word' id='word_1_14' title='bbox 511 366 628 409; x_wconf 87' lang='lat' dir='ltr'>nulla</span> <span class='ocrx_word' id='word_1_15' title='bbox 657 373 818 408; x_wconf 86' lang='lat' dir='ltr'>exstant</span> <span class='ocrx_word' id='word_1_16' title='bbox 853 368 1026 423; x_wconf 89' lang='lat' dir='ltr'>scripta,</span> <span class='ocrx_word' id='word_1_17' title='bbox 1065 367 1273 412; x_wconf 81' lang='lat' dir='ltr'>Demades</span> <span class='ocrx_word' id='word_1_18' title='bbox 1307 370 1460 426; x_wconf 90' lang='lat' dir='ltr'>aliique</span> <span class='ocrx_word' id='word_1_19' title='bbox 1490 371 1642 427; x_wconf 81' lang='lat' dir='ltr'>plures,</span> 
     </span>
     <span class='ocr_line' id='line_1_4' title="bbox 258 443 1646 504; baseline 0.001 -16"><span class='ocrx_word' id='word_1_20' title='bbox 258 445 374 488; x_wconf 86' lang='lat' dir='ltr'>Haec</span> <span class='ocrx_word' id='word_1_21' title='bbox 404 446 512 487; x_wconf 90' lang='lat' dir='ltr'>enim</span> <span class='ocrx_word' id='word_1_22' title='bbox 543 450 660 486; x_wconf 87' lang='lat' dir='ltr'>aetas</span> <span class='ocrx_word' id='word_1_23' title='bbox 690 443 829 487; x_wconf 83' lang='lat' dir='ltr'>effudit</span> <span class='ocrx_word' id='word_1_24' title='bbox 857 444 965 487; x_wconf 89' lang='lat' dir='ltr'>hanc</span> <span class='ocrx_word' id='word_1_25' title='bbox 995 447 1178 501; x_wconf 82' lang='lat' dir='ltr'>copiam3</span> <span class='ocrx_word' id='word_1_26' title='bbox 1217 453 1280 497; x_wconf 89' lang='lat' dir='ltr'>et,</span> <span class='ocrx_word' id='word_1_27' title='bbox 1310 455 1352 489; x_wconf 93' lang='lat' dir='ltr'>ut</span> <span class='ocrx_word' id='word_1_28' title='bbox 1383 450 1519 504; x_wconf 90' lang='lat' dir='ltr'>opinio</span> <span class='ocrx_word' id='word_1_29' title='bbox 1551 462 1646 490; x_wconf 91' lang='lat' dir='ltr'>mea</span> 
     </span>
     <span class='ocr_line' id='line_1_5' title="bbox 261 523 1646 581; baseline 0.001 -15"><span class='ocrx_word' id='word_1_30' title='bbox 261 524 357 575; x_wconf 83' lang='lat' dir='ltr'>sert,</span> <span class='ocrx_word' id='word_1_31' title='bbox 403 536 526 565; x_wconf 90' lang='lat' dir='ltr'>sucus</span> <span class='ocrx_word' id='word_1_32' title='bbox 568 523 641 565; x_wconf 88' lang='lat' dir='ltr'>ille</span> <span class='ocrx_word' id='word_1_33' title='bbox 688 529 728 565; x_wconf 89' lang='lat' dir='ltr'>et</span> <span class='ocrx_word' id='word_1_34' title='bbox 771 523 944 577; x_wconf 80' lang='lat' dir='ltr'>sanguis</span> <span class='ocrx_word' id='word_1_35' title='bbox 988 525 1244 580; x_wconf 89' lang='lat' dir='ltr'>incorruptus</span> <span class='ocrx_word' id='word_1_36' title='bbox 1281 539 1409 581; x_wconf 89' lang='lat' dir='ltr'>usque</span> <span class='ocrx_word' id='word_1_37' title='bbox 1450 527 1504 568; x_wconf 89' lang='lat' dir='ltr'>ad</span> <span class='ocrx_word' id='word_1_38' title='bbox 1539 526 1646 569; x_wconf 90' lang='lat' dir='ltr'>hanc</span> 
     </span>
     <span class='ocr_line' id='line_1_6' title="bbox 263 600 1647 656; baseline 0.002 -13"><span class='ocrx_word' id='word_1_39' title='bbox 263 607 441 643; x_wconf 88' lang='lat' dir='ltr'>aetatem</span> <span class='ocrx_word' id='word_1_40' title='bbox 474 607 682 643; x_wconf 87' lang='lat' dir='ltr'>oratorum</span> <span class='ocrx_word' id='word_1_41' title='bbox 712 600 804 651; x_wconf 85' lang='lat' dir='ltr'>fuit,</span> <span class='ocrx_word' id='word_1_42' title='bbox 841 601 885 642; x_wconf 93' lang='lat' dir='ltr'>in</span> <span class='ocrx_word' id='word_1_43' title='bbox 915 613 997 656; x_wconf 84' lang='lat' dir='ltr'>qua</span> <span class='ocrx_word' id='word_1_44' title='bbox 1024 602 1227 644; x_wconf 87' lang='lat' dir='ltr'>naturalis</span> <span class='ocrx_word' id='word_1_45' title='bbox 1257 604 1437 654; x_wconf 85' lang='lat' dir='ltr'>inesset,</span> <span class='ocrx_word' id='word_1_46' title='bbox 1472 618 1555 646; x_wconf 88' lang='lat' dir='ltr'>non</span> <span class='ocrx_word' id='word_1_47' title='bbox 1584 605 1647 646; x_wconf 86' lang='lat' dir='ltr'>su-</span> 
     </span>
     <span class='ocr_line' id='line_1_7' title="bbox 262 678 1649 724; baseline 0.001 -3"><span class='ocrx_word' id='word_1_48' title='bbox 262 686 378 721; x_wconf 88' lang='lat' dir='ltr'>catus</span> <span class='ocrx_word' id='word_1_49' title='bbox 416 680 538 722; x_wconf 91' lang='lat' dir='ltr'>nitor.</span> <span class='ocrx_word' id='word_1_50' title='bbox 604 679 670 721; x_wconf 85' lang='lat'><strong>37.</strong></span> <span class='ocrx_word' id='word_1_51' title='bbox 714 678 942 721; x_wconf 82' lang='lat' dir='ltr'>Phalereus</span> <span class='ocrx_word' id='word_1_52' title='bbox 983 681 1090 721; x_wconf 91' lang='lat' dir='ltr'>enim</span> <span class='ocrx_word' id='word_1_53' title='bbox 1134 682 1336 722; x_wconf 88' lang='lat' dir='ltr'>successit</span> <span class='ocrx_word' id='word_1_54' title='bbox 1379 682 1440 721; x_wconf 88' lang='lat' dir='ltr'>eis</span> <span class='ocrx_word' id='word_1_55' title='bbox 1481 681 1649 724; x_wconf 86' lang='lat' dir='ltr'><strong>senibus</strong></span> 
     </span>
     <span class='ocr_line' id='line_1_8' title="bbox 263 757 1652 812; baseline 0.001 -13"><span class='ocrx_word' id='word_1_56' title='bbox 263 757 533 808; x_wconf 83' lang='lat' dir='ltr'>adolescens,</span> <span class='ocrx_word' id='word_1_57' title='bbox 560 757 873 799; x_wconf 86' lang='lat' dir='ltr'>eruditissumus</span> <span class='ocrx_word' id='word_1_58' title='bbox 896 757 968 799; x_wconf 89' lang='lat' dir='ltr'>ille</span> <span class='ocrx_word' id='word_1_59' title='bbox 995 758 1157 812; x_wconf 91' lang='lat' dir='ltr'>quidem</span> <span class='ocrx_word' id='word_1_60' title='bbox 1180 757 1323 800; x_wconf 89' lang='lat' dir='ltr'>horum</span> <span class='ocrx_word' id='word_1_61' title='bbox 1347 759 1545 808; x_wconf 83' lang='lat' dir='ltr'>omnium,</span> <span class='ocrx_word' id='word_1_62' title='bbox 1577 759 1652 800; x_wconf 87' lang='lat' dir='ltr'>sed</span> 
     </span>
     <span class='ocr_line' id='line_1_9' title="bbox 261 835 1653 891; baseline 0.001 -14"><span class='ocrx_word' id='word_1_63' title='bbox 261 849 346 878; x_wconf 91' lang='lat' dir='ltr'>non</span> <span class='ocrx_word' id='word_1_64' title='bbox 374 842 458 878; x_wconf 86' lang='lat' dir='ltr'>tam</span> <span class='ocrx_word' id='word_1_65' title='bbox 488 836 615 878; x_wconf 88' lang='lat' dir='ltr'>armis</span> <span class='ocrx_word' id='word_1_66' title='bbox 645 837 850 878; x_wconf 89' lang='lat' dir='ltr'>institutus</span> <span class='ocrx_word' id='word_1_67' title='bbox 881 848 1003 891; x_wconf 86' lang='lat' dir='ltr'>quam</span> <span class='ocrx_word' id='word_1_68' title='bbox 1036 835 1260 891; x_wconf 85' lang='lat' dir='ltr'>palaestra.</span> <span class='ocrx_word' id='word_1_69' title='bbox 1308 839 1445 891; x_wconf 88' lang='lat' dir='ltr'>itaque</span> <span class='ocrx_word' id='word_1_70' title='bbox 1469 836 1653 879; x_wconf 86' lang='lat' dir='ltr'>delecta-</span> 
     </span>
     <span class='ocr_line' id='line_1_10' title="bbox 262 912 1651 970; baseline 0.001 -15"><span class='ocrx_word' id='word_1_71' title='bbox 262 913 334 956; x_wconf 86' lang='lat' dir='ltr'>bat</span> <span class='ocrx_word' id='word_1_72' title='bbox 380 914 515 968; x_wconf 77' lang='lat' dir='ltr'>magis</span> <span class='ocrx_word' id='word_1_73' title='bbox 553 912 832 956; x_wconf 80' lang='lat' dir='ltr'>Athenienses</span> <span class='ocrx_word' id='word_1_74' title='bbox 870 927 991 968; x_wconf 87' lang='lat' dir='ltr'>quam</span> <span class='ocrx_word' id='word_1_75' title='bbox 1031 913 1324 955; x_wconf 87' lang='lat' dir='ltr'>inflammabat.</span> <span class='ocrx_word' id='word_1_76' title='bbox 1387 921 1651 970; x_wconf 83' lang='lat' dir='ltr'>processerat</span> 
     </span>
     <span class='ocr_line' id='line_1_11' title="bbox 263 990 1649 1047; baseline 0.001 -13"><span class='ocrx_word' id='word_1_77' title='bbox 263 994 372 1034; x_wconf 90' lang='lat' dir='ltr'>enim</span> <span class='ocrx_word' id='word_1_78' title='bbox 410 993 453 1033; x_wconf 87' lang='lat' dir='ltr'>in</span> <span class='ocrx_word' id='word_1_79' title='bbox 489 990 621 1034; x_wconf 90' lang='lat' dir='ltr'>solem</span> <span class='ocrx_word' id='word_1_80' title='bbox 662 997 701 1033; x_wconf 91' lang='lat' dir='ltr'>et</span> <span class='ocrx_word' id='word_1_81' title='bbox 737 991 948 1047; x_wconf 89' lang='lat' dir='ltr'>pulverem</span> <span class='ocrx_word' id='word_1_82' title='bbox 984 1005 1067 1033; x_wconf 89' lang='lat' dir='ltr'>non</span> <span class='ocrx_word' id='word_1_83' title='bbox 1101 999 1142 1034; x_wconf 92' lang='lat' dir='ltr'>ut</span> <span class='ocrx_word' id='word_1_84' title='bbox 1185 1006 1206 1034; x_wconf 92' lang='lat' dir='ltr'>e</span> <span class='ocrx_word' id='word_1_85' title='bbox 1249 992 1417 1034; x_wconf 82' lang='lat' dir='ltr'>militari</span> <span class='ocrx_word' id='word_1_86' title='bbox 1457 992 1649 1035; x_wconf 87' lang='lat' dir='ltr'>taberna-</span> 
     </span>
     <span class='ocr_line' id='line_1_12' title="bbox 263 1068 1650 1125; baseline 0.001 -14"><span class='ocrx_word' id='word_1_87' title='bbox 263 1070 378 1120; x_wconf 86' lang='lat' dir='ltr'>culo,</span> <span class='ocrx_word' id='word_1_88' title='bbox 420 1069 495 1111; x_wconf 91' lang='lat' dir='ltr'>sed</span> <span class='ocrx_word' id='word_1_89' title='bbox 534 1076 577 1111; x_wconf 87' lang='lat' dir='ltr'>ut</span> <span class='ocrx_word' id='word_1_90' title='bbox 616 1082 638 1111; x_wconf 88' lang='lat' dir='ltr'>e</span> <span class='ocrx_word' id='word_1_91' title='bbox 675 1068 953 1125; x_wconf 86' lang='lat' dir='ltr'>Theophrasti</span> <span class='ocrx_word' id='word_1_92' title='bbox 992 1069 1232 1111; x_wconf 90' lang='lat' dir='ltr'>doctissumi</span> <span class='ocrx_word' id='word_1_93' title='bbox 1270 1070 1446 1112; x_wconf 89' lang='lat' dir='ltr'>hominis</span> <span class='ocrx_word' id='word_1_94' title='bbox 1484 1071 1650 1113; x_wconf 82' lang='lat' dir='ltr'>umbra-</span> 
     </span>
     <span class='ocr_line' id='line_1_13' title="bbox 263 1145 1650 1202; baseline 0.001 -13"><span class='ocrx_word' id='word_1_95' title='bbox 263 1147 383 1189; x_wconf 91' lang='lat' dir='ltr'>culis.</span> <span class='ocrx_word' id='word_1_96' title='bbox 441 1146 508 1188; x_wconf 75' lang='lat'><strong>38.</strong></span> <span class='ocrx_word' id='word_1_97' title='bbox 540 1145 617 1188; x_wconf 87' lang='lat' dir='ltr'>Hic</span> <span class='ocrx_word' id='word_1_98' title='bbox 653 1148 806 1202; x_wconf 88' lang='lat' dir='ltr'>primus</span> <span class='ocrx_word' id='word_1_99' title='bbox 845 1146 999 1188; x_wconf 87' lang='lat' dir='ltr'>inflexit</span> <span class='ocrx_word' id='word_1_100' title='bbox 1034 1149 1263 1189; x_wconf 87' lang='lat' dir='ltr'>orationem</span> <span class='ocrx_word' id='word_1_101' title='bbox 1293 1156 1332 1188; x_wconf 91' lang='lat' dir='ltr'>et</span> <span class='ocrx_word' id='word_1_102' title='bbox 1363 1161 1454 1189; x_wconf 90' lang='lat' dir='ltr'>eam</span> <span class='ocrx_word' id='word_1_103' title='bbox 1484 1149 1650 1190; x_wconf 90' lang='lat' dir='ltr'>mollem</span> 
     </span>
     <span class='ocr_line' id='line_1_14' title="bbox 259 1224 1652 1280; baseline 0.001 -13"><span class='ocrx_word' id='word_1_104' title='bbox 259 1231 526 1280; x_wconf 80' lang='lat' dir='ltr'>teneramque</span> <span class='ocrx_word' id='word_1_105' title='bbox 564 1224 742 1266; x_wconf 85' lang='lat' dir='ltr'>reddidit</span> <span class='ocrx_word' id='word_1_106' title='bbox 779 1231 818 1266; x_wconf 90' lang='lat' dir='ltr'>et</span> <span class='ocrx_word' id='word_1_107' title='bbox 855 1226 1017 1274; x_wconf 82' lang='lat' dir='ltr'>suavis,</span> <span class='ocrx_word' id='word_1_108' title='bbox 1062 1226 1166 1266; x_wconf 89' lang='lat' dir='ltr'>sicut</span> <span class='ocrx_word' id='word_1_109' title='bbox 1201 1224 1296 1275; x_wconf 83' lang='lat' dir='ltr'>fuit,</span> <span class='ocrx_word' id='word_1_110' title='bbox 1339 1225 1472 1267; x_wconf 85' lang='lat' dir='ltr'>videri</span> <span class='ocrx_word' id='word_1_111' title='bbox 1508 1225 1652 1268; x_wconf 87' lang='lat' dir='ltr'>maluit</span> 
     </span>
     <span class='ocr_line' id='line_1_15' title="bbox 262 1302 1649 1359; baseline 0.001 -14"><span class='ocrx_word' id='word_1_112' title='bbox 262 1317 384 1359; x_wconf 89' lang='lat' dir='ltr'>quam</span> <span class='ocrx_word' id='word_1_113' title='bbox 422 1304 586 1358; x_wconf 84' lang='lat' dir='ltr'>gravis,</span> <span class='ocrx_word' id='word_1_114' title='bbox 625 1302 700 1345; x_wconf 90' lang='lat' dir='ltr'>sed</span> <span class='ocrx_word' id='word_1_115' title='bbox 729 1303 930 1345; x_wconf 85' lang='lat' dir='ltr'>suavitate</span> <span class='ocrx_word' id='word_1_116' title='bbox 963 1315 1035 1352; x_wconf 86' lang='lat' dir='ltr'>ea,</span> <span class='ocrx_word' id='word_1_117' title='bbox 1075 1316 1157 1358; x_wconf 88' lang='lat' dir='ltr'>qua</span> <span class='ocrx_word' id='word_1_118' title='bbox 1185 1303 1447 1359; x_wconf 85' lang='lat' dir='ltr'>perfunderet</span> <span class='ocrx_word' id='word_1_119' title='bbox 1477 1305 1649 1355; x_wconf 86' lang='lat' dir='ltr'>animos,</span> 
     </span>
     <span class='ocr_line' id='line_1_16' title="bbox 261 1380 1650 1436; baseline 0.001 -15"><span class='ocrx_word' id='word_1_120' title='bbox 261 1394 345 1422; x_wconf 90' lang='lat' dir='ltr'>non</span> <span class='ocrx_word' id='word_1_121' title='bbox 383 1393 464 1436; x_wconf 85' lang='lat' dir='ltr'>qua</span> <span class='ocrx_word' id='word_1_122' title='bbox 499 1380 793 1436; x_wconf 77' lang='lat' dir='ltr'>perfringeret3</span> <span class='ocrx_word' id='word_1_123' title='bbox 830 1387 981 1422; x_wconf 86' lang='lat' dir='ltr'>tantum</span> <span class='ocrx_word' id='word_1_124' title='bbox 1020 1387 1061 1422; x_wconf 90' lang='lat' dir='ltr'>ut</span> <span class='ocrx_word' id='word_1_125' title='bbox 1091 1383 1329 1422; x_wconf 85' lang='lat' dir='ltr'>memoriam</span> <span class='ocrx_word' id='word_1_126' title='bbox 1361 1383 1650 1424; x_wconf 86' lang='lat' dir='ltr'>concinnitatis</span> 
     </span>
     <span class='ocr_line' id='line_1_17' title="bbox 263 1457 1651 1515; baseline 0.001 -16"><span class='ocrx_word' id='word_1_127' title='bbox 263 1470 387 1508; x_wconf 88' lang='lat' dir='ltr'>suae,</span> <span class='ocrx_word' id='word_1_128' title='bbox 426 1470 530 1507; x_wconf 90' lang='lat' dir='ltr'>non,</span> <span class='ocrx_word' id='word_1_129' title='bbox 571 1471 690 1512; x_wconf 88' lang='lat' dir='ltr'>quem</span> <span class='ocrx_word' id='word_1_130' title='bbox 722 1458 775 1499; x_wconf 90' lang='lat' dir='ltr'>ad</span> <span class='ocrx_word' id='word_1_131' title='bbox 805 1458 968 1499; x_wconf 90' lang='lat' dir='ltr'>modum</span> <span class='ocrx_word' id='word_1_132' title='bbox 1000 1458 1048 1499; x_wconf 90' lang='lat' dir='ltr'>de</span> <span class='ocrx_word' id='word_1_133' title='bbox 1080 1457 1241 1499; x_wconf 87' lang='lat' dir='ltr'>Pericle</span> <span class='ocrx_word' id='word_1_134' title='bbox 1273 1459 1437 1513; x_wconf 85' lang='lat' dir='ltr'>scripsit</span> <span class='ocrx_word' id='word_1_135' title='bbox 1466 1457 1651 1515; x_wconf 82' lang='lat' dir='ltr'>Eupolis,</span> 
     </span>
     <span class='ocr_line' id='line_1_18' title="bbox 263 1535 1651 1592; baseline 0.001 -15"><span class='ocrx_word' id='word_1_136' title='bbox 263 1549 355 1577; x_wconf 87' lang='lat' dir='ltr'>eum</span> <span class='ocrx_word' id='word_1_137' title='bbox 407 1535 681 1577; x_wconf 87' lang='lat' dir='ltr'>delectatione</span> <span class='ocrx_word' id='word_1_138' title='bbox 735 1535 906 1578; x_wconf 89' lang='lat' dir='ltr'>aculeos</span> <span class='ocrx_word' id='word_1_139' title='bbox 951 1537 1074 1577; x_wconf 90' lang='lat' dir='ltr'>etiam</span> <span class='ocrx_word' id='word_1_140' title='bbox 1118 1535 1368 1592; x_wconf 90' lang='lat' dir='ltr'>relinqueret</span> <span class='ocrx_word' id='word_1_141' title='bbox 1412 1538 1455 1578; x_wconf 89' lang='lat' dir='ltr'>in</span> <span class='ocrx_word' id='word_1_142' title='bbox 1503 1539 1651 1580; x_wconf 89' lang='lat' dir='ltr'>animis</span> 
     </span>
     <span class='ocr_line' id='line_1_19' title="bbox 263 1613 1013 1669; baseline 0 -14"><span class='ocrx_word' id='word_1_143' title='bbox 263 1627 428 1663; x_wconf 82' lang='lat' dir='ltr'>eorum,</span> <span class='ocrx_word' id='word_1_144' title='bbox 461 1627 486 1655; x_wconf 86' lang='lat' dir='ltr'>a</span> <span class='ocrx_word' id='word_1_145' title='bbox 517 1613 664 1669; x_wconf 83' lang='lat' dir='ltr'>quibus</span> <span class='ocrx_word' id='word_1_146' title='bbox 696 1620 807 1656; x_wconf 90' lang='lat' dir='ltr'>esset</span> <span class='ocrx_word' id='word_1_147' title='bbox 838 1614 1013 1656; x_wconf 85' lang='lat' dir='ltr'>auditus.</span> 
     </span>
    </p>

    <p class='ocr_par' dir='ltr' id='par_1_3' title="bbox 264 1689 1653 2060">
     <span class='ocr_line' id='line_1_20' title="bbox 376 1689 1653 1748; baseline 0.004 -17"><span class='ocrx_word' id='word_1_148' title='bbox 376 1689 430 1731; x_wconf 87' lang='lat' dir='ltr'><strong>X.</strong></span> <span class='ocrx_word' id='word_1_149' title='bbox 470 1691 537 1732; x_wconf 83' lang='lat'><strong>39.</strong></span> <span class='ocrx_word' id='word_1_150' title='bbox 576 1691 758 1734; x_wconf 89' lang='lat' dir='ltr'>Videsne</span> <span class='ocrx_word' id='word_1_151' title='bbox 799 1693 924 1746; x_wconf 80' lang='lat' dir='ltr'>igitur</span> <span class='ocrx_word' id='word_1_152' title='bbox 959 1693 1002 1733; x_wconf 89' lang='lat' dir='ltr'>in</span> <span class='ocrx_word' id='word_1_153' title='bbox 1037 1705 1090 1733; x_wconf 88' lang='lat' dir='ltr'>ea</span> <span class='ocrx_word' id='word_1_154' title='bbox 1125 1692 1218 1747; x_wconf 87' lang='lat' dir='ltr'>ipsa</span> <span class='ocrx_word' id='word_1_155' title='bbox 1254 1690 1375 1742; x_wconf 85' lang='lat' dir='ltr'>urbe,</span> <span class='ocrx_word' id='word_1_156' title='bbox 1413 1693 1455 1733; x_wconf 87' lang='lat' dir='ltr'>in</span> <span class='ocrx_word' id='word_1_157' title='bbox 1492 1706 1573 1748; x_wconf 86' lang='lat' dir='ltr'>qua</span> <span class='ocrx_word' id='word_1_158' title='bbox 1614 1700 1653 1737; x_wconf 87' lang='lat' dir='ltr'>et</span> 
     </span>
     <span class='ocr_line' id='line_1_21' title="bbox 264 1768 1652 1826; baseline 0.003 -16"><span class='ocrx_word' id='word_1_159' title='bbox 264 1775 364 1810; x_wconf 86' lang='lat' dir='ltr'>nata</span> <span class='ocrx_word' id='word_1_160' title='bbox 402 1775 441 1811; x_wconf 90' lang='lat' dir='ltr'>et</span> <span class='ocrx_word' id='word_1_161' title='bbox 478 1768 564 1810; x_wconf 88' lang='lat' dir='ltr'>alta</span> <span class='ocrx_word' id='word_1_162' title='bbox 603 1770 656 1810; x_wconf 88' lang='lat' dir='ltr'>sit</span> <span class='ocrx_word' id='word_1_163' title='bbox 692 1769 948 1825; x_wconf 82' lang='lat' dir='ltr'>eloquentia,</span> <span class='ocrx_word' id='word_1_164' title='bbox 991 1783 1113 1825; x_wconf 88' lang='lat' dir='ltr'>quam</span> <span class='ocrx_word' id='word_1_165' title='bbox 1152 1782 1204 1811; x_wconf 86' lang='lat' dir='ltr'>ea</span> <span class='ocrx_word' id='word_1_166' title='bbox 1242 1783 1337 1812; x_wconf 90' lang='lat' dir='ltr'>sero</span> <span class='ocrx_word' id='word_1_167' title='bbox 1375 1770 1571 1826; x_wconf 90' lang='lat' dir='ltr'>prodierit</span> <span class='ocrx_word' id='word_1_168' title='bbox 1610 1773 1652 1814; x_wconf 92' lang='lat' dir='ltr'>in</span> 
     </span>
     <span class='ocr_line' id='line_1_22' title="bbox 264 1846 1652 1901; baseline 0.003 -13"><span class='ocrx_word' id='word_1_169' title='bbox 264 1846 430 1889; x_wconf 63' lang='lat' dir='ltr'>lucem?</span> <span class='ocrx_word' id='word_1_170' title='bbox 476 1846 678 1901; x_wconf 85' lang='lat' dir='ltr'>siquidem</span> <span class='ocrx_word' id='word_1_171' title='bbox 717 1854 809 1889; x_wconf 82' lang='lat' dir='ltr'>ante</span> <span class='ocrx_word' id='word_1_172' title='bbox 849 1846 1020 1888; x_wconf 89' lang='lat' dir='ltr'>Solonis</span> <span class='ocrx_word' id='word_1_173' title='bbox 1060 1853 1237 1888; x_wconf 88' lang='lat' dir='ltr'>aetatem</span> <span class='ocrx_word' id='word_1_174' title='bbox 1278 1854 1316 1889; x_wconf 89' lang='lat' dir='ltr'>et</span> <span class='ocrx_word' id='word_1_175' title='bbox 1355 1846 1562 1890; x_wconf 88' lang='lat' dir='ltr'>Pisistrati</span> <span class='ocrx_word' id='word_1_176' title='bbox 1602 1850 1652 1892; x_wconf 91' lang='lat' dir='ltr'>de</span> 
     </span>
     <span class='ocr_line' id='line_1_23' title="bbox 264 1923 1652 1980; baseline 0.002 -15"><span class='ocrx_word' id='word_1_177' title='bbox 264 1924 378 1966; x_wconf 90' lang='lat' dir='ltr'>nullo</span> <span class='ocrx_word' id='word_1_178' title='bbox 418 1930 459 1966; x_wconf 87' lang='lat' dir='ltr'>ut</span> <span class='ocrx_word' id='word_1_179' title='bbox 497 1923 651 1966; x_wconf 87' lang='lat' dir='ltr'>diserto</span> <span class='ocrx_word' id='word_1_180' title='bbox 693 1925 916 1966; x_wconf 87' lang='lat' dir='ltr'>memoriae</span> <span class='ocrx_word' id='word_1_181' title='bbox 953 1924 1155 1980; x_wconf 85' lang='lat' dir='ltr'>proditum</span> <span class='ocrx_word' id='word_1_182' title='bbox 1198 1930 1272 1965; x_wconf 88' lang='lat' dir='ltr'>est.</span> <span class='ocrx_word' id='word_1_183' title='bbox 1334 1931 1374 1965; x_wconf 87' lang='lat' dir='ltr'>at</span> <span class='ocrx_word' id='word_1_184' title='bbox 1403 1924 1446 1966; x_wconf 93' lang='lat' dir='ltr'>hi</span> <span class='ocrx_word' id='word_1_185' title='bbox 1476 1927 1652 1980; x_wconf 87' lang='lat' dir='ltr'>quidem,</span> 
     </span>
     <span class='ocr_line' id='line_1_24' title="bbox 266 2001 1652 2060; baseline 0.001 -15"><span class='ocrx_word' id='word_1_186' title='bbox 266 2009 308 2045; x_wconf 92' lang='lat' dir='ltr'>ut</span> <span class='ocrx_word' id='word_1_187' title='bbox 354 2002 490 2060; x_wconf 87' lang='lat' dir='ltr'>populi</span> <span class='ocrx_word' id='word_1_188' title='bbox 535 2001 713 2044; x_wconf 82' lang='lat' dir='ltr'>Romani</span> <span class='ocrx_word' id='word_1_189' title='bbox 759 2009 876 2046; x_wconf 85' lang='lat' dir='ltr'>aetas</span> <span class='ocrx_word' id='word_1_190' title='bbox 922 2009 1010 2052; x_wconf 78' lang='lat' dir='ltr'>est,</span> <span class='ocrx_word' id='word_1_191' title='bbox 1058 2015 1206 2052; x_wconf 79' lang='lat' dir='ltr'>senes,</span> <span class='ocrx_word' id='word_1_192' title='bbox 1251 2008 1292 2044; x_wconf 86' lang='lat' dir='ltr'>ut</span> <span class='ocrx_word' id='word_1_193' title='bbox 1337 2001 1652 2047; x_wconf 87' lang='lat' dir='ltr'>Atheniensium</span> 
     </span>
    </p>
   </div>
   <div class='ocr_carea' id='block_1_3' title="bbox 267 2144 1654 2302">
    <p class='ocr_par' dir='ltr' id='par_1_4' title="bbox 267 2144 1654 2302">
     <span class='ocr_line' id='line_1_25' title="bbox 357 2144 1652 2198; baseline 0.005 -19"><span class='ocrx_word' id='word_1_194' title='bbox 357 2145 413 2181; x_wconf 82' lang='lat'><strong>36.</strong></span> <span class='ocrx_word' id='word_1_195' title='bbox 455 2146 696 2191; x_wconf 73' lang='lat' dir='ltr'>proxumus]</span> <span class='ocrx_word' id='word_1_196' title='bbox 721 2145 774 2179; x_wconf 84' lang='lat' dir='ltr'>sic</span> <span class='ocrx_word' id='word_1_197' title='bbox 795 2144 859 2190; x_wconf 81' lang='lat' dir='ltr'><strong>Lg.</strong></span> <span class='ocrx_word' id='word_1_198' title='bbox 881 2150 1027 2189; x_wconf 85' lang='lat' dir='ltr'>praeter</span> <span class='ocrx_word' id='word_1_199' title='bbox 1045 2144 1099 2180; x_wconf 83' lang='grc'>20.</span> <span class='ocrx_word' id='word_1_200' title='bbox 1117 2144 1172 2180; x_wconf 83' lang='lat'><strong>35.</strong></span> <span class='ocrx_word' id='word_1_201' title='bbox 1191 2144 1246 2179; x_wconf 84' lang='lat'><strong>39.</strong></span> <span class='ocrx_word' id='word_1_202' title='bbox 1267 2145 1343 2187; x_wconf 61' lang='lat'>56„</span> <span class='ocrx_word' id='word_1_203' title='bbox 1368 2145 1452 2198; x_wconf 80' lang='lat' dir='ltr'>item</span> <span class='ocrx_word' id='word_1_204' title='bbox 1468 2146 1560 2183; x_wconf 83' lang='lat' dir='ltr'>Ven.</span> <span class='ocrx_word' id='word_1_205' title='bbox 1578 2148 1605 2182; x_wconf 90' lang='lat'><strong>1.</strong></span> <span class='ocrx_word' id='word_1_206' title='bbox 1619 2149 1652 2185; x_wconf 90' lang='grc'>2.</span> 
     </span>
     <span class='ocr_line' id='line_1_26' title="bbox 267 2199 1654 2246; baseline 0.003 -11"><span class='ocrx_word' id='word_1_207' title='bbox 267 2200 350 2237; x_wconf 83' lang='lat' dir='ltr'>Vat.</span> <span class='ocrx_word' id='word_1_208' title='bbox 375 2221 420 2226; x_wconf 98' lang='lat'>—</span> <span class='ocrx_word' id='word_1_209' title='bbox 457 2201 590 2243; x_wconf 73' lang='lat' dir='ltr'>sucus]</span> <span class='ocrx_word' id='word_1_210' title='bbox 615 2202 666 2235; x_wconf 90' lang='lat' dir='ltr'>sic</span> <span class='ocrx_word' id='word_1_211' title='bbox 690 2212 761 2235; x_wconf 88' lang='lat' dir='ltr'>uno</span> <span class='ocrx_word' id='word_1_212' title='bbox 789 2212 809 2234; x_wconf 83' lang='lat' dir='ltr'><strong><em>c</em></strong></span> <span class='ocrx_word' id='word_1_213' title='bbox 832 2201 922 2235; x_wconf 84' lang='lat' dir='ltr'>Ven.</span> <span class='ocrx_word' id='word_1_214' title='bbox 947 2202 976 2235; x_wconf 91' lang='lat' dir='ltr'>l.</span> <span class='ocrx_word' id='word_1_215' title='bbox 996 2200 1028 2235; x_wconf 98' lang='grc'>2.</span> <span class='ocrx_word' id='word_1_216' title='bbox 1065 2199 1147 2235; x_wconf 80' lang='lat' dir='ltr'>Vnt.</span> <span class='ocrx_word' id='word_1_217' title='bbox 1183 2200 1248 2235; x_wconf 88' lang='lat' dir='ltr'>Gu.</span> <span class='ocrx_word' id='word_1_218' title='bbox 1272 2200 1301 2234; x_wconf 92' lang='lat' dir='ltr'>l.</span> <span class='ocrx_word' id='word_1_219' title='bbox 1338 2200 1403 2246; x_wconf 85' lang='lat' dir='ltr'><strong>Lg.</strong></span> <span class='ocrx_word' id='word_1_220' title='bbox 1430 2208 1575 2246; x_wconf 83' lang='lat' dir='ltr'>praeter</span> <span class='ocrx_word' id='word_1_221' title='bbox 1598 2204 1654 2239; x_wconf 93' lang='grc'>20.</span> 
     </span>
     <span class='ocr_line' id='line_1_27' title="bbox 267 2255 1450 2302; baseline 0.001 -11"><span class='ocrx_word' id='word_1_222' title='bbox 267 2257 323 2292; x_wconf 82' lang='grc'>39.</span> <span class='ocrx_word' id='word_1_223' title='bbox 348 2258 402 2293; x_wconf 83' lang='grc'>58.</span> <span class='ocrx_word' id='word_1_224' title='bbox 429 2277 474 2282; x_wconf 83' lang='lat'>-—</span> <span class='ocrx_word' id='word_1_225' title='bbox 509 2258 669 2301; x_wconf 78' lang='lat' dir='ltr'>inesset]</span> <span class='ocrx_word' id='word_1_226' title='bbox 697 2261 795 2291; x_wconf 73' lang='lat' dir='ltr'>esset</span> <span class='ocrx_word' id='word_1_227' title='bbox 820 2256 887 2302; x_wconf 84' lang='lat' dir='ltr'><strong>Lg.</strong></span> <span class='ocrx_word' id='word_1_228' title='bbox 912 2256 970 2290; x_wconf 90' lang='grc'>20.</span> <span class='ocrx_word' id='word_1_229' title='bbox 994 2256 1048 2292; x_wconf 85' lang='grc'>35.</span> <span class='ocrx_word' id='word_1_230' title='bbox 1075 2255 1129 2291; x_wconf 89' lang='grc'>51.</span> <span class='ocrx_word' id='word_1_231' title='bbox 1155 2256 1209 2291; x_wconf 87' lang='grc'>53.</span> <span class='ocrx_word' id='word_1_232' title='bbox 1234 2257 1289 2291; x_wconf 76' lang='grc'>58.</span> <span class='ocrx_word' id='word_1_233' title='bbox 1315 2257 1369 2292; x_wconf 84' lang='grc'>68.</span> <span class='ocrx_word' id='word_1_234' title='bbox 1397 2257 1450 2293; x_wconf 89' lang='grc'>70.</span> 
     </span>
    </p>
   </div>
   <div class='ocr_carea' id='block_1_4' title="bbox 269 2324 1654 2431">
    <p class='ocr_par' dir='ltr' id='par_1_5' title="bbox 269 2324 1654 2431">
     <span class='ocr_line' id='line_1_28' title="bbox 358 2324 1654 2372; baseline 0.002 -12"><span class='ocrx_word' id='word_1_235' title='bbox 358 2326 414 2360; x_wconf 83' lang='grc'>37.</span> <span class='ocrx_word' id='word_1_236' title='bbox 462 2325 696 2371; x_wconf 79' lang='lat' dir='ltr'>Phalereus]</span> <span class='ocrx_word' id='word_1_237' title='bbox 723 2326 934 2361; x_wconf 74' lang='lat' dir='ltr'>Phalerius</span> <span class='ocrx_word' id='word_1_238' title='bbox 957 2324 1022 2370; x_wconf 84' lang='lat' dir='ltr'><strong>Lg.</strong></span> <span class='ocrx_word' id='word_1_239' title='bbox 1042 2324 1097 2360; x_wconf 87' lang='grc'>20.</span> <span class='ocrx_word' id='word_1_240' title='bbox 1124 2325 1178 2360; x_wconf 85' lang='grc'>58.</span> <span class='ocrx_word' id='word_1_241' title='bbox 1196 2343 1242 2352; x_wconf 64' lang='grc'>’-</span> <span class='ocrx_word' id='word_1_242' title='bbox 1262 2326 1487 2372; x_wconf 73' lang='lat' dir='ltr'>palaestra]</span> <span class='ocrx_word' id='word_1_243' title='bbox 1510 2327 1561 2361; x_wconf 88' lang='lat' dir='ltr'>sic</span> <span class='ocrx_word' id='word_1_244' title='bbox 1585 2329 1654 2362; x_wconf 85' lang='lat' dir='ltr'>mei</span> 
     </span>
     <span class='ocr_line' id='line_1_29' title="bbox 269 2382 1651 2431; baseline 0 -14"><span class='ocrx_word' id='word_1_245' title='bbox 269 2394 393 2417; x_wconf 85' lang='lat' dir='ltr'>omnes</span> <span class='ocrx_word' id='word_1_246' title='bbox 419 2389 454 2417; x_wconf 88' lang='lat' dir='ltr'>et</span> <span class='ocrx_word' id='word_1_247' title='bbox 472 2383 527 2419; x_wconf 88' lang='lat' dir='ltr'>ed.</span> <span class='ocrx_word' id='word_1_248' title='bbox 548 2395 623 2428; x_wconf 83' lang='lat' dir='ltr'>pr.;</span> <span class='ocrx_word' id='word_1_249' title='bbox 648 2383 773 2418; x_wconf 85' lang='lat' dir='ltr'><strong>Lamb.</strong></span> <span class='ocrx_word' id='word_1_250' title='bbox 791 2382 1026 2431; x_wconf 75' lang='lat' dir='ltr'>palaestrae.</span> <span class='ocrx_word' id='word_1_251' title='bbox 1040 2401 1086 2408; x_wconf 92' lang='lat'>—-</span> <span class='ocrx_word' id='word_1_252' title='bbox 1112 2382 1360 2426; x_wconf 71' lang='lat' dir='ltr'>doctissumi]</span> <span class='ocrx_word' id='word_1_253' title='bbox 1386 2384 1436 2418; x_wconf 87' lang='lat' dir='ltr'>sic</span> <span class='ocrx_word' id='word_1_254' title='bbox 1456 2383 1520 2429; x_wconf 82' lang='lat' dir='ltr'><strong>Lg.</strong></span> <span class='ocrx_word' id='word_1_255' title='bbox 1541 2384 1573 2419; x_wconf 81' lang='lat'><strong>8.</strong></span> <span class='ocrx_word' id='word_1_256' title='bbox 1595 2383 1651 2420; x_wconf 79' lang='lat'><strong>51.</strong></span> 
     </span>
    </p>
   </div>
   <div class='ocr_carea' id='block_1_5' title="bbox 267 2439 1653 2555">
    <p class='ocr_par' dir='ltr' id='par_1_6' title="bbox 267 2439 1653 2555">
     <span class='ocr_line' id='line_1_30' title="bbox 267 2439 419 2473; baseline 0 -1"><span class='ocrx_word' id='word_1_257' title='bbox 267 2439 359 2473; x_wconf 88' lang='lat' dir='ltr'>Ven.</span> <span class='ocrx_word' id='word_1_258' title='bbox 390 2439 419 2472; x_wconf 91' lang='lat'><strong>1.</strong></span> 
     </span>
     <span class='ocr_line' id='line_1_31' title="bbox 359 2505 1653 2555; baseline 0.001 -13"><span class='ocrx_word' id='word_1_259' title='bbox 359 2507 414 2542; x_wconf 78' lang='lat'><strong>38.</strong></span> <span class='ocrx_word' id='word_1_260' title='bbox 455 2507 739 2554; x_wconf 61' lang='lat' dir='ltr'>persi-inqerel]</span> <span class='ocrx_word' id='word_1_261' title='bbox 771 2509 1055 2555; x_wconf 71' lang='lat' dir='ltr'>perstrinyeree</span> <span class='ocrx_word' id='word_1_262' title='bbox 1082 2506 1127 2540; x_wconf 93' lang='lat' dir='ltr'><strong>D.</strong></span> <span class='ocrx_word' id='word_1_263' title='bbox 1160 2507 1226 2543; x_wconf 89' lang='lat' dir='ltr'>Gu.</span> <span class='ocrx_word' id='word_1_264' title='bbox 1244 2507 1273 2541; x_wconf 94' lang='lat' dir='ltr'>l.</span> <span class='ocrx_word' id='word_1_265' title='bbox 1308 2507 1391 2542; x_wconf 86' lang='lat' dir='ltr'>Sch.</span> <span class='ocrx_word' id='word_1_266' title='bbox 1418 2505 1482 2542; x_wconf 83' lang='lat' dir='ltr'>Or.</span> <span class='ocrx_word' id='word_1_267' title='bbox 1510 2507 1653 2553; x_wconf 79' lang='lat' dir='ltr'>Meyer.</span> 
     </span>
    </p>
   </div>
   <div class='ocr_carea' id='block_1_6' title="bbox 271 2577 1654 2731">
    <p class='ocr_par' dir='ltr' id='par_1_7' title="bbox 271 2577 1654 2731">
     <span class='ocr_line' id='line_1_32' title="bbox 361 2577 1652 2622; baseline 0.002 -12"><span class='ocrx_word' id='word_1_268' title='bbox 361 2577 406 2611; x_wconf 86' lang='grc' dir='ltr'>Χ.</span> <span class='ocrx_word' id='word_1_269' title='bbox 454 2577 509 2611; x_wconf 77' lang='grc'>39.</span> <span class='ocrx_word' id='word_1_270' title='bbox 557 2581 597 2612; x_wconf 81' lang='lat' dir='ltr'>in</span> <span class='ocrx_word' id='word_1_271' title='bbox 621 2579 683 2622; x_wconf 77' lang='lat' dir='ltr'>ea]</span> <span class='ocrx_word' id='word_1_272' title='bbox 707 2583 748 2613; x_wconf 75' lang='lat' dir='ltr'>uc</span> <span class='ocrx_word' id='word_1_273' title='bbox 775 2582 816 2613; x_wconf 81' lang='lat' dir='ltr'>in</span> <span class='ocrx_word' id='word_1_274' title='bbox 837 2589 883 2611; x_wconf 80' lang='lat' dir='ltr'>ea</span> <span class='ocrx_word' id='word_1_275' title='bbox 908 2577 962 2612; x_wconf 85' lang='lat' dir='ltr'>ed.</span> <span class='ocrx_word' id='word_1_276' title='bbox 986 2588 1040 2621; x_wconf 85' lang='lat' dir='ltr'>pr.</span> <span class='ocrx_word' id='word_1_277' title='bbox 1062 2581 1096 2610; x_wconf 82' lang='lat' dir='ltr'>et</span> <span class='ocrx_word' id='word_1_278' title='bbox 1117 2577 1220 2612; x_wconf 85' lang='lat' dir='ltr'>codd.</span> <span class='ocrx_word' id='word_1_279' title='bbox 1243 2588 1386 2619; x_wconf 78' lang='lat' dir='ltr'>omnes3</span> <span class='ocrx_word' id='word_1_280' title='bbox 1413 2577 1548 2611; x_wconf 82' lang='lat' dir='ltr'>delevit</span> <span class='ocrx_word' id='word_1_281' title='bbox 1565 2577 1652 2612; x_wconf 70' lang='grc' dir='ltr'><strong>ΕΓΗ.</strong></span> 
     </span>
     <span class='ocr_line' id='line_1_33' title="bbox 271 2632 1654 2681; baseline 0.001 -17"><span class='ocrx_word' id='word_1_282' title='bbox 271 2632 333 2667; x_wconf 77' lang='lat' dir='ltr'>vel</span> <span class='ocrx_word' id='word_1_283' title='bbox 361 2636 402 2669; x_wconf 77' lang='lat' dir='ltr'>in</span> <span class='ocrx_word' id='word_1_284' title='bbox 434 2644 480 2667; x_wconf 69' lang='lat' dir='ltr'>aa</span> <span class='ocrx_word' id='word_1_285' title='bbox 511 2633 726 2681; x_wconf 69' lang='lat' dir='ltr'>Heusingeri</span> <span class='ocrx_word' id='word_1_286' title='bbox 760 2647 857 2680; x_wconf 73' lang='lat' dir='ltr'>susp,</span> <span class='ocrx_word' id='word_1_287' title='bbox 882 2654 927 2658; x_wconf 79' lang='lat'>—</span> <span class='ocrx_word' id='word_1_288' title='bbox 964 2632 1083 2675; x_wconf 70' lang='lat' dir='ltr'>seelu]</span> <span class='ocrx_word' id='word_1_289' title='bbox 1119 2633 1245 2677; x_wconf 77' lang='lat' dir='ltr'>scripsi</span> <span class='ocrx_word' id='word_1_290' title='bbox 1281 2633 1477 2667; x_wconf 84' lang='lat' dir='ltr'>secundum</span> <span class='ocrx_word' id='word_1_291' title='bbox 1512 2633 1654 2666; x_wconf 79' lang='lat' dir='ltr'>codices</span> 
     </span>
     <span class='ocr_line' id='line_1_34' title="bbox 274 2687 1653 2731; baseline -0.001 -7"><span class='ocrx_word' id='word_1_292' title='bbox 274 2690 426 2726; x_wconf 82' lang='lat' dir='ltr'>collatos</span> <span class='ocrx_word' id='word_1_293' title='bbox 451 2701 594 2727; x_wconf 74' lang='lat' dir='ltr'>omnes:</span> <span class='ocrx_word' id='word_1_294' title='bbox 620 2703 654 2729; x_wconf 78' lang='lat' dir='ltr'><strong>v.</strong></span> <span class='ocrx_word' id='word_1_295' title='bbox 682 2692 721 2728; x_wconf 89' lang='lat' dir='ltr'><strong>C.</strong></span> <span class='ocrx_word' id='word_1_296' title='bbox 748 2692 806 2730; x_wconf 84' lang='lat' dir='ltr'>Cr,</span> <span class='ocrx_word' id='word_1_297' title='bbox 834 2691 868 2726; x_wconf 86' lang='lat' dir='ltr'>in</span> <span class='ocrx_word' id='word_1_298' title='bbox 894 2690 939 2725; x_wconf 86' lang='lat' dir='ltr'>de</span> <span class='ocrx_word' id='word_1_299' title='bbox 964 2687 1028 2725; x_wconf 87' lang='lat' dir='ltr'>Or.</span> <span class='ocrx_word' id='word_1_300' title='bbox 1055 2688 1079 2724; x_wconf 86' lang='grc' dir='ltr'>Ι.</span> <span class='ocrx_word' id='word_1_301' title='bbox 1105 2690 1168 2731; x_wconf 69' lang='grc'>43,</span> <span class='ocrx_word' id='word_1_302' title='bbox 1198 2688 1272 2724; x_wconf 69' lang='grc'><strong>194.</strong></span> <span class='ocrx_word' id='word_1_303' title='bbox 1301 2710 1339 2715; x_wconf 83' lang='lat'><strong>—</strong></span> <span class='ocrx_word' id='word_1_304' title='bbox 1377 2688 1653 2730; x_wconf 56' lang='lat' dir='ltr'>adolescentes]</span> 
     </span>
    </p>
   </div>
   <div class='ocr_carea' id='block_1_7' title="bbox 1801 421 1807 1027">
    <p class='ocr_par' dir='ltr' id='par_1_8' title="bbox 1801 421 1807 1027">
     <span class='ocr_line' id='line_1_35' title="bbox 1801 421 1807 1027; baseline 0 0"><span class='ocrx_word' id='word_1_305' title='bbox 1801 421 1807 1027; x_wconf 95' lang='lat' dir='ltr'> </span> 
     </span>
    </p>
   </div>
   <div class='ocr_carea' id='block_1_8' title="bbox 1802 1390 1809 1910">
    <p class='ocr_par' dir='ltr' id='par_1_9' title="bbox 1802 1390 1809 1910">
     <span class='ocr_line' id='line_1_36' title="bbox 1802 1390 1809 1910; baseline 0 0"><span class='ocrx_word' id='word_1_306' title='bbox 1802 1390 1809 1910; x_wconf 95' lang='lat' dir='ltr'> </span> 
     </span>
    </p>
   </div>
   <div class='ocr_carea' id='block_1_9' title="bbox 1787 0 1835 3126">
    <p class='ocr_par' dir='ltr' id='par_1_10' title="bbox 1787 0 1835 3126">
     <span class='ocr_line' id='line_1_37' title="bbox 1787 0 1835 3126; baseline 0 0"><span class='ocrx_word' id='word_1_307' title='bbox 1787 0 1835 3126; x_wconf 95' lang='lat' dir='ltr'> </span> 
     </span>
    </p>
   </div>
  </div>
 </body>
</html>
