1835 3126
289 199 410 258 192
809 208 1158 253 CICERONIS

287 329 380 365 rata
419 319 543 362 altius
583 319 729 361 oratio.
787 320 854 361 67.
897 319 983 362 Sed
1022 323 1087 372 [et]
1130 322 1173 362 in
1203 320 1357 363 nostris
1395 319 1564 362 inscitia
1600 324 1675 367 est,

289 398 398 455 quod
426 397 468 439 hi
497 398 596 453 ipsi,
628 398 697 452 qui
726 397 768 438 in
793 395 968 438 Graecis
999 399 1236 452 antiquitate
1262 398 1517 440 delectantur
1544 410 1676 453 eaque

289 475 533 525 subtilitate,
559 487 680 530 quam
700 473 881 517 Atticam
907 474 1132 530 appellant,
1158 474 1265 516 hanc
1288 477 1327 516 in
1349 474 1504 518 Catone
1530 490 1580 517 ne
1604 489 1679 517 no-

289 561 433 597 verunt
464 553 640 609 quidem.
699 551 935 609 Hyperidae
965 552 1107 595 volunt
1136 566 1227 594 esse
1255 558 1293 594 et
1319 551 1487 606 Lysiae.
1539 553 1678 595 laudo.

290 631 364 675 sed
408 645 480 674 cur
515 631 657 674 nolunt
689 629 894 673 Catones?
952 631 1090 674 Attico
1120 644 1273 685 genere
1307 629 1469 672 dicendi
1501 644 1544 672 se
1575 644 1680 685 gau-

292 709 388 752 dere
422 710 571 753 dicunt.
621 711 830 766 sapienter
859 709 901 751 id
924 710 1098 766 quidem.
1157 708 1224 750 6⁵3.
1257 714 1376 763 atque
1409 709 1560 749 utinam
1590 709 1681 749 imi-

289 795 493 840 tarentur,
520 802 597 831 nec
629 801 729 831 ossa
759 787 912 839 solum,
945 788 1019 830 sed
1047 790 1169 830 etiam
1202 788 1465 842 sanguinem!
1514 785 1681 827 Gratum

290 874 353 909 est
386 873 523 909 tamen
563 867 671 923 quod
706 866 859 909 volunt.
921 880 993 909 cur
1031 868 1156 921 igitur
1187 865 1342 920 Lysias
1383 871 1421 906 et
1451 863 1681 920 Hyperides

293 951 471 995 amatur,
501 958 590 987 cum
618 946 779 1001 penitus
810 946 1023 999 ignoretur
1045 944 1147 987 Cato
1160 948 1177 987 ‘3
1223 944 1445 999 Antiquior
1470 949 1531 984 est
1560 942 1680 983 huius

291 1036 428 1066 sermo
459 1030 498 1065 et
528 1024 733 1079 quaedam
762 1023 998 1066 horridiora
1022 1023 1170 1065 verba:
1203 1024 1260 1064 ita
1290 1023 1397 1063 enim
1426 1028 1508 1062 tum
1535 1020 1683 1076 loque-

289 1100 452 1141 bantur.
511 1100 557 1142 Id
588 1109 718 1151 muta,
757 1101 865 1156 quod
894 1108 976 1142 tum
1005 1101 1077 1143 ille
1110 1114 1191 1143 non
1225 1101 1371 1155 potuit,
1403 1105 1442 1141 et
1471 1099 1576 1140 adde
1607 1112 1683 1140 nu-

290 1190 426 1220 meros
467 1184 524 1228 et,
570 1185 611 1219 ut
652 1179 786 1234 aptior
826 1180 878 1219 sit
917 1179 1068 1227 oratio,
1109 1179 1202 1233 ipsa
1236 1177 1367 1219 verba
1405 1190 1601 1232 compone
1644 1184 1683 1218 et

291 1257 410 1310 quasi
446 1263 711 1311 coagmenta,
750 1256 858 1312 quod
896 1269 948 1298 ne
981 1255 1132 1298 Graeci
1172 1254 1335 1310 quidem
1367 1261 1529 1296 veteres
1562 1255 1684 1296 facti-

288 1340 497 1375 taverunt:
542 1336 625 1376 iam
671 1336 876 1376 neminem
926 1341 1151 1390 antepones
1190 1332 1350 1375 Catoni.
1419 1332 1486 1373 69.
1530 1330 1683 1374 Ornari

291 1413 519 1454 orationem
571 1412 723 1454 Graeci
771 1419 936 1468 putant,
989 1413 1026 1454 si
1069 1412 1287 1454 verborum
1333 1410 1682 1453 immutationibus

290 1496 474 1539 utantur,
505 1503 608 1545 quos
641 1478 850 1546 appellant
881 1487 1097 1546 τρόπους,
1136 1494 1175 1531 et
1204 1490 1498 1531 sententiarum
1529 1489 1684 1531 oratio-

288 1569 436 1624 nisque
477 1568 641 1617 formis,
687 1581 793 1624 quae
832 1575 983 1611 vocant
1022 1565 1248 1625 σχήματατ
1294 1581 1378 1610 non
1414 1568 1503 1610 veri
1547 1566 1682 1609 simile

373 1712 417 1739 67.
456 1714 497 1748 cl]
518 1715 581 1740 sine
602 1715 696 1741 uncis.
716 1728 749 1733 —-
777 1714 822 1748 ln']
844 1715 872 1740 ii.
891 1727 924 1733 —
951 1721 988 1739 nc
1005 1713 1169 1747 noverunt]
1190 1721 1247 1739 non
1266 1714 1423 1740 noverunt.

374 1758 417 1784 68.
454 1761 481 1784 et
500 1762 530 1785 ut
550 1760 654 1793 aptior
672 1761 711 1786 sit
731 1760 845 1786 oratio.
869 1759 953 1793 ipsa]
975 1761 1005 1785 et
1025 1760 1120 1793 aptior
1138 1761 1177 1786 sit
1198 1760 1307 1790 orati03
1329 1759 1405 1792 ipsa.

290 1880 393 1923 rum]
424 1885 678 1926 posterorum
712 1882 768 1916 ed.
797 1893 849 1926 pr.
875 1882 941 1927 Lg.
970 1893 1092 1916 omnes
1128 1888 1274 1927 praeter
1300 1882 1355 1916 20.
1383 1881 1458 1923 58„
1492 1883 1527 1916 in
1554 1883 1682 1927 quibus

293 1942 347 1970 est
367 1941 585 1982 posterum.
627 1938 686 1971 De
712 1937 804 1971 Ven.
832 1936 905 1972 Ott.
932 1937 1014 1972 Vat.
1045 1938 1112 1972 Gu.
1133 1939 1162 1973 l.
1189 1938 1276 1972 nihil
1299 1938 1334 1972 in
1353 1937 1497 1972 schedis
1524 1940 1682 1983 reperio,

290 1992 355 2026 sed
381 1993 524 2027 minime
550 1994 675 2028 dubito
702 1995 808 2028 etiam
833 1994 898 2027 hos
925 1994 1118 2028 mendosos
1145 2005 1235 2028 esse.

383 2049 437 2083 67.
485 2051 664 2092 inscitia]
698 2052 906 2084 inscientia
932 2050 1056 2084 Lamb.
1105 2050 1213 2086 Quod
1240 2049 1425 2095 praecedit
1457 2056 1493 2084 et
1522 2057 1605 2085 ante
1640 2054 1683 2086 in

290 2107 457 2145 nostri-v,
489 2105 680 2138 secundum
706 2105 968 2150 Heusingeruul
993 2106 1093 2139 uncis
1127 2106 1271 2147 inclusi,
1307 2118 1386 2140 cum
1414 2110 1552 2145 etiam..
1586 2109 1684 2152 quod

291 2160 326 2193 in
352 2159 418 2205 Lg.
445 2160 500 2195 39.
534 2161 683 2205 legitur,
719 2160 982 2207 significatione
1016 2161 1171 2195 alienum
1203 2163 1248 2195 sit
1281 2167 1316 2196 et
1348 2164 1455 2196 totius
1488 2164 1558 2197 loci
1587 2165 1681 2197 ratio

291 2216 336 2250 ab
355 2217 562 2251 anacoluthi
586 2218 792 2262 suspicione
817 2218 1037 2251 alienissima
1057 2219 1112 2254 sit.
1130 2238 1175 2243 --
1200 2218 1305 2263 quod
1325 2217 1382 2261 hi]
1408 2220 1535 2263 scripsi
1559 2232 1626 2264 pro
1653 2222 1686 2254 ii

291 2283 335 2306 ex
352 2272 418 2307 Gu.
438 2274 467 2309 l.
496 2273 562 2319 Lg.
581 2274 613 2308 S.
634 2273 688 2309 39.
708 2274 760 2309 51.
779 2273 833 2309 53.
851 2274 905 2309 58.
924 2274 979 2308 68.
997 2275 1050 2308 70.
1101 2274 1274 2309 Homines
1302 2275 1487 2310 Ciceronis
1512 2276 1684 2320 aequales

292 2333 327 2362 et
353 2329 397 2363 ab
421 2341 465 2363 eo
500 2336 653 2375 propter
679 2330 833 2375 ineptias
864 2332 978 2365 notati
1003 2331 1053 2364 sic
1085 2331 1288 2365 indicantur
1312 2332 1525 2366 accuratius.
1552 2351 1598 2357 -—-
1636 2343 1684 2366 nc

290 2391 480 2420 noverunt
506 2387 678 2431 quidem]
705 2387 809 2421 codd.
837 2392 872 2421 et
898 2387 953 2421 ed.
973 2398 1026 2431 pr.
1053 2398 1131 2421 non
1153 2399 1236 2422 nov.
1263 2389 1434 2433 quidem.
1473 2399 1549 2421 non
1571 2399 1685 2421 nove-

290 2446 393 2477 runt.
447 2441 553 2483 Quid
576 2443 708 2477 enim?
741 2442 933 2477 Manutius.
957 2463 1003 2467 —
1040 2444 1222 2488 Catones]
1253 2444 1412 2479 Catonis
1437 2444 1540 2479 codd.
1569 2449 1604 2477 et
1628 2444 1683 2477 ed.

292 2508 366 2543 p1·.‚
393 2498 501 2532 inodo
528 2499 625 2543 quod
648 2500 824 2545 platonis
850 2498 943 2533 Ven.
972 2501 1001 2534 l.

382 2553 439 2590 68.
488 2556 665 2598 amatur]
695 2561 883 2591 amantur
907 2555 972 2601 Lg.
994 2555 1048 2590 35.
1078 2556 1133 2589 ed.
1158 2567 1211 2601 pr.
1231 2576 1274 2580 —
1303 2556 1401 2598 lum]
1427 2559 1517 2589 tunc
1541 2555 1607 2601 Lg.
1627 2556 1682 2589 53.

292 2611 347 2646 08.
373 2611 426 2646 70.
454 2623 523 2648 οιη.
550 2611 602 2646 58.
624 2632 667 2636 ———
702 2617 738 2646 et
762 2618 807 2648 ut
831 2616 966 2659 aptior
990 2614 1042 2646 sic
1067 2615 1218 2653 oratio,
1245 2616 1335 2658 ipsa
1360 2612 1476 2646 verba
1500 2632 1545 2636 ——
1570 2623 1682 2657 eoaq-

293 2668 441 2712 menta]
467 2666 566 2702 Haec
590 2679 669 2702 mea
694 2669 779 2702 oliin
803 2669 959 2714 suspicio
984 2680 1078 2702 nunc
1104 2668 1339 2702 confirmatur
1363 2668 1429 2714 Lg.
1452 2669 1507 2703 51.
1539 2668 1632 2702 Ven.
1651 2668 1683 2701 2.

295 2721 421 2761 ottob.
463 2729 506 2761 ut
530 2728 667 2774 aptior
690 2737 720 2760 s.
746 2725 813 2771 Lg.
835 2726 889 2761 56.
910 2725 963 2760 70.
996 2724 1124 2760 Latnb.
1150 2724 1294 2769 Meyer.
1336 2730 1373 2759 et
1395 2727 1530 2771 aptior
1549 2735 1578 2759 s.
1605 2724 1684 2758 rell.
