1835 3126
332 231 456 293 :352
756 240 1283 285 EXPLchTIONES

335 362 378 405 1,
409 358 475 396 77.
515 354 564 394 ad
600 354 766 406 opimum
796 354 984 393 orationis
1014 354 1184 392 habitum
1213 353 1465 402 transfertur,
1505 364 1617 405 quem
1646 352 1715 391 ille

331 422 514 464 Aeschini
534 421 683 469 tribuit,
713 432 825 472 quem
851 419 901 458 ad
929 418 1079 458 modum
1104 419 1241 458 Cicero
1264 421 1330 460 Or.
1353 422 1398 468 8,
1422 421 1489 460 25.
1531 419 1714 460 Asiaticis

332 489 554 530 oratoribus
592 491 753 538 opimum
787 492 820 523 et
859 485 1008 535 adipale
1047 496 1169 535 genus
1207 484 1375 533 dicendi;
1412 488 1554 539 quippe
1586 485 1715 527 verbis

331 561 508 597 ornatum
536 559 573 594 et
603 553 820 605 copiosum,
850 552 890 591 vi
919 552 1193 590 sententiarum
1217 551 1391 590 inferius.

443 623 551 660 habet
575 626 700 658 tamen
728 641 784 646 ——
805 618 1006 668 gaudeant]
1038 619 1135 657 haec
1160 617 1389 668 Bernhardy
1415 629 1498 657 cum
1522 618 1561 657 vi
1588 619 1717 670 posita

333 689 444 737 dicit,
480 693 520 727 ut
549 686 805 726 admiratores
840 685 983 735 Lysiae
1014 684 1214 736 eidemque
1245 684 1404 724 Catonis
1437 689 1716 735 contemptores

332 760 574 809 pungantur;
617 752 685 792 sed
725 757 906 804 suspecta
949 750 1140 792 videntur.
1208 751 1394 790 Tenuiter
1438 751 1537 790 enim
1579 751 1642 790 hic
1682 756 1720 790 et

331 823 493 876 proprie
517 821 693 860 dicuntur
716 819 861 867 eadem,
887 829 987 869 quae
1006 817 1125 869 paulo
1151 824 1240 857 ante
1264 816 1557 868 elegantissima
1578 816 1718 868 figura.

443 888 564 930 XVII.
623 887 689 927 65.
747 888 900 935 gravior
930 887 969 922 in
1000 883 1199 935 laudando]
1231 885 1341 924 huius
1372 885 1430 923 rei
1462 885 1720 924 testimonium

335 969 383 996 ex
421 955 599 1006 reliquiis
631 953 788 994 Catonis
826 958 959 1004 petere
997 964 1074 992 non
1103 952 1213 999 licet,
1251 963 1321 991 nec
1360 952 1444 992 veri
1484 951 1619 990 similis
1651 955 1720 998 est,

335 1034 420 1062 cum
455 1021 524 1060 ille
560 1032 632 1072 pro
672 1020 884 1059 acerbitate
923 1020 1072 1070 ingenii
1109 1019 1260 1058 minime
1293 1030 1509 1071 propensus
1540 1022 1641 1057 esset
1671 1017 1721 1056 ad

333 1087 590 1135 laudandum3
626 1087 683 1126 ita
718 1086 792 1125 hoc
828 1091 990 1137 propter
1027 1086 1262 1124 contrarium
1297 1085 1394 1124 illud
1432 1085 1478 1124 de
1508 1085 1721 1124 acerbitate

332 1153 578 1205 vituperandi
621 1152 840 1203 appositum
882 1151 1044 1191 videtur.
1113 1152 1255 1191 Cetera
1298 1156 1424 1190 autem
1472 1152 1511 1190 in
1561 1151 1719 1191 Catonis

332 1219 488 1260 laudem
518 1217 621 1256 dicta
649 1217 729 1255 illis
759 1218 990 1268 scriptorum
1018 1218 1240 1268 particuliS,
1273 1229 1374 1269 quae
1406 1217 1530 1256 adhuc
1557 1223 1721 1266 exstant,

334 1285 618 1326 confirmantur.

447 1353 514 1392 66.
572 1350 743 1399 Philisto]
769 1350 924 1402 scripsit
938 1361 1001 1388 res
1018 1348 1173 1389 Siculas
1190 1354 1226 1388 et
1242 1353 1354 1399 gesta
1370 1348 1548 1400 Dionysii
1563 1350 1722 1389 maioris

336 1425 373 1460 et
401 1418 574 1459 minoris.
617 1417 827 1468 Dionysius
855 1428 913 1468 ep.
950 1414 1000 1454 ad
1016 1416 1241 1467 Pompeium
1265 1427 1296 1454 c.
1318 1415 1356 1455 5.
1382 1416 1416 1455 ei
1438 1417 1571 1455 tribuit
1589 1418 1665 1458 vim
1686 1422 1723 1457 et

335 1488 475 1527 densas
496 1485 747 1535 vibratasque
763 1484 991 1523 sententias:
1014 1479 1062 1522 τὸ
1083 1477 1348 1537 στρογγύλον
1373 1479 1446 1522 καὶ
1462 1481 1627 1524 πυκνὸν
1649 1481 1722 1525 καὶ

337 1548 509 1595 εὔτονον
548 1548 620 1591 καὶ
656 1545 910 1603 ἐναγώνιον;
948 1549 1109 1588 eximias
1148 1549 1230 1587 eius
1265 1548 1402 1588 laudes
1432 1550 1549 1589 habet
1583 1550 1720 1592 Cicero

336 1620 386 1660 ad
409 1620 456 1670 Q.
472 1620 536 1659 Fr.
562 1618 609 1658 II.
630 1619 693 1657 13.
737 1618 781 1659 V.
807 1628 907 1669 quae
932 1616 1078 1667 collegi
1099 1615 1230 1668 Expll.
1257 1615 1307 1654 ad
1331 1615 1378 1654 de
1404 1616 1469 1656 Or.
1494 1617 1543 1656 II.
1563 1619 1628 1665 13,
1653 1619 1719 1658 57.

449 1686 545 1738 quod
565 1689 650 1723 item
677 1685 828 1734 [lysiae]
852 1683 1100 1736 improbabat
1125 1683 1221 1722 haec
1235 1683 1462 1723 Schuetzius
1493 1689 1529 1722 et
1554 1684 1721 1736 quodam

337 1753 450 1794 modo
492 1753 607 1792 etiam
636 1751 885 1802 Bernhardy,
920 1762 990 1790 nec
1026 1750 1246 1790 breviorem
1285 1761 1356 1789 nec
1397 1751 1608 1790 acutiorem
1638 1764 1724 1792 esse

334 1821 492 1871 Lysiam
523 1819 673 1866 dicens,
704 1824 746 1857 ut
773 1819 1012 1870 posteriores
1040 1830 1124 1857 eum
1154 1817 1349 1869 potuerint
1373 1817 1596 1859 obscurare.
1641 1816 1724 1859 Sed

336 1885 486 1933 officere
523 1896 606 1923 cum
643 1885 920 1923 Demosthenes
955 1885 1100 1934 Lysiae
1138 1883 1297 1930 dicitur,
1339 1883 1443 1935 apud
1478 1885 1647 1926 lectores
1688 1892 1725 1926 et

336 1952 530 1993 studiosos
570 1950 709 1990 dicitur
753 1950 929 1990 officere:
974 1951 1118 2001 quippe
1155 1949 1281 1988 effecit
1323 1950 1392 1988 ille
1430 1952 1468 1990 vi
1508 1958 1544 1991 et
1585 1959 1723 1992 ornatu

335 2018 573 2065 orationum,
603 2023 644 2056 ut
666 2018 805 2068 Lysias
835 2016 938 2069 apud
964 2016 1170 2068 pauciores
1199 2016 1446 2067 probaretur.

448 2086 515 2124 67.
577 2084 746 2133 Catones]
772 2084 818 2123 de
842 2085 915 2123 hoc
939 2083 1131 2121 schemate
1155 2082 1235 2120 dixi
1260 2081 1310 2120 ad
1325 2082 1371 2121 de
1388 2083 1454 2122 Or.
1471 2083 1499 2122 Ι.
1516 2084 1582 2133 48,
1604 2087 1721 2134 210.;

338 2156 426 2190 ante
456 2161 515 2189 me
544 2149 754 2190 Lambinus
786 2149 835 2188 ad
863 2149 975 2188 Bruti
1002 2148 1152 2195 locum,
1184 2147 1243 2186 ed.
1275 2148 1402 2187 Klein.
1432 2162 1470 2201 p.
1502 2151 1567 2190 66.

449 2218 516 2256 68.
574 2216 804 2266 sanyuinem]
849 2215 1015 2266 figuram
1052 2214 1181 2253 multis
1221 2213 1393 2254 illustrat
1432 2215 1636 2258 Goellerus
1672 2220 1722 2259 ad

338 2285 420 2326 Cic.
452 2284 559 2324 Orat.
589 2295 626 2334 p.
661 2284 752 2323 183.

449 2349 610 2398 amatur]
635 2349 909 2400 „singularem
932 2360 1128 2388 numerum
1150 2352 1366 2399 praestare,
1393 2348 1496 2400 quod
1517 2350 1722 2402 Hyperidis

337 2423 374 2457 et
395 2418 539 2468 Lysiae
568 2416 723 2455 nomina
747 2417 860 2468 quasi
889 2428 1002 2455 unam
1032 2416 1071 2454 in
1098 2415 1292 2454 notionem
1323 2421 1481 2465 coeant,
1512 2416 1623 2457 docet
1653 2419 1721 2458 ob-

338 2484 508 2525 servatio
549 2483 754 2523 Goerenzii
790 2484 830 2522 in
858 2483 978 2523 Acad.
1009 2483 1058 2523 II.
1091 2484 1125 2522 l.
1163 2494 1200 2534 p.
1233 2484 1291 2530 2.,
1330 2483 1389 2522 cui
1425 2483 1722 2536 locupletandae

336 2551 555 2604 profuerint
581 2550 780 2589 Bentleius
809 2551 848 2589 in
878 2551 971 2591 Hor.
999 2551 1125 2590 Carm.
1156 2550 1219 2591 IV.
1250 2553 1324 2599 ll,
1350 2553 1389 2591 9.
1422 2557 1459 2591 et
1480 2553 1721 2594 Burmannus

337 2620 377 2657 in
405 2619 516 2669 Virg·
546 2618 643 2658 Aen.
672 2618 736 2658 IV.
767 2617 898 2657 65l.“
955 2617 1188 2664 Bernhardy.

451 2690 485 2722 et
508 2690 548 2721 ut
577 2687 702 2735 aptior
724 2687 774 2722 stt
796 2685 929 2734 οναιὶο]
956 2685 1052 2723 haec
1078 2685 1154 2731 sic,
1179 2688 1220 2723 ut
1243 2684 1441 2733 solebant,
1476 2681 1721 2734 ἀσυνδέτως

340 2751 553 2804 composita
600 2751 787 2792 neminem
831 2751 1037 2792 offendisse
1081 2753 1213 2805 utique
1251 2752 1382 2791 miror.
1446 2752 1526 2793 Nec
1571 2752 1721 2803 seiungi
