1835 3126
341 231 537 276 BREVIS
569 230 964 285 ELOQUENTIAE
995 232 1130 277 ROM.
1161 232 1305 277 HIST.
1400 235 1519 280 129

130 348 227 389 locis
257 346 407 387 duobus
435 348 574 396 utitur,
611 359 774 400 quorum
804 347 905 387 alter
940 347 996 387 sic
1024 349 1146 400 vulgo
1178 349 1343 401 scriptus
1376 353 1520 388 exstat:

130 416 197 454 hoc
233 413 464 464 (aconitum)
509 415 583 462 fuit
620 428 818 461 venenmu,
863 429 936 465 quo
974 418 1215 466 iuteremptus
1253 430 1278 454 a
1318 417 1522 466 Calpurnio

131 485 258 519 Bestia
290 495 427 519 uxores
449 484 507 520 M.
535 481 717 519 Caecilius
746 488 943 520 accusator
973 483 1099 521 obiecit
1116 480 1199 533 (39).
1243 482 1331 523 Non
1360 483 1522 531 faceret,

130 548 269 596 credo,
305 548 575 597 Ruhnkenius‚
612 549 687 588 nisi
725 548 772 588 de
812 550 885 589 hoc
915 549 972 589 M.
1006 549 1144 590 Caelio
1174 549 1278 590 Rufo
1315 550 1521 601 cogitaret.

127 614 227 654 Nam
256 615 289 654 si
319 615 419 654 alius
447 620 526 664 est,
558 616 649 667 quid
678 616 801 655 refert
830 617 964 667 ignoto
990 617 1135 656 nomini
1165 618 1385 668 subrogare
1415 615 1523 656 aliud

128 682 336 732 ignotius?
396 683 545 722 Scimus
583 689 791 735 praeterea
828 684 1081 736 Calpurnium
1123 684 1313 736 quendam
1351 684 1524 724 Bestiam

128 753 339 800 praeturae
379 749 624 789 candidatum
663 751 722 790 his
759 751 997 802 temporibus
1033 750 1080 789 de
1115 751 1261 789 ambitu
1300 755 1524 790 accusatum

129 827 215 854 esse
243 815 312 855 Cn.
336 816 503 856 Lentulo
533 818 579 856 L.
601 817 783 868 Philippo
815 816 1061 864 consulibus,
1093 828 1129 855 a.
1153 817 1237 856 698
1254 814 1336 867 (40).
1380 817 1524 858 Verum

129 884 163 921 si
193 895 240 922 ea
270 884 401 933 magni
429 884 505 923 riri
534 883 724 922 sententia
750 883 843 930 fuit,
884 882 1081 921 refellitur
1111 893 1160 921 ex
1190 882 1392 922 Ciceronis
1423 882 1525 921 Cae-

127 950 235 989 liana
261 946 350 999 (4¹),
392 961 469 1000 qua
499 948 596 988 duas
632 960 696 988 res
725 948 885 1000 publica
915 949 1184 988 accusationes
1217 961 1241 988 a
1270 948 1406 989 Caelio
1437 953 1525 987 tan-

129 1029 244 1068 quam
279 1016 489 1057 voluntatis
519 1015 690 1067 pignora
719 1016 866 1055 habere
896 1015 1049 1056 dicitur.
1105 1016 1204 1056 Hinc
1232 1017 1387 1056 tertiam
1415 1015 1526 1055 illam

128 1083 254 1122 Caelii
289 1083 480 1122 actionem
508 1088 598 1134 post
628 1095 664 1121 a.
696 1084 779 1122 700
814 1083 909 1135 poni
942 1088 1108 1136 oportet.
1165 1083 1302 1136 Neque
1332 1083 1446 1123 etiam
1478 1082 1527 1121 de

127 1150 201 1202 Ap.
221 1150 390 1190 Pulchro
421 1149 512 1201 lege
544 1150 747 1190 Scantinia
776 1150 973 1202 postulato
1007 1150 1279 1201 cogitandum,
1312 1162 1428 1202 quam
1458 1161 1526 1189 ac-

129 1218 368 1257 cusationem
402 1216 575 1257 terrendi
612 1218 776 1257 hominis
808 1229 929 1258 causa
967 1223 1186 1270 susceptam
1218 1218 1380 1265 abiecit,
1417 1220 1526 1269 post-

129 1297 244 1336 quam
272 1285 509 1325 voluntatem
540 1285 621 1324 eius
649 1289 833 1324 mutatam
861 1285 1067 1324 intellexit.
1118 1284 1198 1326 Sed
1228 1284 1369 1324 dudum
1398 1283 1528 1336 suspi-

128 1356 237 1390 catus
263 1356 320 1391 est
341 1351 442 1391 idem
464 1352 533 1391 ille
556 1353 757 1392 Manutius
776 1349 845 1403 (⁴²)
874 1353 916 1397 Q.
934 1355 1151 1403 Pompeium
1172 1353 1319 1400 Rufum
1344 1364 1368 1391 a
1389 1351 1526 1392 Caelio

129 1417 176 1457 de
205 1419 245 1458 vi
274 1418 512 1466 damnatum,
549 1421 742 1460 hominem
769 1421 870 1459 inter
901 1420 1074 1458 asseclas
1108 1419 1239 1460 Clodii
1270 1424 1307 1458 et
1336 1419 1377 1458 in
1407 1429 1529 1458 causa

128 1485 313 1533 Milonis,
354 1497 438 1524 cum
469 1487 645 1526 tribunus
676 1492 779 1526 esset
819 1499 854 1526 a.
886 1489 987 1534 702,
1026 1487 1357 1526 violentissimum.
1416 1484 1528 1524 Hunc

129 1553 168 1590 in
194 1552 372 1591 exsilium
402 1552 556 1604 pulsum
587 1565 635 1592 ex
657 1554 819 1593 Asconii
848 1558 1077 1604 argumento
1100 1553 1349 1593 Milonianae
1372 1552 1528 1599 scimus,

130 1619 426 1671 sublevatitque
466 1631 551 1659 eum
579 1621 716 1660 Baulis
749 1621 989 1660 exsulantem
1019 1620 1176 1660 Caelius
1210 1620 1323 1660 huius
1352 1620 1412 1659 rei
1443 1619 1530 1670 ipse

128 1687 316 1734 iactator,
358 1697 442 1725 cum
478 1686 527 1726 ad
559 1688 786 1728 Ciceronem
822 1689 861 1726 in
893 1687 1073 1728 Ciliciam
1103 1687 1259 1738 scripsit
1284 1682 1365 1736 (43).
1426 1685 1530 1725 Sub-

128 1753 280 1792 levatus
323 1758 449 1792 autem
487 1754 544 1792 ita
583 1759 660 1803 est,
702 1760 744 1793 ut
782 1754 940 1794 Caelius
979 1758 1141 1792 matrem
1181 1753 1264 1792 eius
1305 1751 1531 1792 Corneliam

129 1819 268 1859 Sullae
292 1819 492 1859 dictatoris
522 1819 643 1858 filiam
674 1821 868 1871 coegerit,
899 1820 1065 1873 praedia
1093 1819 1184 1859 fidei
1207 1831 1302 1859 suae
1326 1820 1532 1859 commissa

128 1886 209 1926 filio
240 1886 424 1934 reddere3
454 1887 562 1925 testis
592 1886 774 1927 Valerius
803 1888 1002 1927 Maximus
1027 1884 1110 1937 (⁴4).
1171 1887 1371 1927 Contionis
1404 1886 1533 1928 Caelii

129 1954 173 1991 de
209 1957 318 2004 aquis
362 1953 412 1992 ad
452 1954 639 2006 populum
683 1954 806 1994 verba
850 1954 1041 2007 quaedam
1074 1954 1301 1994 Priscianus
1347 1954 1532 2006 ascripsit

131 2020 341 2072 eademque
381 2021 565 2072 apposuit
601 2021 827 2070 Frontinus,
867 2021 971 2074 apud
1010 2033 1122 2073 quem
1157 2021 1201 2058 de
1240 2021 1532 2071 aquaeductibus

130 2088 354 2128 inscribitur
380 2084 462 2139 (⁴5).
520 2088 760 2128 Incertarum
791 2090 1012 2128 orationum
1047 2089 1170 2129 verba
1198 2088 1437 2140 paucissima
1464 2098 1530 2127 re-

129 2155 324 2195 tinuerunt
355 2155 617 2205 Quintilianus
646 2155 872 2196 Priscianus
901 2155 1110 2196 Diomedes
1140 2154 1368 2196 Rufinianus
1391 2150 1473 2204 (⁴¹⁶).

222 2320 282 2363 39)
316 2320 411 2355 Plin.
433 2319 477 2354 ΙΙ.
500 2318 547 2354 N.
574 2318 649 2353 VII.
671 2318 726 2353 49.
763 2318 911 2354 XXVII.
932 2319 966 2356 2.
1085 2319 1145 2363 40)
1180 2317 1253 2355 Cic.
1275 2318 1322 2356 Q.
1344 2317 1404 2353 Fr.
1430 2317 1472 2352 II.
1495 2318 1530 2353 3.

132 2377 190 2420 41)
218 2389 246 2411 c.
266 2376 319 2412 32.
440 2376 498 2420 42)
526 2376 572 2410 ad
589 2375 675 2411 Div.
693 2375 784 2410 VIII.
804 2376 833 2409 I.
853 2389 885 2421 p.
903 2375 981 2410 827.
1098 2376 1156 2418 43)
1183 2376 1257 2411 Cic.
1274 2375 1360 2411 Div.
1381 2374 1477 2410 VIII.
1498 2376 1528 2410 1.

132 2434 190 2476 44)
217 2433 299 2468 val.
316 2432 419 2466 Max.
439 2431 501 2467 IV.
520 2432 561 2474 2,
581 2433 613 2467 7.
733 2433 791 2476 45)
819 2433 930 2467 Prisc.
949 2431 1011 2467 VI.
1038 2444 1073 2478 p.
1094 2432 1172 2468 678.
1206 2431 1250 2466 Ρ.
1270 2431 1466 2466 Frontinus
1484 2429 1528 2466 11.

133 2501 167 2534 p.
197 2490 276 2525 242.
317 2489 373 2524 ed.
406 2488 593 2523 Keuehen.
640 2488 719 2523 Huc
752 2495 894 2534 spectat
931 2488 1044 2524 Caelii
1079 2488 1210 2523 (lictum
1242 2488 1328 2525 Div.
1365 2486 1460 2522 VIII.
1496 2486 1530 2522 9.

134 2545 191 2588 46)
228 2545 377 2582 Quintil.
404 2545 429 2580 l.
457 2545 500 2587 5,
525 2544 580 2580 61.
618 2546 732 2582 Prisc.
760 2545 820 2580 Vl.
848 2558 883 2591 p.
909 2545 986 2581 221.
1014 2551 1038 2581 t.
1066 2544 1093 2579 l.
1118 2545 1180 2579 Kr.
1218 2543 1389 2580 Diomed.
1416 2557 1450 2590 p.
1475 2543 1530 2578 41.

133 2600 347 2636 Rufinianus
380 2614 415 2647 p.
438 2601 515 2636 211.
563 2601 697 2637 Iniuria
722 2602 849 2638 Caelio
878 2602 1081 2636 tribuuntur
1113 2601 1186 2635 alia
1216 2601 1392 2646 quaedam
1428 2600 1531 2635 huius

134 2663 170 2691 et
195 2658 345 2693 Catonis
369 2659 534 2694 Censorii
559 2659 761 2694 nominibus
786 2671 853 2705 per
879 2669 1039 2694 errorem
1064 2657 1233 2692 confusis.
1280 2658 1443 2692 Primum
1470 2654 1531 2701 qui

133 2714 229 2760 apud
256 2714 403 2749 Festum
435 2715 471 2749 in
503 2726 618 2750 oreae
649 2728 685 2762 p.
714 2716 789 2750 144.
822 2717 923 2751 locus
956 2714 1104 2749 affertur
1133 2725 1179 2748 ex
1211 2714 1377 2749 oratione
1405 2711 1533 2747 Caelii

128 2782 206 2818 pro
233 2783 273 2807 se
297 2771 405 2818 apud
427 2772 642 2819 populum,
677 2772 792 2807 Caelii
818 2783 898 2806 esse
922 2772 992 2806 iam
1019 2783 1063 2806 ea
1087 2770 1133 2806 de
1158 2782 1268 2805 causa
1299 2780 1371 2805 non
1396 2773 1531 2814 potest,

1215 2839 1243 2880 9
