1835 3126
242 232 347 275 116
454 225 651 271 BREVIS
682 223 1076 277 ELOQUENTIAE
1106 225 1241 269 ROM.
1273 225 1415 268 HIST.

242 347 395 394 ruptus,
437 341 470 378 si
505 338 659 391 quidem
697 340 872 389 graviter
909 341 1083 391 queritur
1113 340 1250 380 Cicero
1277 338 1365 393 (⁰¹),
1412 338 1515 392 quod
1551 349 1629 378 una

243 421 327 448 cum
366 417 489 446 uxore
526 405 748 445 libertinam
792 406 867 444 sibi
907 405 1087 445 dilectam
1126 407 1367 457 Cytheridem
1408 412 1444 446 et
1485 411 1630 458 septem

242 475 332 513 aliis
361 474 508 512 lecticis
538 471 697 511 totidem
727 472 809 512 sive
832 473 976 512 amicos
1008 473 1087 512 sive
1111 474 1253 512 amicas
1283 475 1323 512 in
1343 474 1418 512 iter
1442 473 1631 512 eduxerit.

242 540 322 582 Sed
358 540 572 580 oratoriam
601 538 757 577 laudem
798 539 846 578 ab
878 551 924 578 eo
955 538 1181 578 abiudicare
1216 552 1293 578 non
1321 540 1425 578 licet.
1485 538 1632 588 Quodsi

243 608 343 646 enim
374 619 488 658 quam
516 605 733 644 honorifice
761 606 801 644 in
829 606 963 657 primis
996 605 1254 654 Quintilianus
1286 606 1332 644 de
1363 618 1407 644 eo
1443 607 1633 644 existimet

242 674 569 726 reputaverimus,
613 672 749 711 mirum
783 672 909 713 videri
946 673 1089 724 possit,
1135 672 1237 723 quod
1279 671 1417 711 Cicero
1459 672 1632 723 quamvis

243 742 389 780 amicus
417 741 578 780 virtutes
609 739 691 778 eius
716 739 838 778 minus
865 738 1171 790 praedicaverit,
1205 750 1318 789 quam
1338 738 1412 777 viri
1438 738 1575 776 laudes
1600 741 1637 776 et

244 814 375 847 mutua
403 806 677 846 benevolentia
705 806 970 858 postulabant.
1028 806 1126 845 Nam
1156 806 1195 843 in
1220 805 1457 845 Mureniana
1484 804 1636 856 quidem

243 875 481 925 ignoscimus
514 873 664 912 oratori
692 871 769 912 τὸν
792 867 909 925 ἥττω
936 868 1067 925 λόγον
1095 867 1275 926 κρείττω
1301 871 1520 918 ποιοῦντι,
1553 882 1637 909 cum

246 942 396 981 civilem
419 940 594 992 Sulpicio
624 938 869 991 prudentiam
898 950 975 977 non
1000 938 1151 987 adimit,
1179 937 1247 976 sed
1270 938 1529 989 eloquentiam
1559 949 1636 975 non

247 1008 433 1048 concedit.
494 1006 573 1046 Sed
612 1007 652 1044 in
680 1007 802 1044 Bruto
830 1002 901 1055 (⁶⁵2)
940 1005 1117 1044 eximiam
1155 1004 1308 1055 quidem
1344 1009 1502 1055 praeter
1538 1003 1639 1040 alias

245 1075 382 1115 literas
418 1074 526 1112 illam
557 1073 593 1111 ei
621 1072 775 1111 laudem
808 1072 961 1119 tribuit,
1000 1071 1104 1122 quod
1134 1082 1217 1109 cum
1249 1070 1392 1122 peritia
1422 1068 1639 1108 Scaevolae

248 1146 285 1180 et
323 1141 487 1179 aliorum
526 1139 621 1177 iuris
658 1138 921 1177 consultorum
957 1137 1067 1176 illam
1105 1147 1260 1188 quoqne
1297 1135 1510 1175 doctrinam
1548 1147 1640 1174 con-

246 1208 434 1255 iunxerit,
478 1217 579 1258 quae
618 1204 809 1256 dissipata
844 1215 1074 1255 componere
1113 1203 1276 1242 confusa
1313 1202 1534 1242 discernere
1563 1202 1643 1241 suis

249 1284 427 1326 quaeque
468 1272 658 1324 capitibus
689 1271 926 1321 subiungere
958 1270 1115 1318 doceat,
1158 1275 1195 1308 et
1232 1270 1406 1309 acumine
1436 1269 1641 1308 dialectico

248 1341 345 1380 iuris
385 1339 520 1378 rudem
563 1338 687 1377 adhuc
725 1336 1036 1388 indigestamque
1079 1336 1219 1375 molem
1256 1337 1296 1374 in
1340 1337 1434 1375 artis
1475 1336 1639 1374 sormam

249 1406 466 1456 redegerit:
504 1410 544 1444 at
577 1416 667 1443 mox
706 1403 812 1442 addit
852 1403 1108 1454 assumpsisse
1147 1403 1363 1454 Sulpicium
1398 1402 1644 1453 eloquentiae

249 1477 416 1519 tantum,
447 1476 488 1509 ut
515 1471 574 1509 ius
606 1470 719 1509 civile
742 1469 863 1507 facile
887 1474 1078 1516 tueretur,
1109 1469 1213 1519 quod
1239 1481 1316 1508 non
1345 1481 1439 1507 sane
1463 1480 1645 1518 magnum

253 1544 327 1586 est,
358 1543 395 1577 et
423 1537 502 1576 alio
537 1536 627 1576 loco
656 1535 898 1587 principibus
930 1534 1177 1586 eloquentiae
1205 1548 1294 1574 num
1324 1548 1398 1587 par
1426 1535 1545 1575 fuerit
1575 1534 1644 1573 ad-

253 1605 414 1645 dubitat.
480 1602 539 1643 Ne
575 1602 798 1655 Philippica
842 1601 995 1653 quidem
1036 1613 1140 1641 nona
1181 1601 1336 1641 laudem
1373 1602 1492 1641 aliam
1531 1613 1645 1653 quam

252 1672 350 1711 iuris
384 1670 550 1710 consulti
575 1670 705 1709 hahet.
762 1669 865 1708 Iuris
901 1669 1001 1708 enim
1027 1669 1171 1720 peritia
1200 1674 1288 1708 ante
1316 1669 1539 1708 Labeonem
1564 1670 1645 1708 An-

252 1740 398 1779 tistium
428 1743 465 1777 et
493 1737 645 1777 Ateium
676 1735 903 1787 Capitonem
932 1735 1107 1774 omnibus
1137 1736 1352 1787 praestitit,
1387 1741 1428 1775 ut
1461 1736 1554 1774 libri
1583 1747 1647 1774 re-

254 1806 535 1858 prehensorum
563 1804 603 1842 in
621 1802 816 1843 Scaevola
845 1802 1013 1853 capitum
1041 1803 1354 1842 commentarium
1383 1803 1423 1841 in
1447 1802 1648 1842 duodecim

255 1871 411 1912 tabulas
457 1870 526 1909 alii
568 1870 608 1908 in
652 1880 796 1907 summo
839 1868 989 1907 honore
1033 1874 1171 1907 essent.
1229 1869 1381 1908 Docent
1419 1870 1567 1909 Gellius
1613 1873 1650 1908 et

256 1939 394 1979 Festus
427 1947 560 1976 eorum
595 1935 814 1974 testimonio
842 1934 1095 1973 multifariam
1123 1939 1285 1973 utentes.
1343 1936 1481 1985 Longe
1510 1936 1650 1974 iustior

259 2005 450 2046 Cicerone
467 2001 750 2052 QuintilianuS,
782 2001 847 2052 qui
868 2012 945 2040 non
967 2000 1080 2040 modo
1106 2002 1200 2040 artis
1225 2002 1403 2053 exempla
1432 2015 1455 2040 a
1473 2001 1649 2053 Sulpicio

257 2072 355 2123 petit
383 2067 474 2121 (⁶3),
514 2068 583 2108 sed
623 2069 738 2107 etiam
773 2067 938 2106 studium
974 2067 1110 2106 laudat
1135 2065 1224 2118 (⁶⁴),
1265 2080 1424 2108 acumen
1458 2069 1649 2118 insignem

260 2139 344 2176 eius
367 2138 407 2176 in
431 2135 592 2175 dicendo
616 2135 795 2174 virtutem
819 2133 1021 2184 praedicat
1036 2130 1127 2183 (⁶5),
1156 2133 1378 2173 facundiam
1403 2146 1487 2174 cum
1508 2135 1651 2186 peritia

258 2204 367 2251 huic,
397 2207 438 2242 ut
469 2200 608 2242 Catoni
637 2204 674 2239 et
704 2199 940 2247 Scaevolae,
971 2210 1195 2239 concessam
1219 2200 1341 2239 fuisse
1370 2201 1549 2251 agnoscit
1564 2198 1649 2250 (⁶⁰),

260 2270 452 2320 insignem
489 2267 613 2307 tribus
650 2266 892 2305 orationibus
929 2266 1155 2318 perscriptis
1185 2266 1341 2305 laudem
1376 2271 1528 2318 partam
1565 2277 1651 2306 esse

262 2336 384 2376 refert
406 2331 496 2386 (⁶⁷),
535 2331 603 2372 sed
634 2332 800 2372 omnium
830 2333 1048 2372 orationum
1078 2334 1372 2372 commentarios
1404 2333 1652 2372 accuratissi-

262 2413 345 2441 mos
389 2402 438 2440 ab
484 2412 529 2440 eo
574 2399 771 2439 confectos
817 2403 975 2445 narrat,
1021 2410 1092 2437 nec
1135 2400 1321 2439 minorem
1358 2400 1496 2439 horum
1536 2411 1650 2450 quam

265 2469 483 2507 orationum
513 2466 793 2519 praestantiam
823 2476 909 2505 esse
937 2463 1229 2516 significat(ss=‘³).
1289 2465 1522 2514 Causarum,
1554 2477 1651 2517 quas

358 2574 418 2617 61)
444 2575 660 2609 eic.Att.x.
678 2575 730 2609 10.
849 2572 908 2615 62)
936 2572 1298 2617 cic.13rut.41,156.
1414 2573 1473 2616 63)
1499 2572 1651 2610 Quintil.

267 2629 329 2664 lv,
354 2629 398 2672 2,
426 2629 500 2664 106.
539 2629 599 2666 vi.
627 2631 663 2673 l,
688 2631 745 2666 20.
860 2629 921 2673 64)
953 2628 1101 2667 Quintil.
1127 2630 1170 2665 x.
1197 2631 1234 2672 5,
1259 2631 1291 2665 4.
1406 2630 1467 2674 65)
1503 2628 1651 2666 Quintil.

268 2685 443 2776 {11737333
546 2686 942 2731 66)Q11.X11.10,11.
1044 2686 1104 2731 67)
1124 2685 1398 2729 Qu.X.1,116.
1502 2683 1649 2727 osma.
