1835 3126
285 164 371 210 58
499 157 695 203 BREVIS
725 155 1118 209 ELOQUENTIAE
1149 155 1284 199 ROM.
1314 155 1457 198 HIST.

1618 214 1637 232 ᾹΙ

284 281 363 316 tate
406 274 545 314 tollere
584 271 810 319 voluerunt,
857 271 1001 324 quippe
1047 271 1306 323 impudentiae
1349 270 1558 320 magistros
1585 260 1667 320 (ὃς).

284 344 390 384 Haec
427 338 664 391 impudentia
701 338 784 377 sine
823 337 939 377 dubio
982 338 1021 376 in
1060 349 1204 388 genere
1244 338 1494 377 institutionis
1530 338 1668 385 inerat,

285 420 399 461 quam
424 412 543 446 totam
573 405 634 444 illi
656 404 883 444 rabularum
909 404 1082 444 artificiis
1111 404 1254 444 iudicio
1283 405 1410 444 sucum
1438 405 1669 455 facientibus

284 472 647 519 accommodabant,
679 471 831 510 minime
861 470 1067 510 dissimiles
1098 472 1334 511 Graecorum
1363 472 1546 524 sophistis
1577 483 1669 511 cau-

285 555 368 582 sam
406 541 631 580 inferiorem
662 539 859 578 victricem
888 536 1052 576 reddere
1083 539 1203 577 ausis.
1263 538 1340 578 Sed
1374 545 1518 578 certum
1549 544 1606 578 est
1635 542 1672 578 et

285 611 324 648 in
354 620 484 648 rerum
514 618 629 646 cursu
658 606 834 645 humanis
864 604 1012 643 artibus
1040 605 1267 643 immutabili
1296 606 1463 656 positum
1495 606 1672 645 rhetores

284 675 375 715 illos
410 675 476 715 vix
506 673 683 724 deposita
716 672 850 713 Crassi
881 677 918 711 et
946 671 1105 710 Domitii
1134 682 1298 710 censura
1330 683 1465 710 rursus
1501 672 1541 709 in
1579 672 1673 711 civi-

285 747 402 782 tatem
441 740 660 792 irrepsisse.
718 739 853 790 Neque
884 738 982 778 enim
1013 749 1216 777 censorum
1246 743 1330 777 erat
1365 738 1493 788 legem
1522 738 1676 776 sancire

286 811 326 848 in
354 814 581 861 perpetuum
604 806 810 846 valituram
844 817 914 844 nec
945 805 1110 844 edictum
1139 806 1355 845 censorium
1382 805 1487 844 ultra
1516 805 1675 844 honoris

285 876 391 915 illius
422 875 587 927 spatium
617 872 849 913 observandi
876 873 1087 911 necessitas
1119 878 1216 911 erat.
1260 873 1401 914 Verum
1429 878 1507 911 tam
1536 884 1676 912 novum

286 947 372 982 erat
401 942 631 988 institutum,
661 945 739 979 tam
764 940 970 991 contempti
995 939 1188 986 homines,
1221 939 1287 990 qui
1311 939 1426 990 primi
1451 939 1676 987 docuerunt,

285 1014 365 1048 tam
402 1014 557 1048 tenaces
589 1007 738 1058 antiqui
777 1007 895 1045 moris
928 1006 1112 1053 Romani,
1155 1011 1196 1044 ut
1232 1006 1371 1057 perdiu
1411 1010 1525 1057 turpe
1554 1005 1676 1044 habe-

286 1080 395 1114 retur
425 1074 566 1114 docere
596 1073 699 1125 quod
733 1074 934 1112 honestum
972 1077 1057 1111 erat
1092 1071 1255 1111 discere.
1312 1073 1449 1123 Itaque
1477 1073 1679 1124 peregrini

289 1147 355 1181 aut
382 1142 555 1180 libertini
577 1141 733 1191 generis
763 1140 936 1180 homines
963 1139 1078 1190 primi
1109 1144 1219 1177 erant
1244 1138 1490 1190 eloquentiae
1511 1139 1678 1179 Latinae

288 1209 484 1259 magistri,
523 1220 593 1247 nec
623 1213 711 1246 ante
739 1207 907 1258 Augusti
935 1211 1101 1245 aetatem
1129 1205 1302 1246 Blandus
1330 1217 1451 1258 eques
1481 1206 1678 1247 Romanus

289 1276 451 1323 exstitit,
489 1287 601 1326 quem
631 1276 793 1326 primum
831 1274 1025 1324 ingenuae
1059 1273 1174 1312 sortis
1210 1273 1471 1324 eloquentiam
1500 1273 1680 1313 docuisse

289 1343 382 1382 dicit
410 1342 562 1382 Seneca
587 1339 669 1393 (5⁹).
728 1342 895 1388 Eorum,
937 1340 1003 1392 qui
1031 1341 1104 1379 hac
1134 1344 1262 1379 aetate
1290 1340 1517 1391 viguerunt,
1547 1341 1679 1379 rheto-

289 1421 373 1448 rum
403 1408 610 1448 secundum
638 1408 806 1448 Plotium
835 1407 942 1446 solus
972 1407 1029 1446 Μ.
1060 1407 1249 1446 Antonius
1281 1407 1431 1458 Gnipho
1463 1407 1681 1446 claritatem

289 1475 454 1515 nominis
478 1480 677 1513 assecutus
701 1478 769 1513 est.
814 1473 851 1512 Is
876 1478 991 1511 natus
1016 1474 1056 1511 in
1075 1472 1206 1512 Gallia
1231 1472 1402 1511 eruditus
1416 1473 1681 1514 Alexandriae

291 1542 490 1593 elegantia
519 1541 667 1592 ingenii
697 1545 733 1579 et
756 1539 957 1579 doctrinae
980 1539 1168 1591 plurimos
1193 1539 1405 1591 discipulos
1424 1545 1460 1579 et
1479 1541 1680 1591 egregiam

291 1610 433 1648 famam
459 1614 516 1648 est
532 1608 693 1660 adeptus
720 1612 774 1654 et,
800 1619 883 1646 cum
897 1607 1022 1658 primo
1049 1607 1222 1645 instituto
1239 1608 1514 1657 grammaticus
1530 1608 1680 1656 fuisset,

292 1682 419 1715 tamen
449 1676 563 1714 etiam
602 1675 835 1713 rhetoricam
874 1679 980 1712 tanto
1012 1674 1153 1726 plausu
1183 1674 1329 1722 docuit,
1370 1679 1411 1713 ut
1441 1675 1680 1722 Ciceronem,

292 1754 363 1781 nec
400 1741 705 1788 adolescentem,
751 1739 819 1779 sed
862 1741 1093 1779 honoratum
1137 1745 1254 1791 atque
1300 1741 1398 1780 adeo
1442 1743 1682 1794 praetorium

294 1809 510 1847 auditorem
542 1807 721 1847 habuerit
741 1804 823 1855 (⁶⁰).
883 1806 962 1847 Sed
990 1807 1023 1845 is
1055 1818 1089 1845 a.
1118 1808 1197 1845 641
1238 1812 1350 1845 natus
1383 1808 1454 1846 etsi
1491 1809 1567 1847 iam
1596 1810 1682 1856 hac,

294 1888 409 1927 quam
439 1880 671 1922 tractamus,
709 1879 836 1913 aetate
865 1874 1016 1920 floruit,
1055 1878 1182 1912 tamen
1212 1873 1261 1912 ad
1290 1874 1432 1913 famam
1462 1876 1522 1913 sui
1551 1881 1682 1927 poste-

295 1943 400 1982 riore
432 1942 579 1981 demum
615 1946 788 1993 tempore
817 1941 1004 1992 pervenit.
1062 1939 1205 1978 Debuit
1239 1945 1366 1979 autem
1396 1954 1480 1981 eam
1511 1942 1552 1982 C.
1582 1942 1682 1981 Cae-

295 2010 394 2057 sari,
427 2010 465 2047 in
495 2010 603 2048 cuins
633 2008 745 2048 domo
774 2009 938 2060 primum
969 2007 1146 2046 docuisse
1175 2007 1310 2046 fertur.

411 2076 505 2116 Cum
533 2081 640 2114 aetas
670 2076 782 2127 prior
811 2079 989 2114 oratores
1021 2073 1209 2124 quosdam
1236 2074 1387 2112 tulisset
1413 2075 1566 2114 minime
1592 2087 1684 2115 con-

295 2142 538 2188 temnendos,
575 2147 690 2180 aucta
721 2142 844 2180 cultus
875 2146 911 2178 et
939 2140 1187 2178 humanitatis
1218 2140 1416 2189 elegantia
1445 2142 1564 2192 paulo
1595 2147 1684 2181 ante

297 2209 435 2250 Sullae
463 2213 640 2260 tempora
668 2208 725 2247 M.
757 2207 946 2246 Antonius
978 2210 1015 2244 et
1044 2206 1088 2244 L.
1124 2206 1289 2245 Crassus
1320 2207 1417 2245 tanti
1445 2208 1684 2256 exstiterunt,

298 2276 431 2327 quanti
470 2276 552 2314 sine
580 2274 881 2313 accuratissimis
920 2273 1122 2312 literarum
1154 2272 1390 2312 Graecarum
1422 2274 1579 2323 studiis,
1614 2288 1685 2315 nec

300 2348 497 2381 oratorum
541 2342 688 2389 solum,
736 2341 804 2380 sed
852 2341 967 2380 etiam
1011 2341 1242 2391 scriptorum
1287 2345 1324 2379 et
1364 2340 1684 2394 philosophorum

302 2409 488 2455 omnium,
521 2420 606 2447 esse
634 2413 853 2460 potuerunt.
913 2406 993 2447 Sed
1016 2406 1132 2446 rudes
1163 2406 1287 2446 adhuc
1316 2408 1438 2448 fuisse
1467 2408 1684 2459 elegantia-

392 2516 449 2558 58)
490 2516 616 2550 Totum
652 2518 848 2562 apponitur
881 2528 904 2550 a
939 2516 1113 2550 Suetonio
1149 2514 1169 2548 l.
1209 2527 1237 2550 c.
1277 2521 1312 2549 et
1351 2515 1471 2550 Gellio
1512 2515 1592 2552 XV.
1632 2516 1683 2549 ll.

300 2573 359 2616 59)
397 2572 570 2607 Controv.
598 2572 641 2606 ll.
666 2574 866 2619 prooemio.
913 2572 1030 2618 Ipsum
1055 2571 1213 2606 Plotium
1237 2572 1379 2606 Gallum
1414 2571 1522 2606 fuisse
1554 2583 1684 2606 nomen

302 2628 438 2673 arguit:
474 2640 673 2674 cognomen
709 2631 801 2664 enim
831 2629 968 2664 Gallus
1001 2629 1036 2663 in
1069 2634 1140 2661 tam
1164 2628 1313 2673 ignobili
1337 2629 1480 2664 homine
1505 2639 1587 2664 esse
1612 2639 1683 2663 non

304 2690 433 2729 potest.
550 2686 608 2729 60)
633 2687 781 2722 Sueton.
807 2686 852 2721 de
875 2687 996 2722 illustr.
1021 2696 1164 2731 gramm.
1191 2696 1221 2722 c.
1249 2685 1281 2720 7.
