1835 3126
566 156 823 201 BRUTUS
863 157 981 202 CAP.
1011 160 1080 205 43.
1109 160 1176 204 44.
1448 165 1569 211 22²

176 281 227 310 ne
271 266 321 309 de
361 265 596 311 Scaevolae
637 270 801 325 quidem
846 271 1053 315 tribunatu
1097 273 1316 328 quicquam
1353 274 1564 318 audivisse

176 345 338 395 videor,
377 352 416 388 et
454 359 546 388 eum
580 347 788 403 collegam
819 347 963 391 Crassi
1003 350 1127 392 credo
1160 350 1302 393 sulsse.
1363 350 1562 396 Omnibus

173 422 336 478 quidem
379 423 502 475 aliis,
548 426 740 482 inquam,
788 428 831 469 in
874 428 1207 482 magistratibus,
1257 429 1333 471 sed
1376 430 1564 473 tribunus

172 513 280 543 anno
310 509 402 557 post
436 503 511 544 suit
543 517 675 560 eoque
712 506 754 546 in
783 507 930 548 rostris
969 506 1137 548 sedente
1176 508 1308 549 suasit
1337 505 1561 551 Serviliam

170 577 308 633 legem
354 578 546 623 Crassus.
612 596 707 625 nam
754 597 972 626 censuram
1016 585 1106 626 sine
1153 583 1365 627 Scaevola
1404 587 1560 640 gessit:

169 670 261 698 eum
286 660 394 700 enim
418 662 703 714 magistratum
728 675 847 704 nemo
877 676 1054 718 unquam
1080 661 1380 705 Scaevolarum
1405 665 1558 719 petivit.

169 733 256 777 Sed
286 736 401 786 *haec
437 737 582 781 Crassi
620 753 711 782 cum
751 740 864 782 edita
903 741 1036 782 oratio
1074 746 1155 790 est,
1197 753 1319 795 quam
1352 747 1391 783 te
1432 753 1558 797 saepe

167 812 324 867 legisse
350 823 462 858 certo
488 818 598 866 scio,
630 823 821 872 quattuor
848 823 888 858 et
911 818 1082 869 triginta
1106 822 1190 857 tum
1213 816 1395 858 habebat
1426 830 1558 860 annos

164 891 411 947 totidemque
450 895 570 934 annis
608 893 708 934 mihi
740 899 875 935 aetate
905 892 1158 948 praestabat.
1215 892 1281 935 his
1311 895 1420 936 enim
1457 907 1558 937 con-

164 968 323 1010 sulibus
361 982 453 1011 eam
483 969 620 1024 legem
655 970 807 1019 suasit,
846 969 994 1025 quihus
1024 970 1111 1012 nati
1144 983 1304 1022 sumus,
1344 984 1436 1013 cum
1464 973 1555 1028 ipse

162 1052 274 1086 esset
313 1045 362 1096 Q.
394 1045 603 1102 Caepione
640 1046 811 1089 consule
848 1053 970 1090 natus
1010 1053 1050 1089 et
1087 1046 1131 1088 C.
1162 1046 1334 1099 Laelio,
1377 1049 1554 1092 triennio

160 1123 250 1178 ipso
289 1124 424 1166 minor
463 1137 585 1180 quam
617 1124 836 1168 Antonius.
897 1124 1005 1180 quod
1041 1124 1198 1168 idcirco
1236 1127 1376 1183 posui,
1415 1133 1457 1169 ut
1492 1127 1555 1169 di-

160 1200 281 1242 cendi
318 1200 467 1244 Latine
506 1204 640 1259 prima
679 1204 895 1245 maturitas
944 1203 987 1244 in
1025 1216 1108 1258 qua,
1152 1210 1288 1246 aetate
1327 1205 1555 1247 exstitisset

157 1285 299 1334 posset
337 1281 474 1322 notari
523 1288 563 1323 et
601 1281 913 1336 intellegeretur
956 1283 1041 1323 iam
1081 1281 1134 1324 ad
1173 1295 1372 1324 summum
1416 1295 1551 1339 paene

158 1369 254 1398 esse
283 1358 545 1413 perductam,
574 1365 617 1401 ut
647 1371 698 1402 eo
726 1359 831 1401 nihil
859 1359 988 1401 ferme
1021 1360 1238 1414 quisquam
1270 1361 1425 1402 addere
1455 1373 1552 1416 pos-

157 1441 242 1484 set,
287 1437 370 1477 nisi
407 1438 475 1491 qui
512 1449 538 1478 a
577 1436 860 1493 philosophia,
906 1450 933 1479 a
972 1438 1061 1478 iure
1103 1437 1234 1487 civili,
1280 1437 1333 1480 ab
1374 1437 1551 1481 historia

156 1512 303 1554 fuisset
333 1515 581 1556 instructior.

266 1589 414 1632 XLIV.
461 1592 556 1635 162.
594 1590 701 1641 Erit,
740 1592 871 1648 inquit
906 1590 1077 1641 Brutus,
1121 1598 1201 1649 aut¹
1230 1593 1314 1634 iam
1352 1598 1417 1634 est
1455 1593 1546 1642 iste,

155 1680 273 1723 quem
315 1674 567 1726 exspectas?
625 1668 802 1719 Nescio,
845 1670 1025 1724 inquam.
1086 1667 1174 1710 Sed
1217 1675 1280 1711 est
1328 1670 1453 1711 etiam
1496 1667 1544 1710 L.

153 1743 299 1787 Crassi
337 1747 379 1788 in
419 1747 638 1790 consulatu
673 1759 747 1803 pro
787 1744 835 1796 Q.
865 1744 1076 1801 Caepione
1114 1745 1360 1790 defensione
1403 1747 1547 1790 iuncta

234 1889 292 1917 162.
331 1890 459 1924 Brutus]
479 1890 522 1917 M.
540 1889 663 1916 Brutus.

147 2006 230 2046 post
256 2012 346 2037 cum
370 2002 428 2038 ed.
453 2013 525 2049 pr.;
559 2001 656 2048 quod
685 2001 762 2036 iure
786 2002 966 2048 improbat
991 2001 1213 2050 Bernhardy
1239 2009 1390 2050 propter
1412 2004 1543 2045 locum,

147 2069 251 2101 quem
278 2059 457 2104 particula
489 2071 580 2094 cum
605 2060 658 2093 sic
689 2058 857 2103 habitura
881 2065 988 2095 esset.
1015 2079 1061 2085 —
1095 2061 1302 2105 quattuor]
1335 2060 1388 2095 sic
1415 2060 1483 2106 Lg.
1507 2060 1543 2095 8.

144 2113 200 2148 51.
227 2115 282 2149 68,
322 2115 414 2149 Ven.
441 2116 470 2150 1.
494 2134 539 2140 -
572 2114 634 2149 his
659 2116 764 2148 enim
788 2116 901 2157 coss]
932 2119 967 2148 is·
993 2116 1050 2148 ed.
1077 2128 1131 2160 pr.
1172 2119 1223 2150 iis
1246 2115 1435 2161 Meyerus.
1482 2116 1545 2150 De

145 2168 216 2203 hoc
239 2182 301 2204 usu
329 2171 552 2215 pronominis
577 2169 643 2204 hie
666 2180 701 2202 V.
728 2169 837 2213 Expl.
863 2169 898 2202 in
923 2169 995 2204 Cic.
1022 2170 1067 2203 de
1092 2168 1157 2205 Or.
1179 2170 1220 2206 11.
1249 2171 1310 2213 15,
1334 2170 1391 2204 64.
1412 2191 1458 2196 -—
1485 2174 1541 2207 in-

146 2225 411 2271 telleqeretur]
439 2226 490 2259 sic
513 2225 580 2270 Lg.
606 2225 638 2259 S.
666 2224 721 2260 51.
761 2223 837 2259 Ott.
862 2244 908 2248 —-
943 2236 969 2260 a
993 2226 1094 2270 iure]
1123 2237 1149 2261 a
1178 2238 1247 2262 om.
1273 2225 1339 2272 Lg.
1368 2226 1422 2262 70.

236 2281 367 2316 XLIV.
421 2281 496 2316 162.
545 2281 716 2324 Brutus]
743 2279 802 2314 M.
825 2280 976 2316 Brutus
1001 2281 1070 2316 Gu.
1094 2283 1124 2317 1.
1156 2281 1299 2317 Ven.2.
1332 2279 1409 2318 Ott.
1442 2282 1540 2327 vat„

144 2335 212 2381 Lg.
238 2343 385 2382 praeter
403 2338 457 2373 51.
479 2337 554 2380 58..
585 2338 694 2383 plane
718 2342 846 2371 contra
865 2339 1041 2372 sermonis
1065 2338 1201 2384 legem:
1226 2350 1261 2373 v.
1282 2338 1392 2384 Expl.
1410 2339 1445 2373 in
1464 2339 1540 2375 Cic.

144 2392 189 2426 de
217 2391 282 2428 Or.
310 2393 369 2428 ΙΙΙ.
396 2394 437 2436 l,
465 2395 497 2429 4.
524 2414 568 2419 —-
607 2398 677 2428 aut
704 2397 789 2430 iam
817 2395 891 2438 est]
924 2394 974 2429 sic
1009 2394 1113 2430 codd.
1141 2400 1178 2429 et
1202 2394 1259 2430 ed.
1284 2406 1356 2440 pn,
1391 2400 1540 2440 praeter

144 2447 231 2484 Par.
256 2449 325 2492 D.,
352 2450 387 2484 in
415 2461 485 2495 quo
511 2454 629 2485 exstat
653 2461 704 2485 an
727 2461 794 2495 pro
824 2455 913 2491 aut,
945 2451 1041 2495 quod
1068 2451 1162 2485 idem
1182 2450 1429 2497 Heusingerus
1453 2462 1538 2485 con-

143 2504 239 2539 iecit.
266 2523 313 2532 -—
347 2508 388 2540 in
413 2505 635 2551 consulatu]
660 2509 701 2541 in
724 2517 889 2541 censura
915 2506 982 2553 Lg.
1009 2506 1064 2542 39.
1087 2526 1132 2534 —-
1162 2518 1241 2555 pro
1271 2506 1314 2549 Q.
1341 2507 1537 2554 Caepione

143 2559 373 2604 defensione
397 2564 546 2607 iuncta]
569 2575 611 2611 p.
642 2562 686 2605 Q.
716 2562 928 2610 Caepionis
952 2563 1031 2609 def.
1057 2567 1083 2600 i.
1111 2564 1169 2599 ed.
1194 2575 1250 2610 pr.
1298 2561 1439 2599 Omittit
1471 2563 1537 2597 de·
1583 2556 1586 2559 ¹

137 2615 319 2660 fensione
344 2618 430 2655 Par.
455 2619 523 2662 D.;
558 2631 641 2654 nam
674 2619 721 2655 de
750 2620 818 2656 Gn.
843 2622 874 2656 l.
911 2626 1053 2664 errant,
1091 2620 1151 2666 qui
1183 2620 1279 2655 idem
1308 2619 1536 2665 praedicant.

139 2671 234 2708 Hinc
258 2671 419 2711 Orellius
449 2676 652 2713 incredibili
683 2677 842 2723 quodam
871 2677 981 2713 modo
1008 2677 1192 2723 distinguit
1219 2683 1256 2712 et
1285 2675 1443 2721 explicat
1461 2675 1534 2712 Pa-

1168 2744 1252 2787 15*
