1835 3126
350 127 548 172 BREVIS
576 126 972 181 ELOQUENTIAE
1003 128 1139 173 ROM.
1169 128 1313 173 HIST.
1415 130 1527 176 101

137 242 272 285 Crassi
302 253 473 294 persona
496 241 635 282 Cicero
657 239 739 293 (9¹).
785 243 986 283 Postremo
1017 244 1080 283 vel
1111 243 1403 284 rescribebatur
1432 254 1526 282 cau-

134 310 187 349 sis
216 309 337 357 veris,
368 314 409 348 ut
440 308 591 349 Cestius
622 309 661 348 in
684 309 875 350 Milonem
905 309 996 349 fecit
1017 309 1108 361 (⁹²),
1139 311 1220 359 vel,
1251 310 1356 363 quod
1383 310 1526 350 Brutus

129 376 170 415 in
191 375 414 415 Miloniana
441 375 643 416 Ciceronis
672 376 814 416 secisse
843 376 1020 425 traditur,
1053 379 1091 416 in
1124 378 1301 417 oratione
1334 376 1382 416 de
1411 376 1525 417 domo

132 442 333 483 Ciceronis
371 442 569 490 Calidius,
618 443 658 482 in
694 455 814 483 causa
850 449 939 483 acta
982 444 1240 484 elaborabant
1269 441 1350 495 (9³).
1410 443 1526 484 Reci-

129 509 296 549 tationes
327 515 454 549 autem
484 510 565 550 sive
599 505 856 559 ἐπιδείξεις,
889 523 989 563 quae
1015 512 1175 551 Graecis
1202 516 1409 560 vocantur,
1441 522 1527 550 cum

132 575 236 628 apud
269 576 440 617 Graecos
480 577 764 617 vetustissimae
795 584 940 626 essent,
979 579 1164 619 Romanis
1209 590 1286 618 non
1323 583 1413 617 aute
1443 578 1526 617 Au-

132 643 237 693 gusti
267 648 444 696 tempora
473 644 640 683 usitatae
674 645 850 685 fuerunt:
886 645 1044 686 Asinius
1084 646 1183 685 enim
1210 645 1340 686 Pollio
1379 644 1524 697 primus

133 721 266 750 earum
296 716 432 751 auctor
460 711 532 751 fuit
559 707 640 762 (⁹⁴).

760 817 795 871 5.
826 821 894 859 41.

644 893 739 930 Usus
765 894 1008 940 eloquentiae.

243 976 310 1017 Sic
349 975 528 1016 instructi
572 975 840 1017 adolescentes
883 978 1057 1029 ingenua
1099 976 1232 1018 indole
1274 975 1445 1031 praediti
1489 981 1526 1017 et

128 1043 292 1084 nominis
315 1042 548 1083 nobilitandi
573 1043 704 1095 cupidi
728 1044 768 1083 in
791 1044 920 1084 forum
942 1045 1166 1093 veniebant,
1197 1050 1346 1085 mature
1371 1043 1526 1097 quidem

127 1101 326 1163 plerique,
371 1110 440 1150 sed
482 1122 559 1150 non
603 1111 799 1163 imparati.
857 1111 918 1151 Ita
961 1112 1008 1152 de
1049 1112 1186 1153 Caelio
1233 1112 1357 1154 Calvo
1401 1112 1525 1151 Bruto

126 1177 308 1218 Pollione
339 1178 536 1219 Messalla
573 1179 812 1231 accepim11S‚
851 1184 887 1218 et
923 1178 989 1219 diu
1026 1191 1120 1219 sane
1152 1185 1351 1219 cunctatus
1383 1179 1524 1220 Cicero

127 1244 300 1294 videtur,
332 1246 398 1298 qui
420 1257 521 1285 anno
545 1251 654 1286 sexto
687 1251 724 1285 et
749 1247 932 1287 vicesimo
961 1247 1126 1299 primam
1152 1258 1310 1286 causam
1330 1246 1526 1299 privatam

127 1312 172 1353 P.
193 1312 365 1362 Quinctii
388 1313 488 1364 egit,
519 1313 613 1353 Sex.
633 1313 767 1353 Roscii
794 1314 991 1366 publicam
1015 1326 1116 1354 anno
1146 1320 1235 1367 post
1252 1311 1334 1365 (¹³⁵).
1376 1311 1524 1353 Adole-

129 1384 278 1419 scentes
307 1386 453 1427 autem,
485 1381 552 1431 qui
576 1381 745 1420 honores
774 1393 852 1421 non
881 1382 1112 1432 gessissent,
1145 1381 1213 1420 sed
1242 1383 1525 1432 exspectarent,

129 1458 200 1486 nec
230 1447 324 1485 satis
354 1451 530 1499 potentes
560 1447 740 1498 plerique
771 1454 919 1496 essent,
949 1454 990 1488 ut
1020 1449 1160 1500 opibus
1194 1452 1231 1486 et
1260 1445 1451 1486 clientelis
1482 1445 1524 1484 in

128 1525 172 1554 re
204 1514 365 1566 publica
396 1513 590 1562 valerent,
629 1514 745 1553 trium
781 1526 968 1566 generum
1009 1514 1161 1554 dicendi
1198 1512 1404 1560 iudiciale,
1444 1523 1522 1563 quo

126 1582 276 1632 ingenii
303 1581 584 1633 praestantiam
614 1581 880 1629 ostenderent,
922 1593 966 1621 re
1000 1582 1088 1633 ipsa
1125 1580 1281 1619 iubente
1312 1579 1523 1629 eligebant.

126 1649 295 1701 Propter
318 1648 533 1688 nobilitatis
560 1648 599 1686 in
623 1648 779 1687 civitate
798 1649 1027 1700 potentiam,
1059 1658 1223 1698 quorum
1245 1657 1381 1685 rursus
1406 1645 1524 1697 pauci

128 1715 284 1769 quidam
311 1716 351 1754 in
379 1721 529 1755 ceteros
553 1714 872 1762 dominabantur,
903 1714 1047 1753 factum
1072 1718 1148 1762 est,
1178 1718 1219 1752 ut
1244 1712 1320 1752 viri
1340 1711 1524 1751 honorati

128 1787 166 1822 et
203 1782 376 1821 illustres
414 1781 540 1831 magis
578 1780 829 1820 defendendis
863 1782 942 1821 reis
974 1780 1119 1820 amicos
1152 1779 1363 1830 colligere,
1406 1790 1523 1830 quam

125 1847 405 1903 persequendis
434 1847 664 1887 industriam
694 1847 899 1888 ostendere
928 1847 1099 1887 mallent.
1157 1846 1256 1886 Hinc
1284 1846 1406 1897 igitur
1428 1857 1524 1898 pes-

126 1917 223 1956 simo
242 1915 400 1968 publico
430 1915 595 1955 invaluit
622 1915 692 1955 ille
714 1928 817 1964 mos,
847 1920 889 1955 ut
918 1915 1187 1955 accusationes
1207 1913 1524 1953 adolescentibus

126 1983 374 2034 obtingerent
410 1982 495 2021 fere
531 1982 646 2022 solis:
686 1987 746 2031 ut,
784 1983 818 2022 si
850 1983 1047 2035 imperitia
1083 1986 1257 2021 actorum
1290 1980 1389 2020 nihil
1423 1979 1524 2019 deli-

127 2050 292 2102 quisset,
322 2053 576 2102 patronorum
598 2055 683 2089 arte
708 2056 745 2090 et
761 2051 938 2102 potentia
965 2049 1029 2090 vel
1051 2050 1217 2088 maxime
1239 2048 1348 2087 noxii
1369 2046 1524 2086 debitae

125 2128 279 2169 poenae
307 2116 627 2156 subtraherentur
646 2114 728 2167 (9⁶).
778 2118 862 2156 Hoc
890 2127 1077 2169 perverso
1108 2127 1216 2154 more
1246 2114 1425 2153 effectum
1451 2117 1522 2160 est,

126 2188 169 2223 ut
196 2183 388 2233 frigerent
419 2184 706 2230 accusationes,
745 2188 875 2222 sontes
905 2182 1115 2234 potentium
1141 2181 1337 2220 hominum
1372 2178 1521 2218 auxilio

126 2250 219 2289 freti
255 2248 497 2289 exsultarent
529 2249 727 2290 actoribus
767 2254 804 2289 et
838 2247 1167 2303 provincialibus,
1206 2248 1273 2300 qui
1308 2246 1521 2300 plerosque

217 2436 278 2480 91)
312 2435 459 2474 Quintil.
478 2435 524 2471 X.
545 2435 584 2478 5,
602 2436 634 2470 4.
668 2436 712 2471 cf.
732 2436 804 2472 Cic.
826 2435 872 2470 de
888 2433 995 2483 0121.
1011 2433 1074 2478 34,
1094 2434 1169 2469 154.
1282 2432 1343 2476 92)
1369 2431 1520 2470 Quintil.

127 2492 172 2528 X.
205 2492 245 2535 5,
276 2492 332 2528 20.
449 2491 509 2536 93)
545 2491 694 2530 Quintil.
728 2492 773 2528 X.
809 2492 846 2535 1,
870 2492 927 2528 23.
1044 2491 1104 2535 94)
1140 2490 1286 2537 Lipsius
1316 2489 1412 2535 Epp.
1443 2488 1521 2523 Sel.

127 2553 265 2583 centur.
290 2547 353 2584 XI.
380 2548 428 2583 ad
449 2547 584 2595 Belgas
608 2561 664 2595 ep.
689 2549 766 2592 48.,
800 2549 897 2584 unde
926 2559 993 2584 sua
1016 2547 1178 2584 Wolfius
1210 2549 1247 2583 in
1276 2545 1391 2593 praef.
1417 2544 1521 2579 Mar-

127 2605 304 2639 cellianae
334 2617 370 2651 p.
396 2604 493 2640 XIX.
608 2606 668 2650 95)
704 2605 855 2647 Quintil.
882 2604 961 2642 XII.
989 2605 1028 2649 7,
1053 2604 1086 2643 3.
1203 2603 1264 2649 96)
1298 2600 1442 2639 Caelius
1473 2598 1520 2636 ad

128 2660 343 2699 Ciceronem
368 2660 464 2699 VIII.
489 2661 522 2699 2.
547 2663 578 2699 4.
603 2662 636 2699 6.
933 2686 938 2691 «
