1835 3126
256 235 361 283 114
469 231 665 276 BREVIS
695 230 1089 284 ELOQUENTIAE
1120 232 1254 276 ROM.
1285 232 1428 275 HIST.

256 359 437 398 magnam
474 345 632 384 laudum
669 357 825 384 suarum
861 351 1012 397 partem
1046 347 1259 386 debuerunt
1297 352 1334 386 et
1361 347 1503 386 Brutus
1541 352 1645 387 certe

255 415 410 453 minime
443 423 548 456 eam,
585 423 699 463 quam
730 411 916 460 debebat,
948 413 1116 462 gratiam
1146 413 1328 452 Ciceroni
1355 414 1506 462 retulit,
1540 413 1645 466 quod

256 492 367 532 quem
405 479 550 517 imitari
588 483 654 517 aut
690 478 813 517 nollet
850 483 916 517 aut
950 490 1027 518 non
1063 484 1197 531 posset
1235 484 1420 531 tanquam
1456 491 1646 531 perversa

257 551 426 586 secutum
458 545 681 584 criminatus
711 550 779 584 est.
824 544 904 584 Sed
933 557 1009 584 non
1037 531 1133 584 diffit
1163 546 1275 585 modo
1307 551 1343 586 et
1373 546 1503 585 docuit
1528 558 1645 598 prae-

255 613 362 652 clare
388 612 560 658 Tullius,
593 612 661 651 sed
687 612 842 663 scripsit
872 612 986 651 etiam
1015 624 1092 651 non
1121 613 1295 651 inferius.
1340 613 1426 652 Non
1450 625 1647 652 moramur

255 679 467 719 Rhetorica
496 679 650 730 priora,
691 680 763 718 etsi
793 679 909 718 etiam
936 680 1035 718 haec
1072 691 1149 718 non
1180 679 1491 718 contemnendam
1523 680 1646 719 Grae-

257 758 389 785 corum
426 752 725 798 praeceptorum
762 746 943 798 peritiam
979 746 1202 785 ostendunt:
1243 745 1311 784 sed
1344 746 1546 784 inchoatos
1580 757 1646 784 re-

254 814 369 864 liquit
408 818 444 851 et
479 813 617 852 itinere
650 814 797 853 Asiano
837 814 1074 865 interruptos
1114 825 1191 852 non
1229 812 1397 851 absolvit
1434 812 1513 851 suis
1551 823 1646 864 pro—

255 880 419 918 fectibus
450 878 630 929 indignos
660 879 848 919 iudicans.
906 882 957 920 At
987 881 1072 932 quis
1102 879 1267 918 laudare
1296 879 1555 930 eloquentiam
1583 879 1645 918 fa·-

255 945 434 994 cundius,
480 947 565 997 quis
609 947 878 985 necessitatem
921 946 1171 986 instruendae
1214 946 1466 998 plurimarum
1507 946 1646 985 artium

255 1020 451 1067 apparatu
481 1013 684 1053 ostendere
712 1013 966 1061 luculentius,
999 1014 1084 1065 quis
1115 1011 1280 1063 denique
1307 1012 1527 1051 inveniendi
1552 1023 1647 1063 par·

255 1081 374 1120 tiendi
405 1079 611 1132 eloquendi
641 1079 785 1129 agendi
806 1084 1018 1133 praecepta
1039 1091 1186 1131 ponere
1204 1079 1355 1130 plenius
1371 1079 1509 1130 potuit,
1533 1090 1647 1130 quam

253 1148 323 1186 ille
362 1148 401 1185 in
438 1147 549 1185 libris
590 1145 636 1184 de
673 1146 872 1185 Oratore?
910 1146 995 1196 quis
1034 1146 1242 1195 imaginem
1276 1144 1443 1196 perfecti
1477 1146 1646 1184 oratoris

256 1214 474 1264 elegantius
506 1212 739 1252 adumbrare
770 1224 885 1263 quam
913 1212 1007 1251 fecit
1034 1213 1073 1250 in
1099 1212 1266 1252 Oratore
1296 1210 1345 1250 ad
1374 1211 1431 1251 M.
1455 1211 1646 1251 Brutum?

255 1281 340 1332 quis
385 1285 492 1319 ortus
538 1284 574 1318 et
616 1279 853 1317 incrementa
896 1279 1143 1330 eloquentiae
1184 1279 1385 1317 Romanae
1428 1279 1647 1318 accuratius

257 1347 491 1397 consignare
520 1346 666 1392 literis,
707 1357 821 1396 quam
856 1345 1001 1384 factum
1031 1350 1090 1384 est
1124 1346 1164 1384 in
1192 1345 1295 1384 libro
1328 1345 1375 1384 de
1405 1345 1525 1384 claris
1556 1357 1647 1384 ora-

253 1413 433 1452 toribus?
491 1413 541 1451 Hi
568 1412 659 1450 libri
689 1413 988 1451 maturissimum
1018 1412 1194 1464 profecto
1222 1413 1371 1463 ingenii
1401 1411 1648 1451 Ciceroniani

254 1479 420 1518 fructum
449 1478 643 1525 referunt,
674 1489 745 1516 nec
772 1478 950 1529 profecto
974 1478 1073 1517 talia
1103 1478 1276 1517 scribere
1303 1479 1451 1529 potuit,
1480 1479 1556 1516 nisi
1582 1479 1648 1529 qui

252 1546 413 1586 Verrem
439 1544 634 1585 damnavit
660 1543 870 1585 Catilinam
893 1544 1043 1597 expulit
1067 1544 1274 1584 Antonium
1298 1545 1487 1584 communi
1511 1545 1649 1585 civium

258 1611 348 1652 odio
382 1611 537 1652 obiecit.

890 1722 924 1775 ς.
951 1724 1018 1762 46.

799 1797 880 1831 Ser.
908 1797 1100 1842 Sulpicius.

264 1922 269 1926 V
367 1879 555 1919 Oratores
580 1877 720 1916 aetatis
740 1877 1025 1918 Ciceronianae
1052 1879 1108 1918 sic
1129 1878 1393 1927 tractabimus,
1422 1882 1463 1917 ut
1484 1878 1648 1930 primum

256 1956 389 1984 eorum
429 1955 493 1982 res
540 1955 785 1991 enarremus,
831 1945 898 1995 qui
941 1944 1121 1984 Ciceroni
1165 1956 1354 1996 suppares
1396 1945 1648 1995 ipsorumque

253 2011 401 2051 viribus
439 2008 500 2048 fisi
540 2021 648 2048 suam
686 2008 839 2049 dicendi
874 2011 976 2050 viam
1012 2015 1235 2057 tenuerunt;
1276 2009 1413 2049 deinde
1451 2022 1539 2058 eos,
1580 2011 1645 2062 qui

255 2077 455 2120 Ciceronis
486 2076 663 2115 doctrina
693 2081 730 2115 et
752 2074 951 2128 exemplo,
983 2089 1066 2116 cum
1090 2082 1218 2116 aetate
1243 2077 1482 2128 posteriores
1507 2082 1647 2125 essent,

255 2143 376 2182 secuti
407 2147 514 2190 sunt3
551 2147 748 2194 postremo
787 2142 902 2191 illos,
942 2143 1008 2194 qui
1044 2144 1084 2182 in
1114 2144 1282 2193 Augusti
1309 2154 1435 2194 usque
1469 2148 1646 2195 tempora

254 2209 502 2249 duraverunt.

365 2275 528 2314 Illorum
556 2274 846 2326 antiquissimus
875 2275 909 2314 &
932 2273 1132 2316 Ciceronis
1163 2274 1342 2327 aequalis
1370 2278 1428 2314 est
1450 2276 1531 2313 Ser.
1555 2274 1648 2311 Sul-

252 2343 372 2391 picius
409 2342 535 2387 Rufus
562 2338 646 2392 (5³).
705 2341 742 2381 Is
783 2347 899 2392 gente
939 2343 1232 2394 antiquissimae
1270 2341 1486 2381 nobilitatis
1524 2346 1645 2395 ortus,

255 2406 359 2458 quod
389 2407 473 2458 ipse
501 2407 540 2446 in
563 2408 783 2448 accusando
807 2409 977 2448 Murena
1006 2409 1165 2449 iactavit
1185 2406 1274 2457 (5⁴),
1304 2408 1373 2448 sed
1398 2419 1498 2460 quae
1521 2408 1646 2446 maio-

255 2485 338 2512 rum
377 2473 493 2525 culpa
531 2475 582 2514 ad
620 2487 705 2514 eam
746 2475 1032 2526 ignobilitatem
1070 2475 1352 2522 descendisset,
1390 2479 1432 2514 ut
1464 2479 1578 2526 pater
1608 2478 1646 2513 et

255 2551 350 2579 avus
383 2540 501 2579 nullis
530 2542 744 2582 honoribus
772 2542 894 2582 functi
922 2542 1026 2581 intra
1051 2547 1268 2595 equestrem
1298 2541 1524 2592 dignitatem
1552 2540 1643 2579 sub-

347 2689 406 2733 53)
444 2691 502 2725 De
534 2692 603 2727 hoc
628 2694 777 2740 'scripsit
808 2695 851 2728 R.
885 2692 1105 2734 Schneider,
1134 2692 1233 2739 Lips.
1268 2693 1366 2730 1834.
1402 2704 1473 2739 quo
1505 2691 1638 2735 scripto

257 2752 374 2782 tamen
398 2758 469 2783 non
495 2754 587 2785 utor.
703 2750 764 2794 54)
792 2750 865 2786 Cic.
891 2749 987 2786 Mur.
1014 2749 1047 2792 7,
1075 2748 1124 2783 15.
