1835 3126
260 223 381 268 130
474 216 672 262 BREVIS
701 216 1097 271 ELOQUENTIAE
1125 217 1260 263 ROM.
1291 218 1434 262 HIST.

890 363 925 417 ς.
956 365 1024 406 51.

753 439 792 476 C.
820 438 977 474 Licinius
1001 440 1147 475 Calvus.

375 525 413 561 C.
438 523 609 561 Licinius
635 520 772 559 Calvus
802 521 953 570 eodem,
985 533 1060 573 quo
1088 521 1266 570 Caelius,
1295 527 1408 562 natus
1438 534 1537 562 anno
1569 524 1650 563 672

257 593 296 631 in
323 591 472 643 dispari
502 595 644 628 natura
671 588 853 640 vitaeque
883 600 1027 638 genere
1055 588 1095 627 id
1124 594 1251 628 tamen
1279 589 1340 628 illi
1370 590 1495 629 simile
1521 591 1650 638 habet,

258 657 362 710 quod
405 657 472 697 vix
511 655 716 708 explicatis
757 660 793 694 et
832 655 1054 694 monstratis
1097 655 1246 705 ingenii
1283 656 1489 695 virtutibus
1532 669 1650 708 prae-

256 730 409 765 matura
438 729 560 763 morte
591 723 802 762 exstinctus
830 727 887 761 est
904 720 985 773 (47),
1028 721 1120 769 Hic,
1153 721 1225 760 etsi
1253 733 1390 761 nomen
1416 724 1652 762 contrarium

256 791 409 833 videtur
441 802 631 842 arguere,
670 802 748 829 non
785 795 913 829 tamen
949 801 998 829 ex
1034 788 1296 830 vetustissima
1333 789 1576 841 plebeiarum
1615 795 1653 829 et

255 859 501 898 nobilissima
524 863 639 908 gente
662 857 816 897 Licinia
846 863 952 897 ortus
976 862 1054 905 est,
1086 856 1193 895 cuius
1216 856 1324 894 multi
1347 857 1480 896 eodem
1506 868 1654 907 cogno·

256 926 358 965 mine
394 925 564 977 praediti
598 925 764 963 fuerunt.
823 924 942 964 Patre
980 925 1079 964 enim
1108 925 1248 964 Macro
1282 925 1458 973 Licinio,
1495 924 1542 963 de
1574 936 1650 975 quo

256 998 346 1032 ante
370 992 556 1040 diximus,
589 996 696 1031 ortus
726 1003 804 1030 non
827 992 1010 1043 antiquae
1039 992 1254 1031 nobilitatis
1275 992 1397 1030 fuisse
1427 1002 1469 1030 se
1498 991 1575 1029 iam
1606 1002 1652 1029 eo

256 1065 463 1107 monstrat,
496 1058 599 1110 quod
630 1070 725 1109 gens
752 1059 833 1097 eius
860 1064 1049 1110 perpetuo
1074 1059 1304 1109 cognomine
1328 1062 1455 1105 caret3
1488 1057 1554 1108 qui
1571 1068 1654 1096 mos

256 1127 327 1166 sub
358 1126 596 1166 Caesaribus
631 1125 688 1163 ita
725 1125 938 1172 increbuit,
978 1130 1019 1163 ut
1050 1137 1127 1163 non
1160 1124 1231 1163 filii
1263 1123 1376 1177 modo
1408 1137 1432 1162 a
1461 1125 1652 1176 patribus,

256 1192 325 1233 sed
355 1193 470 1232 etiam
498 1192 642 1231 fratres
678 1191 779 1230 inter
809 1203 851 1231 se
882 1191 1106 1232 diversitate
1137 1191 1407 1242 cognominum
1437 1190 1653 1241 distingue-

255 1265 401 1300 rentur.
460 1260 634 1299 Honesta
675 1258 818 1298 Calx'us
861 1258 1069 1310 disciplina
1109 1271 1202 1298 usus
1246 1263 1282 1297 et
1323 1258 1425 1298 omni
1463 1258 1654 1297 bonarum

256 1327 397 1366 artium
428 1337 573 1377 genere
598 1325 806 1376 diligenter
834 1325 1002 1364 imbutus
1026 1326 1150 1364 fuisse
1178 1325 1352 1373 videtum
1383 1325 1523 1364 multas
1555 1325 1655 1364 enim

255 1393 295 1432 in
327 1404 372 1432 eo
413 1398 450 1431 et
483 1392 704 1432 reconditas
734 1393 870 1433 literas
902 1393 1081 1443 agnoscit
1111 1392 1248 1432 Cicero
1281 1392 1381 1431 alias
1422 1392 1540 1431 iudex
1570 1392 1653 1431 eius

254 1471 333 1499 non
356 1460 625 1511 aequissimus.
667 1458 803 1510 Neque
832 1459 1005 1498 moribus
1036 1459 1085 1497 ab
1111 1470 1180 1506 eo,
1214 1458 1318 1509 quod
1340 1459 1522 1506 instituit,
1550 1459 1656 1498 vitae

255 1536 401 1577 genere
432 1525 742 1577 discrepantibus
771 1525 858 1566 fuit.
914 1525 1039 1576 Frugi
1069 1525 1169 1565 enim
1197 1525 1389 1565 hominem
1416 1525 1539 1565 fuisse
1570 1536 1654 1565 cum

257 1712 354 1757 quod
372 1712 476 1746 huius
499 1717 621 1747 aetate
645 1725 751 1748 nemo
773 1712 840 1747 nisi
867 1713 912 1747 de
930 1713 1180 1759 perduellione
1206 1712 1301 1758 apud
1320 1712 1490 1758 populum
1508 1723 1653 1747 causam

257 1768 411 1803 dicebat.
458 1768 590 1813 Neque
616 1770 694 1814 quis
720 1769 825 1804 suerit
848 1769 892 1804 L.
918 1770 979 1804 ille
1005 1769 1196 1804 Stertinius
1222 1774 1381 1811 constat,
1405 1769 1470 1803 sub
1498 1780 1567 1813 quo
1596 1769 1654 1813 qui

256 1825 349 1859 hanc
367 1825 571 1859 orationem
590 1825 714 1860 habuit
738 1837 819 1860 sese
843 1827 1015 1860 militasse
1042 1826 1144 1868 dicit,
1170 1838 1238 1860 nec
1261 1825 1350 1860 urbe
1375 1824 1488 1859 abfuit
1511 1824 1655 1859 Caelius

256 1882 324 1915 nisi
352 1881 621 1915 contubernalis
648 1882 692 1918 Q.
720 1881 888 1927 Pompeii
913 1883 949 1915 in
973 1882 1107 1916 Africa.
1158 1883 1233 1915 Sed
1258 1881 1419 1925 aequalis
1446 1881 1594 1916 Catonis
1619 1886 1655 1915 et

256 1937 292 1971 in
318 1937 495 1982 Hispania
520 1938 714 1981 proconsul
743 1949 788 1971 ex
816 1943 986 1981 praetura
1011 1937 1054 1971 L.
1081 1938 1272 1971 Stertinius
1297 1937 1360 1970 fuit
1386 1938 1488 1971 annis
1514 1938 1580 1971 555
1606 1938 1653 1971 ad

255 1993 344 2035 558,
368 1998 565 2036 narratque
581 1993 672 2027 Cato
698 1994 742 2027 de
760 1994 851 2036 illis,
877 2005 970 2038 quae
988 1994 1066 2038 ipse
1088 1993 1212 2026 consul
1235 1993 1296 2027 illo
1314 1998 1404 2026 teste
1424 1992 1459 2026 in
1480 1993 1656 2038 Hispania

256 2049 397 2083 fortiter
427 2049 580 2084 fecisset.
629 2049 776 2083 Deinde
808 2050 983 2083 orationis
1016 2050 1063 2083 de
1091 2052 1234 2084 vestitu,
1260 2053 1298 2082 et
1325 2048 1516 2084 vehiculis
1544 2051 1655 2095 parti·

257 2105 361 2139 culae
385 2105 482 2149 apud
507 2104 731 2139 Priscianum
751 2105 812 2140 Vl.
839 2117 874 2150 p.
893 2104 972 2139 694.
991 2117 1018 2139 s.
1038 2105 1116 2139 243.
1143 2110 1178 2138 et
1201 2104 1301 2140 Xlll.
1319 2105 1396 2140 960.
1418 2117 1445 2139 s.
1466 2106 1543 2140 566.
1569 2107 1654 2140 item

258 2161 406 2196 Catonis
428 2165 527 2201 suut,
554 2165 592 2194 ut
610 2161 732 2204 priore
752 2161 835 2194 loco
855 2160 1041 2203 scribitur,
1065 2172 1137 2194 non
1157 2160 1290 2204 Caelii,
1315 2167 1353 2195 ut
1369 2161 1538 2196 Krehlius
1557 2164 1652 2205 vult3

258 2217 317 2262 qui
343 2227 419 2249 cum
446 2216 595 2251 Catonis
627 2227 758 2250 nomen
792 2217 870 2251 sine
896 2216 1019 2250 addito
1046 2217 1283 2261 praenomine
1308 2217 1405 2261 apud
1429 2217 1653 2253 priscianum

257 2273 328 2307 dici
354 2272 475 2306 solere
501 2269 677 2314 affirmat,
704 2272 880 2307 refutatur
901 2273 1061 2307 eiusdem
1079 2273 1254 2307 orationis
1279 2273 1460 2308 mentione
1481 2273 1540 2310 Vl.
1559 2274 1626 2309 276
1642 2302 1652 2318 ‚

259 2327 446 2374 Originum
465 2328 528 2363 Vl.
554 2340 589 2373 p.
608 2328 702 2371 ⁴297„
725 2329 807 2364 libri
831 2329 876 2364 de
902 2341 942 2363 re
965 2329 1105 2363 militari
1124 2328 1203 2365 VII.
1229 2342 1262 2375 p.
1279 2329 1356 2365 329.
1384 2334 1420 2364 et
1444 2330 1523 2365 aliis
1548 2331 1653 2368 locis.

258 2384 363 2422 Quae
389 2385 494 2430 Casp.
520 2384 694 2419 Barthius
720 2386 915 2420 Adversar.
942 2385 1147 2422 XXXVIII.
1173 2387 1228 2421 14.
1262 2399 1298 2432 p.
1325 2386 1424 2420 1748.
1459 2398 1504 2420 ex
1532 2387 1651 2422 lexico

257 2446 385 2476 vetere
410 2441 630 2476 Terentiano
664 2448 833 2487 tanquam
867 2442 1042 2477 Caeliana
1074 2442 1219 2486 laudat,
1255 2455 1298 2477 ea
1330 2442 1390 2477 ubi
1422 2444 1653 2487 reperiantur

258 2497 398 2543 ignoro,
450 2499 526 2532 Sed
550 2510 639 2533 sane
665 2498 829 2535 defensio
854 2497 907 2534 M.
928 2498 1066 2534 Saufeii
1089 2505 1170 2534 acta
1195 2510 1227 2536 a.
1249 2499 1326 2535 702.
1352 2506 1652 2535 commemoratur

260 2553 304 2588 ab
329 2554 487 2589 Asconio
516 2555 563 2589 ad
585 2555 668 2590 Mil.
694 2568 728 2602 p.
753 2555 808 2590 54.

352 2633 411 2676 47)
438 2633 495 2667 De
515 2633 629 2669 Calvo
655 2634 782 2670 dixere
803 2635 927 2681 paucis
946 2635 1103 2671 Crinitus
1124 2636 1156 2669 δι
1176 2634 1355 2680 Gyraldus
1380 2634 1427 2669 de
1446 2635 1563 2681 poe’tis
1580 2634 1651 2669 La-

260 2689 343 2724 tinis
366 2689 580 2735 scriptores,
607 2691 689 2726 dein
709 2691 900 2738 Levesque
926 2692 972 2726 de
990 2691 1155 2738 Burigny
1180 2692 1215 2725 in
1239 2691 1331 2727 Hist.
1352 2692 1463 2729 Acad.
1489 2691 1597 2731 Inscr.
1618 2694 1651 2728 ὃς

261 2744 344 2781 niu„
368 2746 496 2794 Elegg.
521 2747 640 2785 Paris.
669 2752 691 2784 t.
715 2747 851 2790 XXXI.
879 2761 913 2795 p.
939 2748 1014 2785 122.
1041 2753 1078 2785 et
1100 2758 1218 2794 nuper
1243 2748 1486 2788 weichertus.
