1835 3126
317 131 447 177 266
845 109 1189 174 emmonis

317 242 460 282 dicens
488 236 707 280 verborum
737 252 838 282 sane
865 241 1066 284 honorum
1093 255 1216 285 eursu
1243 243 1419 299 quodam
1449 244 1618 286 incitato
1649 245 1708 286 ita

315 316 478 358 furebat
506 322 665 366 tamen,
696 323 738 358 ut
766 318 965 360 mirarere
995 325 1079 360 tam
1110 319 1217 362 allas
1246 334 1314 363 res
1346 334 1471 376 agere
1500 321 1706 377 populum,

314 401 356 435 ut
386 400 498 435 esset
526 394 675 436 insano
704 395 811 437 inter
840 395 1018 438 disertos
1043 395 1175 438 locus.
1212 397 1308 439 234.
1341 397 1413 439 Cn.
1437 406 1570 441 autem
1595 398 1707 441 Leu-

314 471 422 514 tulus
458 471 584 514 multo
621 473 820 515 maiorem
851 475 1084 530 opinionem
1116 473 1280 515 dicendi
1313 477 1473 517 actione
1509 477 1704 527 faciebat,

314 562 436 605 quam
481 556 634 605 quanta
677 551 718 591 in
764 563 814 594 eo
859 552 1038 595 facultas
1084 558 1195 594 erat:
1242 552 1308 607 qui
1351 565 1442 594 cum
1479 562 1590 597 esset
1629 569 1707 598 nec

313 635 551 683 peracutus,
591 641 825 685 quanquam
866 637 906 673 et
946 643 997 672 ex
1034 630 1144 672 facie
1183 635 1222 671 et
1257 642 1307 671 ex
1334 629 1448 671 vultu
1476 631 1705 682 videbatur,

312 718 391 747 nec
427 705 642 748 abundans
672 707 835 758 verbis,
867 709 944 750 etsi
975 707 1150 750 fallebat
1178 708 1220 749 in
1252 720 1302 749 eo
1333 709 1446 763 ipso,
1489 710 1551 750 sic
1579 710 1708 751 inter-

314 783 464 834 vallis,
507 783 901 836 exclamationibus,
938 799 1042 828 voce
1083 786 1200 827 suavi
1232 792 1271 827 et
1300 798 1474 835 canora,
1518 787 1546 836 †
1577 786 1708 828 admi-

312 861 444 904 rando
475 862 676 904 irridebat
706 863 873 905 calebat
912 864 955 904 in
986 863 1170 917 agendo,
1207 870 1250 904 ut
1279 876 1348 912 ea,
1389 876 1494 918 quae
1523 863 1706 914 deerant,

310 952 393 981 non
435 939 780 982 desiderarentur.
838 940 920 990 Ita,
960 947 1157 995 tanquam
1189 939 1313 982 Curio
1356 938 1476 996 eopia
1505 941 1707 984 nonnulla

310 1017 529 1059 verborum
559 1018 673 1060 nullo
701 1018 784 1061 alio
809 1018 919 1061 bono
944 1020 1072 1060 tenuit
1097 1025 1304 1061 oratorum
1327 1018 1484 1068 locum,
1515 1019 1611 1060 235.
1645 1022 1708 1062 sic

310 1093 510 1136 Lentulus
535 1102 764 1137 ceterarum
787 1098 977 1139 virtutum
1001 1097 1163 1139 dicendi
1190 1096 1514 1139 mediocritatem
1542 1099 1706 1140 actione

313 1172 555 1222 occultavit,
593 1175 634 1215 in
667 1186 748 1227 qua
779 1174 990 1215 excellens
1030 1174 1117 1215 suit.
1175 1173 1318 1228 Neque
1348 1175 1473 1217 multo
1504 1188 1626 1217 secus
1658 1175 1702 1216 P.

309 1248 536 1301 Lentulus,
589 1252 705 1292 euius
750 1257 790 1293 et
835 1250 1100 1305 excogitandi
1145 1257 1184 1292 et
1229 1250 1426 1306 loquendi
1468 1252 1703 1295 tarditatem

309 1327 477 1381 tegebat
504 1327 662 1369 formae
694 1328 875 1382 dignitas
905 1330 1091 1385 corporis
1122 1334 1254 1370 motus
1284 1328 1431 1384 plenus
1462 1335 1501 1371 et
1531 1331 1631 1372 artis
1663 1337 1703 1372 et

308 1407 537 1448 venustatis
579 1406 696 1448 vocis
742 1412 782 1449 et
822 1408 1008 1449 suavitas
1048 1413 1088 1449 et
1127 1406 1379 1462 magnitudo.
1447 1408 1509 1450 sic
1544 1408 1588 1449 in
1624 1407 1706 1451 hoe

401 1538 479 1573 234.
529 1538 770 1574 admirando
786 1559 833 1566 -
847 1542 889 1574 in
908 1539 1076 1586 aqendo]
1100 1539 1200 1574 locus
1220 1540 1449 1584 desperatus3
1475 1541 1510 1574 in
1533 1553 1602 1586 quo
1624 1541 1704 1586 libri

310 1595 554 1637 consentiunt,
580 1596 647 1629 nisi
674 1596 769 1640 quod
792 1596 879 1632 Par.
904 1596 941 1631 C.
969 1596 1078 1630 habet
1103 1595 1336 1641 calebatqne.
1386 1595 1551 1631 Klotzius
1574 1598 1608 1631 in
1630 1598 1705 1633 Cic.

309 1651 411 1686 Lael.
439 1664 472 1696 p.
500 1651 564 1685 170
598 1663 620 1685 a
644 1653 778 1687 criticis
810 1654 939 1687 ceteris
972 1653 1151 1687 dissidens
1182 1664 1253 1686 non
1280 1653 1423 1697 aperuit
1451 1659 1569 1687 tamen
1601 1665 1702 1687 snam

310 1708 570 1751 interpretandi
595 1709 782 1745 rationem.
833 1709 1027 1744 Lambinus
1051 1710 1207 1743 coniecit
1233 1708 1471 1743 admirando
1498 1709 1703 1744 irridendo

310 1762 458 1797 latebat
483 1767 522 1797 in
548 1766 721 1809 aqendffl
746 1777 818 1799 non
847 1767 978 1800 dicitur
1003 1772 1121 1800 tamen
1149 1770 1286 1800 orator
1313 1757 1495 1806 latuisse,
1522 1767 1588 1800 sed
1614 1768 1704 1809 eius,

308 1819 337 1852 si
363 1831 455 1863 qliae
475 1826 574 1860 suut7
600 1823 713 1854 vitia.
762 1821 918 1856 Ernesto
945 1823 1111 1867 placebat
1133 1822 1286 1856 valebat
1310 1825 1350 1856 in
1373 1823 1542 1868 aqenslo,
1568 1823 1705 1868 langui-

309 1875 410 1916 dule3
437 1875 632 1909 Schuetzio
654 1876 900 1912 admirantes
927 1878 1132 1912 irretiebat
1157 1883 1194 1911 et
1216 1881 1275 1913 sie
1297 1878 1448 1912 calebat
1469 1882 1509 1913 in
1530 1879 1705 1922 offendo.-

309 1936 345 1963 at
367 1942 436 1964 non
461 1931 699 1973 admirantes,
724 1933 786 1966 sed
808 1933 991 1967 auditores
1015 1934 1059 1967 ab
1080 1939 1224 1967 oratore
1248 1934 1455 1967 irretiuntur
1476 1939 1508 1966 et
1531 1933 1565 1966 id
1587 1934 1701 1976 ipsunt

312 1992 427 2020 tamen
443 1989 700 2021 veteratorium
716 1990 851 2032 potius,
873 2001 976 2033 quain
995 1989 1209 2027 oraton-itinn
1235 1989 1551 2033 XVaardenbui-gio
1567 1987 1701 2033 Opusc.

310 2044 396 2078 Crit.
431 2055 463 2087 p.
490 2044 543 2077 57.
572 2044 818 2077 admirantes
843 2044 1068 2084 irretiebat,
1105 2043 1255 2079 calebat
1280 2046 1305 2077 i.
1334 2055 1392 2084 (Δ,
1425 2045 1601 2089 asyndeto
1628 2057 1701 2079 non

308 2099 517 2140 tolerando,
554 2099 650 2142 quod
682 2099 775 2132 idem
809 2100 843 2132 in
876 2101 1118 2133 coniecturmn
1145 2098 1356 2133 Buttmanni
1391 2100 1485 2133 cadit
1512 2102 1589 2136 Act.
1617 2101 1702 2135 Soc.

306 2154 446 2188 lenens.
475 2154 499 2189 l.
528 2166 561 2198 p.
581 2155 644 2187 46:
671 2155 908 2188 mlmiramlo
937 2155 1140 2190 irridendo
1160 2154 1404 2201 splendebat,
1431 2155 1585 2190 calebat
1612 2158 1636 2190 i.
1664 2169 1701 2191 a.

309 2210 548 2255 Sclievingius
575 2216 608 2244 et
627 2209 788 2245 Orellius
813 2211 1044 2245 coniecerunt
1069 2212 1316 2246 admirantes
1340 2210 1549 2246 irretiebat
1573 2215 1703 2258 eapie-

310 2266 466 2311 batque.
522 2266 699 2301 Callebat
723 2267 991 2302 Billerbeckius
1026 2268 1163 2302 invenit
1197 2268 1303 2312 idque
1337 2268 1465 2313 legitur
1497 2267 1531 2301 in
1565 2268 1620 2303 ed.
1648 2280 1701 2313 pr.

309 2321 477 2358 Omnium
497 2324 741 2358 infelicissima
761 2323 907 2369 Meyeri
925 2324 1098 2368 suspicio:
1124 2324 1339 2358 admodum
1365 2323 1569 2358 arridebat
1588 2325 1702 2359 ealle-

309 2378 448 2424 batqae
484 2383 525 2413 in
553 2380 714 2426 ayemlo.
764 2380 858 2415 Nam
890 2392 957 2414 nec
989 2381 1168 2415 arridere
1199 2381 1327 2415 dicitur
1358 2386 1484 2415 orator
1516 2380 1700 2414 auditores

308 2448 393 2472 suos
429 2436 605 2471 deliniens
642 2443 677 2471 et
709 2450 808 2472 mera
840 2437 1027 2471 barbaries
1062 2442 1116 2470 est
1147 2438 1288 2471 callere
1319 2439 1360 2471 in
1393 2436 1555 2482 aqemlo.
1605 2436 1700 2470 Mihi

310 2493 394 2525 olim
426 2493 560 2537 placuit
594 2493 834 2528 atlmirando
863 2492 1062 2527 irridendo
1090 2493 1261 2534 calebat,
1294 2496 1336 2527 in
1368 2493 1518 2539 ayemlo
1550 2496 1593 2527 ut
1616 2496 1699 2532 διας

310 2550 331 2584 ἰ.
357 2561 386 2584 e.
415 2548 697 2596 51³901115v<54afz¹05
722 2551 806 2584 boni
830 2550 970 2596 patroni
995 2551 1151 2594 speciem
1179 2562 1267 2594 prae.
1293 2561 1333 2583 se
1358 2549 1520 2591 serebat,
1545 2555 1582 2583 ut
1606 2549 1700 2582 inter

310 2606 485 2650 agendum
509 2607 671 2641 defectus
696 2608 772 2641 eius
798 2619 869 2641 non
896 2607 1123 2641 sentirentur.
1170 2606 1278 2641 Nunc
1302 2605 1469 2650 praefero
1497 2606 1699 2639 admiran-

313 2662 406 2697 dam
432 2666 473 2698 in
495 2665 657 2699 modam
682 2664 835 2700 calebat
865 2666 906 2700 in
930 2663 1106 2708 aqencl05
1138 2673 1210 2698 non
1238 2662 1402 2709 profecto
1427 2661 1700 2698 vehementiore
