1835 3126
264 239 341 284 10
495 234 690 278 BREVIS
721 231 1115 285 ELOQUENTIAE
1146 234 1281 280 ROM.
1312 235 1455 280 HIST.

264 351 372 402 quies
404 348 598 388 consulem
628 347 734 387 bello
757 347 1016 388 Hannibalico
1040 350 1098 390 M.
1121 349 1333 401 Cethegum
1355 351 1399 391 P.
1417 350 1648 391 Tuditanum

262 417 440 468 aliosque
469 427 545 455 non
574 414 703 454 nullos
733 414 858 454 solam
885 416 1029 455 famam
1058 421 1210 456 secutus
1239 418 1359 458 verbo
1390 418 1527 468 tangit.

906 525 941 578 ς.
971 528 1009 565 7.

312 602 377 646 Ap.
398 600 568 636 Claudius
593 600 743 636 Caecus.
794 599 839 637 Q.
865 599 1060 635 Maximus.
1108 601 1153 637 Ρ.
1181 602 1317 647 Scipio.
1367 603 1408 638 P.
1438 603 1598 638 Crassus.

369 682 418 722 Et
446 682 603 721 illorum
634 682 786 734 quidem
815 682 987 722 virorum
1016 683 1204 722 memoria
1233 688 1382 722 centum
1410 685 1495 723 fere
1525 697 1645 723 annos

258 750 542 801 complectitur,
582 762 607 789 a
644 750 857 790 Samnitum
895 749 1001 788 bello
1035 750 1227 800 flagrante
1264 749 1314 788 ad
1351 750 1649 789 Hannibalicum

257 817 521 868 compositum.
578 817 640 856 Ex
668 817 717 856 iis
746 817 888 867 igitur,
926 816 993 868 qui
1023 817 1262 868 antiquiores
1295 822 1400 865 sunt,
1431 829 1541 856 nemo
1571 818 1647 867 Ap.

259 884 416 921 Claudio
451 883 616 932 clarior,
656 884 723 935 qui
755 883 874 923 Caeci
908 888 997 934 post
1026 883 1255 933 cognomine
1293 883 1416 923 dictus
1449 889 1524 931 est,
1563 895 1647 923 cum

257 949 380 988 oculis
413 954 565 1001 captum
594 950 700 989 fama
731 955 850 997 esset,
884 949 988 1001 quod
1016 950 1195 989 Herculis
1226 962 1341 989 sacra
1372 963 1396 989 a
1424 950 1579 990 Potitiis
1610 955 1647 989 et

254 1016 424 1056 Pinariis
455 1016 722 1056 sacerdotibus
753 1017 881 1055 deseri
910 1029 1048 1068 passus
1079 1028 1212 1057 servos
1242 1017 1422 1068 publicos
1453 1016 1646 1068 quomodo

256 1094 304 1122 ea
337 1083 513 1121 facerent
543 1082 676 1122 doceri
710 1083 873 1122 instituit
899 1080 980 1134 (Ἢ).
1038 1084 1075 1122 Is
1113 1083 1289 1133 ingenita
1326 1082 1501 1122 familiae
1537 1082 1646 1122 fero-

255 1150 317 1189 cia
334 1146 405 1198 (2'2)
442 1161 569 1201 neque
597 1148 729 1200 legum
758 1161 884 1201 neque
912 1149 1050 1202 populi
1079 1161 1204 1201 neque
1232 1155 1387 1188 senatus
1417 1149 1499 1188 ullo
1531 1149 1644 1189 modo

253 1229 455 1265 reverens,
499 1217 533 1255 si
576 1216 707 1255 seculo
751 1217 864 1268 prior
905 1217 1062 1265 fuisset,
1106 1218 1181 1269 Ap.
1221 1217 1386 1257 Claudio
1426 1216 1643 1257 decemviro

253 1285 337 1323 sine
381 1283 497 1323 dublo
542 1283 758 1322 simillimus
801 1284 952 1323 futurus
997 1289 1093 1323 erat.
1166 1283 1318 1335 Quippe
1360 1295 1431 1322 nec
1472 1285 1646 1323 interrex

253 1351 447 1403 plebeium
485 1349 708 1389 consulatus
752 1351 955 1401 petitorem
994 1350 1231 1389 admissurus
1271 1356 1355 1389 erat
1380 1347 1447 1401 (⁸23)
1486 1356 1523 1390 et
1559 1351 1645 1402 ipse

255 1418 497 1456 consulatum
522 1428 605 1455 cum
630 1417 796 1468 patricio
821 1418 979 1469 petebat
996 1416 1181 1457 adversus
1198 1417 1325 1467 legem
1341 1417 1532 1457 Liciniam
1550 1414 1643 1466 (24);

253 1483 391 1523 deinde
422 1495 559 1522 censor
589 1489 721 1534 spreta
742 1484 911 1522 Aemilia
942 1484 1033 1534 lege
1063 1484 1333 1533 magistratum
1362 1470 1400 1523 et
1430 1496 1500 1536 per
1531 1485 1643 1536 quin-

253 1550 459 1603 quennium
502 1554 537 1588 et
568 1550 675 1588 solus
706 1561 846 1600 gerere
878 1563 994 1589 ausus
1028 1555 1084 1588 est
1110 1547 1201 1598 (25),
1242 1556 1278 1589 et
1307 1551 1457 1589 iniussu
1486 1556 1642 1590 senatus

223 1615 226 1618 ’
252 1623 433 1669 suscepta
463 1628 584 1668 opera
612 1617 716 1657 viam
741 1618 908 1669 Appiam
939 1622 975 1656 et
999 1629 1126 1669 aquae
1151 1616 1304 1656 ductum
1324 1618 1472 1668 ingenti
1493 1623 1644 1670 sumptu

252 1684 433 1735 impensis
476 1684 735 1734 vectigalibus
781 1685 956 1723 omnihus
1002 1690 1038 1723 et
1083 1684 1279 1725 divendita
1321 1684 1490 1724 fortasse
1528 1690 1643 1737 parte

252 1751 341 1801 agri
370 1750 515 1802 publici
546 1751 704 1791 munivit
727 1748 812 1800 (2⁰).
872 1751 976 1789 Idem
1007 1756 1043 1789 et
1075 1751 1145 1792 Cn.
1175 1751 1313 1791 Flavio
1346 1752 1519 1799 scribae,
1556 1763 1641 1790 cum

250 1818 336 1869 ipse
367 1817 491 1869 plebis
523 1823 623 1856 esset
653 1819 864 1857 acerrimus
893 1818 1034 1865 hostis,
1064 1818 1333 1857 libertinorum
1356 1819 1643 1870 propugnatori

250 1884 347 1924 favit
391 1889 525 1922 contra
568 1896 649 1923 rem
691 1886 886 1937 publicam
929 1890 965 1923 et
1000 1884 1202 1923 libertinos
1241 1896 1312 1936 per
1350 1897 1480 1924 omnes
1516 1886 1640 1924 tribus

252 1951 495 1990 distribuisse
531 1956 568 1989 et
601 1952 641 1990 in
678 1958 851 1991 senatum
896 1952 1043 2002 legisse
1082 1951 1209 1990 fertur
1233 1949 1324 2002 (Ἦ),
1367 1951 1640 1991 dominationis

250 2018 353 2057 haud
390 2018 506 2057 dubie
545 2018 704 2069 cupidus
745 2024 781 2057 et
817 2019 1114 2059 domesticorum
1153 2018 1434 2070 exemplorum,
1475 2019 1639 2057 maxime

249 2086 322 2137 Ap.
366 2084 520 2125 Claudii
565 2084 772 2125 decemviri
807 2086 1035 2127 aemulator.
1103 2085 1332 2137 Quanquam
1368 2086 1407 2124 in
1445 2086 1639 2135 gravitate

247 2153 322 2192 viri
363 2151 629 2203 praedicanda
672 2152 811 2191 multus
856 2158 914 2192 est
953 2152 1109 2201 Cicero,
1155 2164 1225 2191 nec
1268 2152 1438 2191 sortasse
1480 2152 1636 2194 iniuria,

249 2218 345 2258 Cum
376 2218 475 2258 enim
510 2218 595 2258 fieri
623 2220 810 2270 potuerit,
846 2223 888 2257 ut
925 2219 1062 2257 aetatis
1100 2219 1307 2258 ferocioris
1342 2230 1495 2257 errores
1526 2229 1637 2257 sene-

248 2286 359 2324 ctutis
394 2286 614 2324 maturitate
643 2285 892 2333 tollerentur,
934 2286 1132 2326 caecitatis
1171 2287 1274 2326 malo
1304 2286 1523 2339 prohibitus
1559 2297 1637 2325 non

251 2357 325 2399 cst,
367 2364 441 2403 quo
484 2353 606 2391 minus
645 2353 703 2391 rci
738 2353 920 2405 publicae
957 2359 1119 2393 navaret
1155 2365 1332 2406 operam,
1371 2353 1548 2404 idemque
1576 2353 1634 2391 in-

249 2424 402 2469 gentem
432 2419 582 2457 domum
613 2425 648 2458 et
677 2432 839 2471 magnas
865 2420 1065 2459 clientelas
1098 2432 1218 2459 senex
1246 2426 1282 2458 et
1312 2420 1450 2458 debilis
1480 2419 1635 2457 fortiter

250 2486 351 2525 rexit
386 2484 464 2535 (²⁸).
538 2486 616 2525 Sed
668 2488 832 2527 maxime
876 2487 1059 2527 laudatur
1111 2491 1271 2539 propter
1314 2485 1451 2526 foedus
1494 2486 1635 2536 Pyrrhi

342 2593 401 2636 21)
428 2593 508 2628 Liv.
529 2593 588 2627 ΙΧ.
608 2595 660 2630 29.
776 2596 835 2640 22)
863 2595 944 2630 Liv.
962 2595 983 2630 1.
1004 2607 1033 2629 c.
1064 2594 1147 2629 Tac.
1163 2595 1255 2630 Anu.
1280 2595 1304 2630 1.
1323 2597 1354 2630 4.
1389 2595 1488 2628 Suet.
1504 2593 1581 2628 Tib.
1599 2593 1632 2626 2.

249 2651 309 2693 c23)
344 2651 416 2685 cte.
442 2650 546 2685 Brut.
577 2651 636 2693 ιι,
668 2653 723 2685 55.
841 2653 901 2696 24)
936 2652 1017 2686 Liv.
1043 2651 1087 2686 Χ.
1118 2651 1168 2686 15.
1284 2652 1344 2694 c25)
1378 2651 1460 2685 Liv.
1489 2649 1550 2683 lx.
1575 2649 1630 2684 33.

249 2707 308 2749 26)
332 2706 508 2740 Niebuhr.
543 2707 629 2741 llist.
647 2708 688 2743 R.
716 2710 787 2744 vol.
803 2709 859 2744 111.
880 2721 914 2754 p.
932 2708 1007 2743 362.
1126 2708 1185 2750 27)
1211 2708 1386 2743 Niebuhr.
1406 2708 1428 2742 l.
1446 2719 1475 2743 c,
1500 2718 1535 2752 p.
1552 2705 1630 2740 345.

251 2762 311 2806 28)
338 2763 407 2798 Cic.
434 2763 536 2799 Tusc.
569 2763 608 2799 V.
635 2764 699 2808 38,
727 2765 801 2801 112.
840 2766 918 2801 Cat.
943 2764 998 2801 M.
1022 2764 1086 2807 11,
1112 2765 1166 2800 37.
