1835 3126
245 158 365 236 158
769 183 1116 229 CICERONIS

247 304 495 346 consecutae
526 301 636 338 sunt:
669 296 731 338 sic
755 302 849 352 post
870 309 1007 338 rerum
1030 302 1264 339 nostrarum
1294 301 1334 338 et
1364 294 1637 338 communiunt

245 378 532 433 gravissumos
571 387 695 417 casus
732 373 836 415 nihil
870 380 963 415 ante
1003 374 1220 430 epistolam
1248 375 1364 416 Bruti
1393 373 1492 415 mihi
1524 374 1637 415 acci-

247 457 323 506 dit,
361 454 471 511 quod
494 453 657 495 ‘vellem
695 458 763 494 aut
797 452 907 507 quod
937 451 1079 507 aliqua
1109 465 1159 494 ex
1186 460 1301 508 parte
1333 451 1639 495 sollicitudines

248 534 452 576 allevaret
481 544 610 574 meas.
671 531 738 574 13.
779 529 883 572 Tum
914 529 1086 572 Brutus:
1124 529 1247 572 Volui
1282 531 1325 572 id
1355 531 1517 585 quidem
1549 529 1638 571 essi-

249 625 345 655 cere
395 617 505 653 certe
544 616 583 652 et
620 611 740 666 capio
777 622 971 664 magnum
1007 608 1203 658 fructum,
1252 609 1288 650 si
1325 609 1489 664 quidem
1529 607 1638 663 quod

246 691 361 733 volui
397 696 512 731 tanta
548 690 591 730 iu
620 701 665 730 re
697 694 943 730 consecutus
975 700 1076 729 sum.
1136 686 1212 728 sed
1242 688 1351 728 seire
1383 687 1503 741 cupio
1533 697 1640 739 quae

249 776 288 812 te
319 768 446 811 Attici
475 767 623 810 literae
653 766 962 809 delectaverint.
1007 764 1117 807 Istae
1138 777 1259 815 vero,
1289 765 1475 819 inquam,
1501 762 1643 812 Brute,

249 861 334 889 non
368 846 490 889 modo
529 845 847 887 delectationem
877 844 998 894 mihi,
1036 843 1112 885 sed
1141 844 1286 893 etiam,
1321 849 1363 884 ut
1393 855 1534 898 spero,
1571 853 1642 882 sa-

248 926 375 967 lutem
405 924 636 967 attulerunt.
684 922 897 965 Salutem&
945 924 1075 978 inquit
1105 922 1191 964 ille.
1241 920 1447 977 quodnam
1475 919 1644 961 tandem

249 1016 383 1056 genus
426 1004 533 1044 istuc
574 1008 657 1043 tam
700 1000 963 1057 praeclarum
1002 1000 1215 1042 literarum
1259 1000 1365 1040 suit}
1432 997 1499 1039 An
1541 996 1643 1038 mihi:

248 1083 395 1138 potuit,
426 1081 612 1135 inquam,
644 1092 739 1121 esse
771 1085 839 1120 aut
863 1080 1022 1133 gratior
1053 1078 1141 1119 ulla
1177 1077 1371 1119 salutatio
1395 1082 1463 1118 aut
1488 1074 1644 1117 adhoc

249 1166 408 1215 tempus
454 1158 604 1213 aptior,
652 1169 774 1212 quam
817 1156 931 1198 illius
973 1156 1098 1204 libri,
1144 1168 1222 1210 quo
1267 1169 1331 1197 me
1379 1154 1448 1197 hic
1493 1153 1643 1195 affatus

251 1238 374 1292 quasi
422 1237 626 1278 iacentem
671 1235 895 1277 excitavit?
963 1233 1030 1276 14.
1075 1233 1183 1276 Tum
1227 1233 1320 1283 ille,
1360 1231 1515 1293 Nempe
1550 1244 1642 1273 eum

251 1315 381 1365 dicis,
419 1315 569 1369 inquit,
608 1326 687 1368 quo
726 1314 804 1355 iste
836 1326 997 1355 omnem
1027 1326 1163 1354 rerum
1193 1313 1435 1353 memoriam
1464 1311 1652 1352 breviter

251 1398 312 1441 et,
355 1398 399 1433 ut
438 1391 539 1432 mihi
575 1391 740 1446 quidem
775 1393 909 1433 visum
946 1397 1026 1440 est,
1074 1390 1372 1446 perdiligenter
1407 1389 1651 1444 complexus-

250 1473 343 1511 est?
400 1467 526 1510 Istum
555 1470 708 1525 ipsum,
747 1469 934 1523 inquam,
964 1467 1109 1518 Brute,
1142 1468 1235 1510 dico
1265 1467 1416 1509 librum
1445 1466 1543 1508 mibi
1574 1478 1645 1508 sa-

249 1547 324 1590 luti
353 1546 498 1589 fuisse.
554 1583 558 1584 γ

365 1624 432 1666 IV.
478 1624 585 1667 Tum
629 1624 818 1675 Atticus,
864 1623 1187 1681 Optatissumum
1230 1623 1330 1666 mihi
1374 1623 1538 1680 quidem
1583 1627 1647 1664 est

251 1703 363 1759 quod
393 1703 518 1744 dicis:
558 1702 633 1744 sed
664 1703 761 1758 quid
789 1703 956 1745 tandem
984 1703 1128 1746 habuit
1156 1702 1265 1745 liber
1293 1704 1392 1753 iste,
1432 1702 1541 1757 quod
1569 1701 1645 1743 tibi

253 1787 323 1823 aut
359 1794 509 1823 novum
544 1786 612 1822 aut
646 1787 760 1823 tanto
796 1783 888 1823 usui
918 1788 1061 1837 posset
1091 1785 1212 1824 esse?
1273 1781 1339 1823 15.
1370 1780 1446 1823 Ille
1475 1793 1575 1823 vero
1606 1785 1646 1821 et

252 1873 380 1909 nova,
408 1860 597 1913 inquam,
622 1858 721 1899 mihi
747 1859 911 1913 quidem
932 1860 1059 1901 multa
1082 1866 1121 1901 et
1146 1873 1238 1901 eam
1261 1860 1499 1908 utilitatem,
1523 1871 1650 1914 quam

256 1936 541 1993 requirebam,
572 1942 614 1978 ut
643 1935 861 1992 explicatis
891 1936 1105 1979 ordinibus
1133 1944 1359 1994 temporum
1384 1950 1464 1978 uno
1483 1937 1526 1978 in
1548 1949 1648 1978 con-

252 2083 411 2128 spirent,
445 2086 574 2125 postea
603 2090 677 2114 non
708 2081 974 2115 memorabitur.
999 2100 1045 2106 -
1080 2082 1370 2128 aspiciendam]
1404 2091 1441 2116 v.
1467 2080 1495 2125 ξ.
1523 2080 1575 2115 10.
1602 2099 1647 2104 -

246 2138 422 2184 praelio]
444 2137 542 2170 solus
562 2136 627 2181 Lg.
645 2137 676 2170 8.
693 2147 748 2170 oe.
763 2154 810 2161 —-
831 2139 1117 2182 yravz‘ssumos]
1144 2139 1270 2183 scripsi
1296 2150 1343 2172 ex
1359 2137 1423 2182 Lg.
1438 2137 1494 2172 51.
1510 2135 1585 2171 Ott.
1599 2155 1645 2161 —-·

251 2194 463 2237 allevaret]
501 2193 645 2227 levaret
678 2192 743 2238 Lg.
769 2192 833 2234 203
870 2193 995 2228 acllev.
1031 2193 1098 2239 Lg.
1126 2194 1158 2229 8.
1194 2194 1287 2230 Ven.
1315 2194 1363 2236 l.‚
1400 2194 1538 2228 incerta
1565 2203 1648 2227 res:

253 2261 289 2285 v.
314 2250 523 2285 Schneider.
550 2250 612 2285 Gr.
638 2249 719 2284 Lat.
748 2249 821 2285 vol.
849 2249 890 2284 11.
921 2262 953 2295 p.
981 2250 1077 2292 526.;
1103 2262 1170 2286 nos
1196 2262 1338 2297 semper
1363 2250 1402 2286 II.

349 2306 402 2341 13.
454 2306 749 2350 delectaverint]
776 2306 1067 2344 delectaverunt
1092 2307 1158 2342 Gu.
1178 2308 1206 2342 l.
1230 2327 1276 2333 —-
1304 2306 1538 2349 attulerunt]
1565 2305 1649 2339 adt.

253 2362 319 2409 Lg.
345 2362 378 2397 S.
403 2363 457 2398 51.
481 2382 529 2390 ·—-
561 2362 669 2406 libri]
697 2362 794 2398 liber
820 2363 878 2398 ed.
901 2376 956 2408 pr.

348 2420 401 2453 14.
449 2431 590 2466 nempe
614 2421 720 2464 eum]
751 2421 821 2455 inv.
849 2420 915 2466 Lg.
933 2420 987 2455 35.
1012 2440 1057 2445 —
1091 2420 1209 2464 dicis]
1236 2420 1346 2456 dices
1370 2419 1435 2465 Lg.
1453 2418 1485 2453 8.
1508 2418 1562 2453 20.
1591 2417 1645 2454 51.

255 2476 309 2510 53.
335 2475 389 2510 58.
415 2475 470 2511 68.
508 2476 600 2512 Ven.
628 2477 657 2512 l.
686 2477 785 2513 mire.
813 2496 861 2502 ·-
898 2476 1000 2512 mihi
1023 2478 1195 2522 quidem]
1224 2488 1292 2511 om.
1319 2476 1480 2522 quidem
1503 2474 1571 2521 Lg.
1591 2473 1648 2510 20.

346 2531 408 2568 lv.
457 2533 559 2568 milti
582 2534 757 2579 quidem]
784 2534 856 2571 inv.
882 2533 950 2579 Lg.
970 2533 1025 2570 35.
1051 2553 1097 2560 —-
1121 2539 1260 2580 posset
1285 2535 1384 2578 esse]
1403 2536 1539 2580 potest
1566 2542 1651 2565 esse

257 2589 324 2624 Gu.
351 2590 381 2623 l.

351 2645 404 2680 15.
452 2645 598 2690 multa]
618 2647 718 2681 addit
737 2646 871 2682 attulit
888 2646 954 2682 Gu.
973 2648 1002 2681 l.
1019 2665 1065 2673 ι-
1091 2647 1395 2691 admonuitque]
1413 2644 1651 2680 ammonuit-

258 2715 331 2749 que
354 2702 422 2747 Lg.
442 2703 476 2740 8.
495 2702 552 2739 39.
576 2703 631 2739 51.
650 2704 708 2739 58.
728 2704 784 2740 68.
806 2704 861 2741 70.
902 2704 993 2739 Ven.
1013 2704 1042 2740 l.
1071 2701 1197 2740 Ottob.
1220 2704 1321 2745 Vat.;
1350 2703 1518 2738 indicium
1541 2699 1651 2735 libro-
