<?xml version="1.0" encoding="UTF-8"?>
<!DOCTYPE html PUBLIC "-//W3C//DTD XHTML 1.0 Transitional//EN"
    "http://www.w3.org/TR/xhtml1/DTD/xhtml1-transitional.dtd">
<html xmlns="http://www.w3.org/1999/xhtml" xml:lang="en" lang="en">
 <head>
  <title>
</title>
<meta http-equiv="Content-Type" content="text/html;charset=utf-8" />
  <meta name='ocr-system' content='tesseract 3.04.00' />
  <meta name='ocr-capabilities' content='ocr_page ocr_carea ocr_par ocr_line ocrx_word'/>
</head>
<body>
  <div class='ocr_page' id='page_1' title='image "./brutussivedeclar00ciceuoft/brutussivedeclar00ciceuoft_0186.png"; bbox 0 0 1835 3126; ppageno 0'>
   <div class='ocr_carea' id='block_1_1' title="bbox 269 202 1135 253">
    <p class='ocr_par' dir='ltr' id='par_1_1' title="bbox 269 202 1135 253">
     <span class='ocr_line' id='line_1_1' title="bbox 269 202 1135 253; baseline -0.007 0"><span class='ocrx_word' id='word_1_1' title='bbox 269 207 387 253; x_wconf 82' lang='lat'>166</span> <span class='ocrx_word' id='word_1_2' title='bbox 785 202 1135 248; x_wconf 82' lang='lat' dir='ltr'>CICERONIS</span> 
     </span>
    </p>
   </div>
   <div class='ocr_carea' id='block_1_2' title="bbox 266 313 1662 1775">
    <p class='ocr_par' dir='ltr' id='par_1_2' title="bbox 266 313 1662 1775">
     <span class='ocr_line' id='line_1_2' title="bbox 270 313 1651 372; baseline -0.003 -12"><span class='ocrx_word' id='word_1_3' title='bbox 270 324 440 366; x_wconf 87' lang='lat' dir='ltr'>natura,</span> <span class='ocrx_word' id='word_1_4' title='bbox 471 325 577 370; x_wconf 87' lang='lat' dir='ltr'>quae</span> <span class='ocrx_word' id='word_1_5' title='bbox 605 313 740 355; x_wconf 82' lang='lat' dir='ltr'>fuerat</span> <span class='ocrx_word' id='word_1_6' title='bbox 769 316 995 370; x_wconf 82' lang='lat' dir='ltr'>antiquior,</span> <span class='ocrx_word' id='word_1_7' title='bbox 1025 316 1100 357; x_wconf 88' lang='lat' dir='ltr'>sed</span> <span class='ocrx_word' id='word_1_8' title='bbox 1128 315 1252 367; x_wconf 88' lang='lat' dir='ltr'>haec,</span> <span class='ocrx_word' id='word_1_9' title='bbox 1284 317 1327 357; x_wconf 87' lang='lat' dir='ltr'>in</span> <span class='ocrx_word' id='word_1_10' title='bbox 1349 327 1430 372; x_wconf 86' lang='lat' dir='ltr'>qua</span> <span class='ocrx_word' id='word_1_11' title='bbox 1456 313 1651 357; x_wconf 86' lang='lat' dir='ltr'>debonis</span> 
     </span>
     <span class='ocr_line' id='line_1_3' title="bbox 270 391 1659 450; baseline -0.001 -14"><span class='ocrx_word' id='word_1_12' title='bbox 270 394 395 437; x_wconf 87' lang='lat' dir='ltr'>rebus</span> <span class='ocrx_word' id='word_1_13' title='bbox 440 398 480 435; x_wconf 88' lang='lat' dir='ltr'>et</span> <span class='ocrx_word' id='word_1_14' title='bbox 522 391 645 434; x_wconf 85' lang='lat' dir='ltr'>malis</span> <span class='ocrx_word' id='word_1_15' title='bbox 690 391 821 447; x_wconf 84' lang='lat' dir='ltr'>deque</span> <span class='ocrx_word' id='word_1_16' title='bbox 859 391 1067 435; x_wconf 88' lang='lat' dir='ltr'>hominum</span> <span class='ocrx_word' id='word_1_17' title='bbox 1100 395 1186 435; x_wconf 84' lang='lat' dir='ltr'>vita</span> <span class='ocrx_word' id='word_1_18' title='bbox 1225 401 1263 436; x_wconf 87' lang='lat' dir='ltr'>et</span> <span class='ocrx_word' id='word_1_19' title='bbox 1298 393 1481 436; x_wconf 87' lang='lat' dir='ltr'>moribus</span> <span class='ocrx_word' id='word_1_20' title='bbox 1519 393 1659 450; x_wconf 90' lang='lat' dir='ltr'>dispu-</span> 
     </span>
     <span class='ocr_line' id='line_1_4' title="bbox 271 469 1658 526; baseline 0 -12"><span class='ocrx_word' id='word_1_21' title='bbox 271 479 405 521; x_wconf 80' lang='lat' dir='ltr'>tatur,</span> <span class='ocrx_word' id='word_1_22' title='bbox 455 472 621 513; x_wconf 85' lang='lat' dir='ltr'>inventa</span> <span class='ocrx_word' id='word_1_23' title='bbox 668 469 827 511; x_wconf 90' lang='lat' dir='ltr'>dicitur.</span> <span class='ocrx_word' id='word_1_24' title='bbox 902 470 1011 525; x_wconf 89' lang='lat' dir='ltr'>quod</span> <span class='ocrx_word' id='word_1_25' title='bbox 1057 472 1251 526; x_wconf 88' lang='lat' dir='ltr'>quoniam</span> <span class='ocrx_word' id='word_1_26' title='bbox 1294 486 1426 526; x_wconf 84' lang='lat' dir='ltr'>genus</span> <span class='ocrx_word' id='word_1_27' title='bbox 1470 472 1521 514; x_wconf 86' lang='lat' dir='ltr'>ab</span> <span class='ocrx_word' id='word_1_28' title='bbox 1566 471 1658 521; x_wconf 87' lang='lat' dir='ltr'>hoc,</span> 
     </span>
     <span class='ocr_line' id='line_1_5' title="bbox 270 547 1659 606; baseline 0 -15"><span class='ocrx_word' id='word_1_29' title='bbox 270 550 379 605; x_wconf 88' lang='lat' dir='ltr'>quod</span> <span class='ocrx_word' id='word_1_30' title='bbox 408 549 714 605; x_wconf 81' lang='lat' dir='ltr'>proposuimus,</span> <span class='ocrx_word' id='word_1_31' title='bbox 747 547 959 599; x_wconf 90' lang='lat' dir='ltr'>abhorret,</span> <span class='ocrx_word' id='word_1_32' title='bbox 988 547 1257 605; x_wconf 88' lang='lat' dir='ltr'>philosophos</span> <span class='ocrx_word' id='word_1_33' title='bbox 1288 549 1401 591; x_wconf 90' lang='lat' dir='ltr'>aliud</span> <span class='ocrx_word' id='word_1_34' title='bbox 1430 551 1473 591; x_wconf 90' lang='lat' dir='ltr'>in</span> <span class='ocrx_word' id='word_1_35' title='bbox 1501 557 1659 606; x_wconf 85' lang='lat' dir='ltr'>tempus</span> 
     </span>
     <span class='ocr_line' id='line_1_6' title="bbox 268 622 1660 682; baseline -0.001 -12"><span class='ocrx_word' id='word_1_36' title='bbox 268 622 514 678; x_wconf 80' lang='lat' dir='ltr'>reiciamus,</span> <span class='ocrx_word' id='word_1_37' title='bbox 560 626 613 668; x_wconf 88' lang='lat' dir='ltr'>ad</span> <span class='ocrx_word' id='word_1_38' title='bbox 650 633 862 676; x_wconf 86' lang='lat' dir='ltr'>oratores,</span> <span class='ocrx_word' id='word_1_39' title='bbox 906 638 932 668; x_wconf 88' lang='lat' dir='ltr'>a</span> <span class='ocrx_word' id='word_1_40' title='bbox 971 626 1118 682; x_wconf 89' lang='lat' dir='ltr'>quibus</span> <span class='ocrx_word' id='word_1_41' title='bbox 1164 627 1343 681; x_wconf 79' lang='lat' dir='ltr'>digressi</span> <span class='ocrx_word' id='word_1_42' title='bbox 1388 641 1548 677; x_wconf 90' lang='lat' dir='ltr'>sumus,</span> <span class='ocrx_word' id='word_1_43' title='bbox 1592 641 1660 669; x_wconf 90' lang='lat' dir='ltr'>re-</span> 
     </span>
     <span class='ocr_line' id='line_1_7' title="bbox 269 703 1660 760; baseline -0.002 -11"><span class='ocrx_word' id='word_1_44' title='bbox 269 713 488 749; x_wconf 82' lang='lat' dir='ltr'>vertamur.</span> <span class='ocrx_word' id='word_1_45' title='bbox 533 705 600 746; x_wconf 85' lang='lat'>32.</span> <span class='ocrx_word' id='word_1_46' title='bbox 631 703 795 747; x_wconf 80' lang='lat' dir='ltr'>Exstitit</span> <span class='ocrx_word' id='word_1_47' title='bbox 824 706 950 760; x_wconf 77' lang='lat' dir='ltr'>igitur</span> <span class='ocrx_word' id='word_1_48' title='bbox 976 705 1060 746; x_wconf 89' lang='lat' dir='ltr'>iam</span> <span class='ocrx_word' id='word_1_49' title='bbox 1083 704 1251 746; x_wconf 88' lang='lat' dir='ltr'>senibus</span> <span class='ocrx_word' id='word_1_50' title='bbox 1273 704 1379 754; x_wconf 91' lang='lat' dir='ltr'>illis,</span> <span class='ocrx_word' id='word_1_51' title='bbox 1412 717 1514 759; x_wconf 92' lang='lat' dir='ltr'>quos</span> <span class='ocrx_word' id='word_1_52' title='bbox 1535 704 1660 759; x_wconf 86' lang='lat' dir='ltr'>paulo</span> 
     </span>
     <span class='ocr_line' id='line_1_8' title="bbox 270 780 1660 834; baseline -0.004 -7"><span class='ocrx_word' id='word_1_53' title='bbox 270 791 363 827; x_wconf 89' lang='lat' dir='ltr'>ante</span> <span class='ocrx_word' id='word_1_54' title='bbox 402 785 599 834; x_wconf 85' lang='lat' dir='ltr'>diximus,</span> <span class='ocrx_word' id='word_1_55' title='bbox 638 782 866 833; x_wconf 87' lang='lat' dir='ltr'>Isocrates,</span> <span class='ocrx_word' id='word_1_56' title='bbox 907 784 1024 825; x_wconf 89' lang='lat' dir='ltr'>cuius</span> <span class='ocrx_word' id='word_1_57' title='bbox 1063 782 1207 824; x_wconf 87' lang='lat' dir='ltr'>domus</span> <span class='ocrx_word' id='word_1_58' title='bbox 1246 789 1416 825; x_wconf 87' lang='lat' dir='ltr'>cunctae</span> <span class='ocrx_word' id='word_1_59' title='bbox 1455 780 1660 823; x_wconf 85' lang='lat' dir='ltr'>Graeciae</span> 
     </span>
     <span class='ocr_line' id='line_1_9' title="bbox 273 860 1662 919; baseline -0.001 -15"><span class='ocrx_word' id='word_1_60' title='bbox 273 864 394 919; x_wconf 85' lang='lat' dir='ltr'>quasi</span> <span class='ocrx_word' id='word_1_61' title='bbox 424 861 545 903; x_wconf 91' lang='lat' dir='ltr'>ludus</span> <span class='ocrx_word' id='word_1_62' title='bbox 577 862 742 917; x_wconf 88' lang='lat' dir='ltr'>quidam</span> <span class='ocrx_word' id='word_1_63' title='bbox 772 863 901 918; x_wconf 87' lang='lat' dir='ltr'>patuit</span> <span class='ocrx_word' id='word_1_64' title='bbox 931 868 1051 917; x_wconf 91' lang='lat' dir='ltr'>atque</span> <span class='ocrx_word' id='word_1_65' title='bbox 1084 861 1250 903; x_wconf 83' lang='lat' dir='ltr'>officina</span> <span class='ocrx_word' id='word_1_66' title='bbox 1273 860 1455 902; x_wconf 90' lang='lat' dir='ltr'>dicendi:</span> <span class='ocrx_word' id='word_1_67' title='bbox 1487 872 1662 914; x_wconf 82' lang='lat' dir='ltr'>magnus</span> 
     </span>
     <span class='ocr_line' id='line_1_10' title="bbox 270 937 1661 996; baseline -0.004 -13"><span class='ocrx_word' id='word_1_68' title='bbox 270 947 412 983; x_wconf 87' lang='lat' dir='ltr'>orator</span> <span class='ocrx_word' id='word_1_69' title='bbox 434 947 472 982; x_wconf 90' lang='lat' dir='ltr'>et</span> <span class='ocrx_word' id='word_1_70' title='bbox 493 940 699 996; x_wconf 80' lang='lat' dir='ltr'>perfectus</span> <span class='ocrx_word' id='word_1_71' title='bbox 728 941 946 994; x_wconf 85' lang='lat' dir='ltr'>magister,</span> <span class='ocrx_word' id='word_1_72' title='bbox 975 953 1208 995; x_wconf 86' lang='lat' dir='ltr'>quanquam</span> <span class='ocrx_word' id='word_1_73' title='bbox 1231 939 1388 981; x_wconf 85' lang='lat' dir='ltr'>forensi</span> <span class='ocrx_word' id='word_1_74' title='bbox 1409 937 1502 980; x_wconf 91' lang='lat' dir='ltr'>luce</span> <span class='ocrx_word' id='word_1_75' title='bbox 1529 938 1661 980; x_wconf 87' lang='lat' dir='ltr'>caruit</span> 
     </span>
     <span class='ocr_line' id='line_1_11' title="bbox 268 1017 1659 1074; baseline -0.003 -14"><span class='ocrx_word' id='word_1_76' title='bbox 268 1021 456 1074; x_wconf 87' lang='lat' dir='ltr'>intraque</span> <span class='ocrx_word' id='word_1_77' title='bbox 502 1019 683 1074; x_wconf 87' lang='lat' dir='ltr'>parietes</span> <span class='ocrx_word' id='word_1_78' title='bbox 724 1018 826 1060; x_wconf 84' lang='lat' dir='ltr'>aluit</span> <span class='ocrx_word' id='word_1_79' title='bbox 867 1031 960 1060; x_wconf 88' lang='lat' dir='ltr'>eam</span> <span class='ocrx_word' id='word_1_80' title='bbox 1002 1017 1198 1072; x_wconf 80' lang='lat' dir='ltr'>gloriam,</span> <span class='ocrx_word' id='word_1_81' title='bbox 1247 1030 1367 1072; x_wconf 87' lang='lat' dir='ltr'>quam</span> <span class='ocrx_word' id='word_1_82' title='bbox 1405 1028 1525 1057; x_wconf 90' lang='lat' dir='ltr'>nemo</span> <span class='ocrx_word' id='word_1_83' title='bbox 1567 1027 1659 1057; x_wconf 89' lang='lat' dir='ltr'>meo</span> 
     </span>
     <span class='ocr_line' id='line_1_12' title="bbox 268 1094 1658 1152; baseline -0.002 -15"><span class='ocrx_word' id='word_1_84' title='bbox 268 1097 431 1151; x_wconf 87' lang='lat' dir='ltr'>quidem</span> <span class='ocrx_word' id='word_1_85' title='bbox 463 1096 616 1137; x_wconf 90' lang='lat' dir='ltr'>iudicio</span> <span class='ocrx_word' id='word_1_86' title='bbox 648 1103 710 1137; x_wconf 86' lang='lat' dir='ltr'>est</span> <span class='ocrx_word' id='word_1_87' title='bbox 739 1103 887 1152; x_wconf 88' lang='lat' dir='ltr'>postea</span> <span class='ocrx_word' id='word_1_88' title='bbox 917 1102 1175 1138; x_wconf 87' lang='lat' dir='ltr'>consecutus.</span> <span class='ocrx_word' id='word_1_89' title='bbox 1236 1095 1273 1135; x_wconf 91' lang='lat' dir='ltr'>is</span> <span class='ocrx_word' id='word_1_90' title='bbox 1305 1100 1343 1135; x_wconf 89' lang='lat' dir='ltr'>et</span> <span class='ocrx_word' id='word_1_91' title='bbox 1373 1095 1461 1150; x_wconf 89' lang='lat' dir='ltr'>ipse</span> <span class='ocrx_word' id='word_1_92' title='bbox 1493 1094 1658 1149; x_wconf 79' lang='lat' dir='ltr'>scripsit</span> 
     </span>
     <span class='ocr_line' id='line_1_13' title="bbox 268 1172 1658 1230; baseline -0.001 -15"><span class='ocrx_word' id='word_1_93' title='bbox 268 1174 396 1216; x_wconf 86' lang='lat' dir='ltr'>multa</span> <span class='ocrx_word' id='word_1_94' title='bbox 437 1173 654 1230; x_wconf 88' lang='lat' dir='ltr'>praeclare</span> <span class='ocrx_word' id='word_1_95' title='bbox 694 1179 733 1215; x_wconf 90' lang='lat' dir='ltr'>et</span> <span class='ocrx_word' id='word_1_96' title='bbox 775 1173 913 1216; x_wconf 86' lang='lat' dir='ltr'>docuit</span> <span class='ocrx_word' id='word_1_97' title='bbox 952 1173 1079 1215; x_wconf 86' lang='lat' dir='ltr'>alios:</span> <span class='ocrx_word' id='word_1_98' title='bbox 1125 1179 1163 1214; x_wconf 89' lang='lat' dir='ltr'>et</span> <span class='ocrx_word' id='word_1_99' title='bbox 1203 1185 1293 1214; x_wconf 89' lang='lat' dir='ltr'>cum</span> <span class='ocrx_word' id='word_1_100' title='bbox 1331 1178 1471 1214; x_wconf 83' lang='lat' dir='ltr'>cetera</span> <span class='ocrx_word' id='word_1_101' title='bbox 1510 1172 1658 1214; x_wconf 85' lang='lat' dir='ltr'>melius</span> 
     </span>
     <span class='ocr_line' id='line_1_14' title="bbox 269 1250 1659 1308; baseline -0.001 -15"><span class='ocrx_word' id='word_1_102' title='bbox 269 1265 392 1307; x_wconf 90' lang='lat' dir='ltr'>quam</span> <span class='ocrx_word' id='word_1_103' title='bbox 434 1253 688 1308; x_wconf 88' lang='lat' dir='ltr'>superiores,</span> <span class='ocrx_word' id='word_1_104' title='bbox 725 1258 807 1293; x_wconf 87' lang='lat' dir='ltr'>tum</span> <span class='ocrx_word' id='word_1_105' title='bbox 844 1253 997 1307; x_wconf 89' lang='lat' dir='ltr'>primus</span> <span class='ocrx_word' id='word_1_106' title='bbox 1036 1250 1255 1300; x_wconf 81' lang='lat' dir='ltr'>intellexit,</span> <span class='ocrx_word' id='word_1_107' title='bbox 1295 1251 1418 1292; x_wconf 87' lang='lat' dir='ltr'>etiam</span> <span class='ocrx_word' id='word_1_108' title='bbox 1449 1251 1492 1291; x_wconf 89' lang='lat' dir='ltr'>in</span> <span class='ocrx_word' id='word_1_109' title='bbox 1522 1250 1659 1292; x_wconf 85' lang='lat' dir='ltr'>soluta</span> 
     </span>
     <span class='ocr_line' id='line_1_15' title="bbox 270 1328 1660 1383; baseline -0.002 -11"><span class='ocrx_word' id='word_1_110' title='bbox 270 1332 478 1380; x_wconf 88' lang='lat' dir='ltr'>oratione,</span> <span class='ocrx_word' id='word_1_111' title='bbox 518 1330 610 1372; x_wconf 85' lang='lat' dir='ltr'>dum</span> <span class='ocrx_word' id='word_1_112' title='bbox 639 1342 803 1372; x_wconf 88' lang='lat' dir='ltr'>versum</span> <span class='ocrx_word' id='word_1_113' title='bbox 835 1329 1059 1383; x_wconf 76' lang='lat' dir='ltr'>effugeres,</span> <span class='ocrx_word' id='word_1_114' title='bbox 1090 1328 1251 1370; x_wconf 89' lang='lat' dir='ltr'>modum</span> <span class='ocrx_word' id='word_1_115' title='bbox 1282 1335 1420 1370; x_wconf 86' lang='lat' dir='ltr'>tamen</span> <span class='ocrx_word' id='word_1_116' title='bbox 1450 1334 1490 1370; x_wconf 88' lang='lat' dir='ltr'>et</span> <span class='ocrx_word' id='word_1_117' title='bbox 1518 1341 1660 1370; x_wconf 86' lang='lat' dir='ltr'>nume-</span> 
     </span>
     <span class='ocr_line' id='line_1_16' title="bbox 268 1405 1659 1462; baseline -0.001 -14"><span class='ocrx_word' id='word_1_118' title='bbox 268 1420 358 1449; x_wconf 90' lang='lat' dir='ltr'>rum</span> <span class='ocrx_word' id='word_1_119' title='bbox 403 1407 604 1462; x_wconf 80' lang='lat' dir='ltr'>quendam</span> <span class='ocrx_word' id='word_1_120' title='bbox 650 1414 839 1462; x_wconf 81' lang='lat' dir='ltr'>oportere</span> <span class='ocrx_word' id='word_1_121' title='bbox 885 1408 1058 1448; x_wconf 88' lang='lat' dir='ltr'>servari.</span> <span class='ocrx_word' id='word_1_122' title='bbox 1132 1406 1199 1448; x_wconf 82' lang='lat'>33.</span> <span class='ocrx_word' id='word_1_123' title='bbox 1244 1405 1351 1447; x_wconf 83' lang='lat' dir='ltr'>Ante</span> <span class='ocrx_word' id='word_1_124' title='bbox 1394 1405 1500 1448; x_wconf 91' lang='lat' dir='ltr'>hunc</span> <span class='ocrx_word' id='word_1_125' title='bbox 1549 1408 1659 1448; x_wconf 89' lang='lat' dir='ltr'>enim</span> 
     </span>
     <span class='ocr_line' id='line_1_17' title="bbox 268 1483 1662 1540; baseline 0.001 -14"><span class='ocrx_word' id='word_1_126' title='bbox 268 1484 488 1527; x_wconf 86' lang='lat' dir='ltr'>verborum</span> <span class='ocrx_word' id='word_1_127' title='bbox 527 1486 648 1540; x_wconf 88' lang='lat' dir='ltr'>quasi</span> <span class='ocrx_word' id='word_1_128' title='bbox 690 1491 895 1527; x_wconf 83' lang='lat' dir='ltr'>structura</span> <span class='ocrx_word' id='word_1_129' title='bbox 934 1490 974 1525; x_wconf 86' lang='lat' dir='ltr'>et</span> <span class='ocrx_word' id='word_1_130' title='bbox 1004 1484 1207 1539; x_wconf 86' lang='lat' dir='ltr'>quaedam</span> <span class='ocrx_word' id='word_1_131' title='bbox 1239 1483 1291 1525; x_wconf 87' lang='lat' dir='ltr'>ad</span> <span class='ocrx_word' id='word_1_132' title='bbox 1320 1497 1531 1525; x_wconf 89' lang='lat' dir='ltr'>numerum</span> <span class='ocrx_word' id='word_1_133' title='bbox 1562 1497 1662 1527; x_wconf 87' lang='lat' dir='ltr'>con-</span> 
     </span>
     <span class='ocr_line' id='line_1_18' title="bbox 268 1561 1658 1618; baseline 0 -13"><span class='ocrx_word' id='word_1_134' title='bbox 268 1562 401 1605; x_wconf 90' lang='lat' dir='ltr'>clusio</span> <span class='ocrx_word' id='word_1_135' title='bbox 437 1561 553 1604; x_wconf 89' lang='lat' dir='ltr'>nulla</span> <span class='ocrx_word' id='word_1_136' title='bbox 593 1569 703 1614; x_wconf 70' lang='lat' dir='ltr'>erat,</span> <span class='ocrx_word' id='word_1_137' title='bbox 747 1569 835 1613; x_wconf 91' lang='lat' dir='ltr'>aut,</span> <span class='ocrx_word' id='word_1_138' title='bbox 884 1564 921 1604; x_wconf 93' lang='lat' dir='ltr'>si</span> <span class='ocrx_word' id='word_1_139' title='bbox 958 1562 1122 1618; x_wconf 85' lang='lat' dir='ltr'>quando</span> <span class='ocrx_word' id='word_1_140' title='bbox 1165 1568 1272 1608; x_wconf 83' lang='lat' dir='ltr'>erat,</span> <span class='ocrx_word' id='word_1_141' title='bbox 1309 1575 1392 1604; x_wconf 86' lang='lat' dir='ltr'>non</span> <span class='ocrx_word' id='word_1_142' title='bbox 1433 1562 1658 1618; x_wconf 82' lang='lat' dir='ltr'>apparebat</span> 
     </span>
     <span class='ocr_line' id='line_1_19' title="bbox 270 1640 1659 1697; baseline 0.001 -15"><span class='ocrx_word' id='word_1_143' title='bbox 270 1653 362 1682; x_wconf 89' lang='lat' dir='ltr'>eam</span> <span class='ocrx_word' id='word_1_144' title='bbox 393 1641 533 1683; x_wconf 89' lang='lat' dir='ltr'>dedita</span> <span class='ocrx_word' id='word_1_145' title='bbox 557 1654 685 1697; x_wconf 89' lang='lat' dir='ltr'>opera</span> <span class='ocrx_word' id='word_1_146' title='bbox 715 1654 809 1682; x_wconf 89' lang='lat' dir='ltr'>esse</span> <span class='ocrx_word' id='word_1_147' title='bbox 835 1641 1087 1696; x_wconf 87' lang='lat' dir='ltr'>quaesitam:</span> <span class='ocrx_word' id='word_1_148' title='bbox 1119 1653 1224 1697; x_wconf 89' lang='lat' dir='ltr'>quae</span> <span class='ocrx_word' id='word_1_149' title='bbox 1255 1640 1431 1683; x_wconf 85' lang='lat' dir='ltr'>forsitan</span> <span class='ocrx_word' id='word_1_150' title='bbox 1460 1640 1554 1683; x_wconf 90' lang='lat' dir='ltr'>laus</span> <span class='ocrx_word' id='word_1_151' title='bbox 1586 1642 1659 1693; x_wconf 80' lang='lat' dir='ltr'>sit3</span> 
     </span>
     <span class='ocr_line' id='line_1_20' title="bbox 266 1719 1658 1775; baseline 0.001 -16"><span class='ocrx_word' id='word_1_152' title='bbox 266 1731 407 1760; x_wconf 84' lang='lat' dir='ltr'>verum</span> <span class='ocrx_word' id='word_1_153' title='bbox 443 1726 580 1761; x_wconf 90' lang='lat' dir='ltr'>tamen</span> <span class='ocrx_word' id='word_1_154' title='bbox 619 1725 768 1761; x_wconf 89' lang='lat' dir='ltr'>natura</span> <span class='ocrx_word' id='word_1_155' title='bbox 806 1719 942 1773; x_wconf 81' lang='lat' dir='ltr'>magis</span> <span class='ocrx_word' id='word_1_156' title='bbox 979 1725 1063 1760; x_wconf 89' lang='lat' dir='ltr'>tum</span> <span class='ocrx_word' id='word_1_157' title='bbox 1100 1731 1282 1774; x_wconf 87' lang='lat' dir='ltr'>casuque</span> <span class='ocrx_word' id='word_1_158' title='bbox 1317 1732 1398 1761; x_wconf 88' lang='lat' dir='ltr'>non</span> <span class='ocrx_word' id='word_1_159' title='bbox 1437 1731 1658 1775; x_wconf 87' lang='lat' dir='ltr'>nunquam,</span> 
     </span>
    </p>
   </div>
   <div class='ocr_carea' id='block_1_3' title="bbox 350 1839 670 1874">
    <p class='ocr_par' dir='ltr' id='par_1_3' title="bbox 350 1839 670 1874">
     <span class='ocr_line' id='line_1_21' title="bbox 350 1839 670 1874; baseline -0.009 -8"><span class='ocrx_word' id='word_1_160' title='bbox 350 1839 392 1866; x_wconf 79' lang='lat'>32.</span> <span class='ocrx_word' id='word_1_161' title='bbox 426 1839 551 1874; x_wconf 74' lang='lat' dir='ltr'>postea]</span> <span class='ocrx_word' id='word_1_162' title='bbox 571 1840 670 1873; x_wconf 57' lang='lat' dir='ltr'>poeta.</span> 
     </span>
    </p>
   </div>
   <div class='ocr_carea' id='block_1_4' title="bbox 262 1937 1659 2770">
    <p class='ocr_par' dir='ltr' id='par_1_4' title="bbox 267 1937 1659 2093">
     <span class='ocr_line' id='line_1_22' title="bbox 268 1937 1658 1985; baseline 0.001 -11"><span class='ocrx_word' id='word_1_163' title='bbox 268 1940 498 1983; x_wconf 58' lang='lat' dir='ltr'>resciamus]</span> <span class='ocrx_word' id='word_1_164' title='bbox 533 1939 583 1973; x_wconf 89' lang='lat' dir='ltr'>sic</span> <span class='ocrx_word' id='word_1_165' title='bbox 617 1949 690 1972; x_wconf 88' lang='lat' dir='ltr'>uno</span> <span class='ocrx_word' id='word_1_166' title='bbox 724 1940 740 1973; x_wconf 79' lang='lat' dir='ltr'>i</span> <span class='ocrx_word' id='word_1_167' title='bbox 771 1937 837 1985; x_wconf 81' lang='lat' dir='ltr'>Lg.</span> <span class='ocrx_word' id='word_1_168' title='bbox 864 1937 897 1974; x_wconf 84' lang='lat'>8.</span> <span class='ocrx_word' id='word_1_169' title='bbox 921 1938 978 1973; x_wconf 84' lang='lat'>51.</span> <span class='ocrx_word' id='word_1_170' title='bbox 1003 1939 1057 1973; x_wconf 81' lang='lat'>53.</span> <span class='ocrx_word' id='word_1_171' title='bbox 1083 1937 1138 1972; x_wconf 81' lang='lat'>58.</span> <span class='ocrx_word' id='word_1_172' title='bbox 1163 1937 1219 1973; x_wconf 78' lang='lat'>68.</span> <span class='ocrx_word' id='word_1_173' title='bbox 1247 1938 1300 1974; x_wconf 84' lang='lat'>70.</span> <span class='ocrx_word' id='word_1_174' title='bbox 1342 1938 1435 1974; x_wconf 79' lang='lat' dir='ltr'>Ven.</span> <span class='ocrx_word' id='word_1_175' title='bbox 1465 1939 1493 1975; x_wconf 91' lang='lat'>1.</span> <span class='ocrx_word' id='word_1_176' title='bbox 1533 1940 1599 1975; x_wconf 86' lang='lat' dir='ltr'>Gn.</span> <span class='ocrx_word' id='word_1_177' title='bbox 1628 1941 1658 1976; x_wconf 90' lang='lat' dir='ltr'>l.</span> 
     </span>
     <span class='ocr_line' id='line_1_23' title="bbox 268 1993 1659 2042; baseline 0.002 -13"><span class='ocrx_word' id='word_1_178' title='bbox 268 1995 312 2030; x_wconf 79' lang='lat' dir='ltr'>V.</span> <span class='ocrx_word' id='word_1_179' title='bbox 339 1996 474 2031; x_wconf 88' lang='lat' dir='ltr'>Comm.</span> <span class='ocrx_word' id='word_1_180' title='bbox 501 1995 560 2030; x_wconf 88' lang='lat' dir='ltr'>Cr.</span> <span class='ocrx_word' id='word_1_181' title='bbox 592 1995 628 2029; x_wconf 91' lang='lat' dir='ltr'>in</span> <span class='ocrx_word' id='word_1_182' title='bbox 655 1994 726 2029; x_wconf 86' lang='lat' dir='ltr'>Cic.</span> <span class='ocrx_word' id='word_1_183' title='bbox 752 1994 797 2029; x_wconf 85' lang='lat' dir='ltr'>de</span> <span class='ocrx_word' id='word_1_184' title='bbox 823 1993 887 2030; x_wconf 90' lang='lat' dir='ltr'>Or.</span> <span class='ocrx_word' id='word_1_185' title='bbox 915 1994 941 2029; x_wconf 92' lang='lat'>1.</span> <span class='ocrx_word' id='word_1_186' title='bbox 968 1995 1032 2037; x_wconf 74' lang='lat'>42,</span> <span class='ocrx_word' id='word_1_187' title='bbox 1061 1994 1133 2029; x_wconf 74' lang='lat'>189.</span> <span class='ocrx_word' id='word_1_188' title='bbox 1162 2014 1207 2019; x_wconf 84' lang='lat'><strong>—</strong></span> <span class='ocrx_word' id='word_1_189' title='bbox 1244 1995 1427 2040; x_wconf 72' lang='lat' dir='ltr'>tliyressi]</span> <span class='ocrx_word' id='word_1_190' title='bbox 1460 1996 1512 2030; x_wconf 85' lang='lat' dir='ltr'>sic</span> <span class='ocrx_word' id='word_1_191' title='bbox 1545 2008 1611 2042; x_wconf 84' lang='lat' dir='ltr'>per</span> <span class='ocrx_word' id='word_1_192' title='bbox 1642 2000 1659 2032; x_wconf 83' lang='lat' dir='ltr'>i</span> 
     </span>
     <span class='ocr_line' id='line_1_24' title="bbox 267 2049 1185 2093; baseline -0.002 -7"><span class='ocrx_word' id='word_1_193' title='bbox 267 2053 337 2086; x_wconf 86' lang='lat' dir='ltr'>mei</span> <span class='ocrx_word' id='word_1_194' title='bbox 361 2063 506 2093; x_wconf 72' lang='lat' dir='ltr'>omnesg</span> <span class='ocrx_word' id='word_1_195' title='bbox 533 2062 569 2086; x_wconf 89' lang='lat' dir='ltr'>v.</span> <span class='ocrx_word' id='word_1_196' title='bbox 595 2051 634 2085; x_wconf 85' lang='lat' dir='ltr'>C.</span> <span class='ocrx_word' id='word_1_197' title='bbox 661 2051 719 2085; x_wconf 92' lang='lat' dir='ltr'>Cr.</span> <span class='ocrx_word' id='word_1_198' title='bbox 743 2051 778 2084; x_wconf 88' lang='lat' dir='ltr'>in</span> <span class='ocrx_word' id='word_1_199' title='bbox 808 2051 854 2084; x_wconf 87' lang='lat' dir='ltr'>de</span> <span class='ocrx_word' id='word_1_200' title='bbox 879 2049 945 2086; x_wconf 88' lang='lat' dir='ltr'>Or.</span> <span class='ocrx_word' id='word_1_201' title='bbox 970 2050 1015 2086; x_wconf 89' lang='lat'>11.</span> <span class='ocrx_word' id='word_1_202' title='bbox 1044 2050 1105 2093; x_wconf 80' lang='lat'>19,</span> <span class='ocrx_word' id='word_1_203' title='bbox 1129 2050 1185 2085; x_wconf 86' lang='grc'>80.</span> 
     </span>
    </p>

    <p class='ocr_par' dir='ltr' id='par_1_5' title="bbox 262 2106 1659 2712">
     <span class='ocr_line' id='line_1_25' title="bbox 360 2106 1658 2153; baseline 0.001 -12"><span class='ocrx_word' id='word_1_204' title='bbox 360 2107 414 2142; x_wconf 78' lang='lat'>32.</span> <span class='ocrx_word' id='word_1_205' title='bbox 456 2106 598 2153; x_wconf 80' lang='lat' dir='ltr'>paulo]</span> <span class='ocrx_word' id='word_1_206' title='bbox 632 2106 697 2150; x_wconf 82' lang='lat' dir='ltr'>Lg.</span> <span class='ocrx_word' id='word_1_207' title='bbox 725 2117 868 2148; x_wconf 79' lang='lat' dir='ltr'>omnes,</span> <span class='ocrx_word' id='word_1_208' title='bbox 899 2118 967 2140; x_wconf 82' lang='lat' dir='ltr'>nec</span> <span class='ocrx_word' id='word_1_209' title='bbox 1001 2117 1092 2150; x_wconf 85' lang='lat' dir='ltr'>opus</span> <span class='ocrx_word' id='word_1_210' title='bbox 1121 2106 1262 2139; x_wconf 81' lang='lat' dir='ltr'>enotari</span> <span class='ocrx_word' id='word_1_211' title='bbox 1288 2107 1451 2151; x_wconf 84' lang='lat' dir='ltr'>amplius,</span> <span class='ocrx_word' id='word_1_212' title='bbox 1474 2125 1521 2132; x_wconf 89' lang='lat'>—-</span> <span class='ocrx_word' id='word_1_213' title='bbox 1554 2108 1658 2142; x_wconf 58' lang='lat' dir='ltr'>dia-1⁸-</span> 
     </span>
     <span class='ocr_line' id='line_1_26' title="bbox 266 2161 1659 2207; baseline 0.001 -11"><span class='ocrx_word' id='word_1_214' title='bbox 266 2163 367 2205; x_wconf 75' lang='lat' dir='ltr'>mus]</span> <span class='ocrx_word' id='word_1_215' title='bbox 394 2168 476 2207; x_wconf 89' lang='lat' dir='ltr'>post</span> <span class='ocrx_word' id='word_1_216' title='bbox 498 2162 568 2196; x_wconf 88' lang='lat' dir='ltr'>hoc</span> <span class='ocrx_word' id='word_1_217' title='bbox 589 2163 624 2195; x_wconf 91' lang='lat' dir='ltr'>in</span> <span class='ocrx_word' id='word_1_218' title='bbox 647 2162 714 2196; x_wconf 89' lang='lat' dir='ltr'>Gu.</span> <span class='ocrx_word' id='word_1_219' title='bbox 738 2162 768 2197; x_wconf 90' lang='lat' dir='ltr'>l.</span> <span class='ocrx_word' id='word_1_220' title='bbox 794 2162 1026 2196; x_wconf 83' lang='lat' dir='ltr'>inferciuntur</span> <span class='ocrx_word' id='word_1_221' title='bbox 1050 2161 1158 2195; x_wconf 84' lang='lat' dir='ltr'>haec:</span> <span class='ocrx_word' id='word_1_222' title='bbox 1181 2162 1269 2195; x_wconf 81' lang='lat' dir='ltr'>lans</span> <span class='ocrx_word' id='word_1_223' title='bbox 1288 2165 1446 2207; x_wconf 72' lang='lat' dir='ltr'>eyreyia</span> <span class='ocrx_word' id='word_1_224' title='bbox 1466 2163 1659 2198; x_wconf 69' lang='lat' dir='ltr'>haer-acts</span> 
     </span>
     <span class='ocr_line' id='line_1_27' title="bbox 268 2217 1657 2264; baseline 0.001 -11"><span class='ocrx_word' id='word_1_225' title='bbox 268 2223 472 2253; x_wconf 75' lang='lat' dir='ltr'>oratorum</span> <span class='ocrx_word' id='word_1_226' title='bbox 497 2221 655 2253; x_wconf 80' lang='lat' dir='ltr'>summi.</span> <span class='ocrx_word' id='word_1_227' title='bbox 684 2239 725 2244; x_wconf 91' lang='lat'>—-</span> <span class='ocrx_word' id='word_1_228' title='bbox 765 2222 928 2253; x_wconf 77' lang='lat' dir='ltr'>cunctae</span> <span class='ocrx_word' id='word_1_229' title='bbox 954 2239 994 2244; x_wconf 90' lang='lat'>—</span> <span class='ocrx_word' id='word_1_230' title='bbox 1022 2218 1202 2263; x_wconf 78' lang='lat' dir='ltr'>officina]</span> <span class='ocrx_word' id='word_1_231' title='bbox 1235 2217 1327 2252; x_wconf 83' lang='lat' dir='ltr'>haec</span> <span class='ocrx_word' id='word_1_232' title='bbox 1351 2229 1420 2253; x_wconf 89' lang='lat' dir='ltr'>om.</span> <span class='ocrx_word' id='word_1_233' title='bbox 1446 2218 1513 2264; x_wconf 81' lang='lat' dir='ltr'>Lg.</span> <span class='ocrx_word' id='word_1_234' title='bbox 1534 2220 1588 2254; x_wconf 85' lang='lat'>70.</span> <span class='ocrx_word' id='word_1_235' title='bbox 1612 2240 1657 2246; x_wconf 89' lang='lat'>—-</span> 
     </span>
     <span class='ocr_line' id='line_1_28' title="bbox 263 2274 1658 2322; baseline 0.003 -14"><span class='ocrx_word' id='word_1_236' title='bbox 263 2275 455 2321; x_wconf 73' lang='lat' dir='ltr'>parietes]</span> <span class='ocrx_word' id='word_1_237' title='bbox 482 2275 717 2309; x_wconf 75' lang='lat' dir='ltr'>domesticos</span> <span class='ocrx_word' id='word_1_238' title='bbox 735 2286 827 2321; x_wconf 75' lang='lat' dir='ltr'>par.</span> <span class='ocrx_word' id='word_1_239' title='bbox 854 2274 920 2319; x_wconf 82' lang='lat' dir='ltr'>Lg.</span> <span class='ocrx_word' id='word_1_240' title='bbox 944 2274 998 2308; x_wconf 78' lang='lat'>20.</span> <span class='ocrx_word' id='word_1_241' title='bbox 1015 2293 1062 2300; x_wconf 76' lang='lat'>—</span> <span class='ocrx_word' id='word_1_242' title='bbox 1089 2286 1175 2308; x_wconf 80' lang='lat' dir='ltr'>meo</span> <span class='ocrx_word' id='word_1_243' title='bbox 1202 2275 1363 2319; x_wconf 81' lang='lat' dir='ltr'>quidem</span> <span class='ocrx_word' id='word_1_244' title='bbox 1387 2275 1550 2318; x_wconf 75' lang='lat' dir='ltr'>iudicio]</span> <span class='ocrx_word' id='word_1_245' title='bbox 1577 2280 1658 2322; x_wconf 79' lang='lat' dir='ltr'>qui-</span> 
     </span>
     <span class='ocr_line' id='line_1_29' title="bbox 268 2330 1657 2376; baseline 0.002 -11"><span class='ocrx_word' id='word_1_246' title='bbox 268 2331 357 2365; x_wconf 77' lang='lat' dir='ltr'>dem</span> <span class='ocrx_word' id='word_1_247' title='bbox 381 2342 466 2364; x_wconf 83' lang='lat' dir='ltr'>meo</span> <span class='ocrx_word' id='word_1_248' title='bbox 492 2331 574 2366; x_wconf 77' lang='lat' dir='ltr'>iud.</span> <span class='ocrx_word' id='word_1_249' title='bbox 602 2331 669 2365; x_wconf 88' lang='lat' dir='ltr'>Gu.</span> <span class='ocrx_word' id='word_1_250' title='bbox 692 2330 722 2364; x_wconf 93' lang='lat' dir='ltr'>l.</span> <span class='ocrx_word' id='word_1_251' title='bbox 771 2330 884 2373; x_wconf 83' lang='lat' dir='ltr'>Illud,</span> <span class='ocrx_word' id='word_1_252' title='bbox 912 2331 1008 2375; x_wconf 87' lang='lat' dir='ltr'>quod</span> <span class='ocrx_word' id='word_1_253' title='bbox 1028 2331 1115 2365; x_wconf 86' lang='lat' dir='ltr'>Ern.</span> <span class='ocrx_word' id='word_1_254' title='bbox 1142 2342 1187 2365; x_wconf 86' lang='lat' dir='ltr'>ex</span> <span class='ocrx_word' id='word_1_255' title='bbox 1212 2331 1292 2365; x_wconf 84' lang='lat' dir='ltr'>cod.</span> <span class='ocrx_word' id='word_1_256' title='bbox 1313 2331 1399 2365; x_wconf 80' lang='lat' dir='ltr'>Par.</span> <span class='ocrx_word' id='word_1_257' title='bbox 1419 2332 1466 2366; x_wconf 89' lang='lat' dir='ltr'>D.</span> <span class='ocrx_word' id='word_1_258' title='bbox 1492 2335 1657 2376; x_wconf 82' lang='lat' dir='ltr'>restituit,</span> 
     </span>
     <span class='ocr_line' id='line_1_30' title="bbox 268 2386 1657 2432; baseline 0.002 -11"><span class='ocrx_word' id='word_1_259' title='bbox 268 2392 303 2421; x_wconf 80' lang='lat' dir='ltr'>et</span> <span class='ocrx_word' id='word_1_260' title='bbox 320 2387 374 2421; x_wconf 87' lang='lat' dir='ltr'>ed.</span> <span class='ocrx_word' id='word_1_261' title='bbox 394 2399 446 2431; x_wconf 86' lang='lat' dir='ltr'>pr.</span> <span class='ocrx_word' id='word_1_262' title='bbox 469 2393 503 2421; x_wconf 86' lang='lat' dir='ltr'>et</span> <span class='ocrx_word' id='word_1_263' title='bbox 519 2387 585 2432; x_wconf 75' lang='lat' dir='ltr'>Lg.</span> <span class='ocrx_word' id='word_1_264' title='bbox 607 2398 731 2420; x_wconf 89' lang='lat' dir='ltr'>omnes</span> <span class='ocrx_word' id='word_1_265' title='bbox 751 2392 786 2420; x_wconf 85' lang='lat' dir='ltr'>et</span> <span class='ocrx_word' id='word_1_266' title='bbox 800 2388 890 2421; x_wconf 90' lang='lat' dir='ltr'>Ven.</span> <span class='ocrx_word' id='word_1_267' title='bbox 908 2387 936 2422; x_wconf 90' lang='lat' dir='ltr'>l.</span> <span class='ocrx_word' id='word_1_268' title='bbox 963 2386 1038 2422; x_wconf 77' lang='lat' dir='ltr'>Otr.</span> <span class='ocrx_word' id='word_1_269' title='bbox 1064 2387 1207 2422; x_wconf 83' lang='lat' dir='ltr'>habent.</span> <span class='ocrx_word' id='word_1_270' title='bbox 1247 2398 1315 2421; x_wconf 89' lang='lat' dir='ltr'>om.</span> <span class='ocrx_word' id='word_1_271' title='bbox 1334 2387 1489 2432; x_wconf 75' lang='lat' dir='ltr'>quidem</span> <span class='ocrx_word' id='word_1_272' title='bbox 1503 2389 1657 2424; x_wconf 83' lang='lat' dir='ltr'>Rufinus</span> 
     </span>
     <span class='ocr_line' id='line_1_31' title="bbox 268 2441 1653 2489; baseline 0.004 -14"><span class='ocrx_word' id='word_1_273' title='bbox 268 2443 313 2476; x_wconf 84' lang='lat' dir='ltr'>‹le</span> <span class='ocrx_word' id='word_1_274' title='bbox 333 2445 454 2477; x_wconf 77' lang='lat' dir='ltr'>metris</span> <span class='ocrx_word' id='word_1_275' title='bbox 479 2456 513 2488; x_wconf 83' lang='lat' dir='ltr'>p.</span> <span class='ocrx_word' id='word_1_276' title='bbox 536 2443 610 2477; x_wconf 75' lang='lat'>189.</span> <span class='ocrx_word' id='word_1_277' title='bbox 633 2441 749 2477; x_wconf 85' lang='lat' dir='ltr'>Orell.</span> <span class='ocrx_word' id='word_1_278' title='bbox 771 2464 811 2468; x_wconf 97' lang='lat'><strong>—</strong></span> <span class='ocrx_word' id='word_1_279' title='bbox 830 2444 990 2489; x_wconf 74' lang='lat' dir='ltr'>postea]</span> <span class='ocrx_word' id='word_1_280' title='bbox 1016 2444 1067 2476; x_wconf 87' lang='lat' dir='ltr'>sic</span> <span class='ocrx_word' id='word_1_281' title='bbox 1092 2444 1147 2478; x_wconf 83' lang='lat' dir='ltr'>ed.</span> <span class='ocrx_word' id='word_1_282' title='bbox 1170 2454 1223 2487; x_wconf 89' lang='lat' dir='ltr'>pr.</span> <span class='ocrx_word' id='word_1_283' title='bbox 1247 2449 1283 2477; x_wconf 82' lang='lat' dir='ltr'>et</span> <span class='ocrx_word' id='word_1_284' title='bbox 1301 2443 1404 2477; x_wconf 87' lang='lat' dir='ltr'>codd.</span> <span class='ocrx_word' id='word_1_285' title='bbox 1422 2444 1491 2477; x_wconf 86' lang='lat' dir='ltr'>mei</span> <span class='ocrx_word' id='word_1_286' title='bbox 1510 2457 1653 2487; x_wconf 80' lang='lat' dir='ltr'>omnes3</span> 
     </span>
     <span class='ocr_line' id='line_1_32' title="bbox 262 2497 1654 2545; baseline 0.002 -13"><span class='ocrx_word' id='word_1_287' title='bbox 262 2502 401 2545; x_wconf 63' lang='lat' dir='ltr'>poie&#39;la,</span> <span class='ocrx_word' id='word_1_288' title='bbox 429 2500 525 2543; x_wconf 83' lang='lat' dir='ltr'>quod</span> <span class='ocrx_word' id='word_1_289' title='bbox 551 2501 706 2543; x_wconf 81' lang='lat' dir='ltr'>ineptum</span> <span class='ocrx_word' id='word_1_290' title='bbox 732 2511 813 2533; x_wconf 85' lang='lat' dir='ltr'>esse</span> <span class='ocrx_word' id='word_1_291' title='bbox 839 2499 996 2533; x_wconf 80' lang='lat' dir='ltr'>ostendit</span> <span class='ocrx_word' id='word_1_292' title='bbox 1015 2499 1214 2533; x_wconf 81' lang='lat' dir='ltr'>Ruhnk.11.</span> <span class='ocrx_word' id='word_1_293' title='bbox 1233 2499 1291 2534; x_wconf 88' lang='lat' dir='ltr'>Cr.</span> <span class='ocrx_word' id='word_1_294' title='bbox 1309 2497 1374 2534; x_wconf 83' lang='lat' dir='ltr'>Or.</span> <span class='ocrx_word' id='word_1_295' title='bbox 1395 2500 1455 2535; x_wconf 86' lang='lat' dir='ltr'>Gr.</span> <span class='ocrx_word' id='word_1_296' title='bbox 1476 2513 1509 2545; x_wconf 88' lang='lat' dir='ltr'>p.</span> <span class='ocrx_word' id='word_1_297' title='bbox 1529 2500 1654 2544; x_wconf 65' lang='lat' dir='ltr'>LXH„</span> 
     </span>
     <span class='ocr_line' id='line_1_33' title="bbox 266 2554 1653 2601; baseline 0.003 -13"><span class='ocrx_word' id='word_1_298' title='bbox 266 2554 418 2588; x_wconf 81' lang='lat' dir='ltr'>Rufinus</span> <span class='ocrx_word' id='word_1_299' title='bbox 441 2555 462 2588; x_wconf 88' lang='lat'>1.</span> <span class='ocrx_word' id='word_1_300' title='bbox 481 2567 510 2588; x_wconf 86' lang='lat' dir='ltr'>c.</span> <span class='ocrx_word' id='word_1_301' title='bbox 538 2555 638 2589; x_wconf 82' lang='lat' dir='ltr'>Grut.</span> <span class='ocrx_word' id='word_1_302' title='bbox 665 2554 752 2589; x_wconf 82' lang='lat' dir='ltr'>Ern.</span> <span class='ocrx_word' id='word_1_303' title='bbox 772 2576 817 2579; x_wconf 97' lang='lat'><strong>—</strong></span> <span class='ocrx_word' id='word_1_304' title='bbox 842 2556 949 2598; x_wconf 73' lang='lat' dir='ltr'>clam]</span> <span class='ocrx_word' id='word_1_305' title='bbox 977 2566 1063 2589; x_wconf 77' lang='lat' dir='ltr'>eum</span> <span class='ocrx_word' id='word_1_306' title='bbox 1082 2555 1146 2601; x_wconf 75' lang='lat' dir='ltr'>Lg.</span> <span class='ocrx_word' id='word_1_307' title='bbox 1162 2556 1217 2590; x_wconf 74' lang='lat'>20.</span> <span class='ocrx_word' id='word_1_308' title='bbox 1231 2575 1277 2580; x_wconf 89' lang='lat'>———</span> <span class='ocrx_word' id='word_1_309' title='bbox 1300 2557 1466 2600; x_wconf 82' lang='lat' dir='ltr'>versum]</span> <span class='ocrx_word' id='word_1_310' title='bbox 1490 2568 1653 2593; x_wconf 74' lang='lat' dir='ltr'>vorsum</span> 
     </span>
     <span class='ocr_line' id='line_1_34' title="bbox 266 2610 1651 2658; baseline 0.004 -15"><span class='ocrx_word' id='word_1_311' title='bbox 266 2610 330 2656; x_wconf 74' lang='lat' dir='ltr'>Lg.</span> <span class='ocrx_word' id='word_1_312' title='bbox 358 2611 391 2645; x_wconf 84' lang='grc'>8.</span> <span class='ocrx_word' id='word_1_313' title='bbox 418 2610 472 2646; x_wconf 81' lang='lat'>35.</span> <span class='ocrx_word' id='word_1_314' title='bbox 498 2611 553 2646; x_wconf 84' lang='lat'>51.</span> <span class='ocrx_word' id='word_1_315' title='bbox 579 2611 634 2646; x_wconf 85' lang='lat'>53.</span> <span class='ocrx_word' id='word_1_316' title='bbox 663 2611 718 2646; x_wconf 79' lang='lat'>58.</span> <span class='ocrx_word' id='word_1_317' title='bbox 745 2611 800 2646; x_wconf 83' lang='lat'>68.</span> <span class='ocrx_word' id='word_1_318' title='bbox 826 2613 880 2646; x_wconf 85' lang='lat'>70.</span> <span class='ocrx_word' id='word_1_319' title='bbox 916 2611 997 2646; x_wconf 83' lang='lat' dir='ltr'>Vat.</span> <span class='ocrx_word' id='word_1_320' title='bbox 1028 2610 1172 2653; x_wconf 75' lang='lat' dir='ltr'>Onob.;</span> <span class='ocrx_word' id='word_1_321' title='bbox 1198 2613 1375 2658; x_wconf 82' lang='lat' dir='ltr'>scriptura</span> <span class='ocrx_word' id='word_1_322' title='bbox 1399 2615 1651 2656; x_wconf 85' lang='lat' dir='ltr'>memorabilis,</span> 
     </span>
     <span class='ocr_line' id='line_1_35' title="bbox 265 2667 1247 2712; baseline 0.002 -11"><span class='ocrx_word' id='word_1_323' title='bbox 265 2667 330 2701; x_wconf 82' lang='lat' dir='ltr'>sed</span> <span class='ocrx_word' id='word_1_324' title='bbox 355 2678 426 2701; x_wconf 91' lang='lat' dir='ltr'>non</span> <span class='ocrx_word' id='word_1_325' title='bbox 455 2678 556 2701; x_wconf 81' lang='lat' dir='ltr'>vera.</span> <span class='ocrx_word' id='word_1_326' title='bbox 583 2687 627 2691; x_wconf 80' lang='lat'>—</span> <span class='ocrx_word' id='word_1_327' title='bbox 660 2669 825 2712; x_wconf 74' lang='lat' dir='ltr'>servari]</span> <span class='ocrx_word' id='word_1_328' title='bbox 851 2670 1076 2703; x_wconf 69' lang='lat' dir='ltr'>conservari</span> <span class='ocrx_word' id='word_1_329' title='bbox 1101 2667 1165 2712; x_wconf 52' lang='lat' dir='ltr'>lig.</span> <span class='ocrx_word' id='word_1_330' title='bbox 1191 2668 1247 2703; x_wconf 79' lang='lat'>20.</span> 
     </span>
    </p>

    <p class='ocr_par' dir='ltr' id='par_1_6' title="bbox 357 2723 1649 2770">
     <span class='ocr_line' id='line_1_36' title="bbox 357 2723 1649 2770; baseline 0.002 -13"><span class='ocrx_word' id='word_1_331' title='bbox 357 2723 411 2758; x_wconf 83' lang='lat'>33.</span> <span class='ocrx_word' id='word_1_332' title='bbox 458 2723 647 2768; x_wconf 73' lang='lat' dir='ltr'>forsitan]</span> <span class='ocrx_word' id='word_1_333' title='bbox 671 2723 813 2769; x_wconf 75' lang='lat' dir='ltr'>forsan</span> <span class='ocrx_word' id='word_1_334' title='bbox 838 2724 901 2770; x_wconf 78' lang='lat' dir='ltr'>Lg.</span> <span class='ocrx_word' id='word_1_335' title='bbox 927 2725 982 2760; x_wconf 75' lang='lat'>20.</span> <span class='ocrx_word' id='word_1_336' title='bbox 1013 2730 1138 2759; x_wconf 74' lang='lat' dir='ltr'>contra</span> <span class='ocrx_word' id='word_1_337' title='bbox 1164 2735 1264 2758; x_wconf 87' lang='lat' dir='ltr'>usum</span> <span class='ocrx_word' id='word_1_338' title='bbox 1292 2725 1489 2761; x_wconf 78' lang='lat' dir='ltr'>Ciceronis.</span> <span class='ocrx_word' id='word_1_339' title='bbox 1512 2744 1557 2752; x_wconf 90' lang='lat'>·—</span> <span class='ocrx_word' id='word_1_340' title='bbox 1589 2736 1649 2760; x_wconf 78' lang='lat' dir='ltr'>ve-</span> 
     </span>
    </p>
   </div>
   <div class='ocr_carea' id='block_1_5' title="bbox 1815 438 1827 1220">
    <p class='ocr_par' dir='ltr' id='par_1_7' title="bbox 1815 438 1827 1220">
     <span class='ocr_line' id='line_1_37' title="bbox 1815 438 1827 1220; baseline 0 0"><span class='ocrx_word' id='word_1_341' title='bbox 1815 438 1827 1220; x_wconf 95' lang='lat' dir='ltr'> </span> 
     </span>
    </p>
   </div>
   <div class='ocr_carea' id='block_1_6' title="bbox 1810 438 1827 1639">
    <p class='ocr_par' dir='ltr' id='par_1_8' title="bbox 1810 438 1827 1639">
     <span class='ocr_line' id='line_1_38' title="bbox 1810 438 1827 1639; baseline 0 0"><span class='ocrx_word' id='word_1_342' title='bbox 1810 438 1827 1639; x_wconf 95' lang='lat' dir='ltr'> </span> 
     </span>
    </p>
   </div>
   <div class='ocr_carea' id='block_1_7' title="bbox 1797 1798 1809 2413">
    <p class='ocr_par' dir='ltr' id='par_1_9' title="bbox 1797 1798 1809 2413">
     <span class='ocr_line' id='line_1_39' title="bbox 1797 1798 1809 2413; baseline 0 0"><span class='ocrx_word' id='word_1_343' title='bbox 1797 1798 1809 2413; x_wconf 95' lang='lat' dir='ltr'> </span> 
     </span>
    </p>
   </div>
   <div class='ocr_carea' id='block_1_8' title="bbox 1792 0 1835 3126">
    <p class='ocr_par' dir='ltr' id='par_1_10' title="bbox 1792 0 1835 3126">
     <span class='ocr_line' id='line_1_40' title="bbox 1792 0 1835 3126; baseline 0 0"><span class='ocrx_word' id='word_1_344' title='bbox 1792 0 1835 3126; x_wconf 95' lang='lat' dir='ltr'> </span> 
     </span>
    </p>
   </div>
  </div>
 </body>
</html>
