1835 3126
18 2661 24 2759 ἱ

334 167 531 212 BREVIS
562 165 958 220 ELOQUENTIAE
990 167 1125 212 ROM.
1157 167 1300 211 HIST.
1430 171 1513 216 65

121 282 467 336 dissuadendisque
509 284 549 323 in
593 283 772 323 contione
808 283 983 334 legibus,
1030 288 1106 322 tum
1151 283 1363 323 sententiae
1397 295 1511 323 sena—

119 351 245 391 toriae
274 351 499 403 principem.
556 350 662 390 Dicit
692 349 793 390 enim
823 350 966 389 diserte
998 350 1135 390 Cicero
1165 351 1323 390 Antonii
1360 350 1511 391 dicendi

119 429 241 468 genus
272 417 390 468 longe
417 418 544 470 aptius
573 417 696 456 fuisse
724 417 897 465 iudiciis,
937 429 1051 469 quam
1081 417 1324 457 contionibus
1349 415 1438 468 (⁵⁹),
1477 423 1514 458 et

119 484 204 536 ipse
248 485 451 536 paululum
488 484 637 524 dubitat
677 496 765 523 num
798 485 988 524 Antonius
1031 489 1068 524 et
1106 484 1291 531 Crassus,
1338 485 1512 537 quamvis

120 551 276 590 maximi
306 557 505 600 oratores,
547 551 683 591 summi
710 551 854 591 fuerint
882 550 1034 591 dicendi
1070 551 1236 590 artifices
1261 547 1342 601 (90).
1401 551 1514 592 Alio-

119 631 204 658 rum
240 619 393 658 testium
430 619 576 658 iudicia
613 631 698 658 cum
736 619 796 658 his
834 619 1101 659 Ciceronianis
1146 623 1236 670 apte
1276 619 1513 671 conspirant.

119 685 302 725 Pluribus
332 685 430 725 locis
459 685 642 725 laudatur
672 698 696 724 a
724 685 964 735 Quintiliano
997 691 1033 725 et
1061 685 1212 726 Velleio
1240 684 1327 735 (⁹¹);
1358 687 1398 725 in
1428 686 1514 725 dia-

118 751 214 803 logo
255 752 302 792 de
333 753 555 792 oratoribus
587 764 687 804 quae
715 753 875 791 Antonii
907 757 1017 790 erant
1045 753 1153 802 Apro
1183 757 1346 802 propter
1377 752 1515 790 simili-

119 818 288 858 tudinem
324 819 473 869 ingenii
501 818 762 870 probabiliter
793 818 1014 856 tribuuntur
1038 815 1127 868 (³³2);
1165 817 1396 856 Macrobius
1432 818 1514 857 eius

120 884 272 924 dicendi
302 896 424 935 genus
457 884 598 924 ardens
630 889 798 924 erectum
828 884 1020 923 infensum
1050 884 1142 923 dicit
1162 880 1244 935 (93).

231 951 338 991 Nihil
376 950 580 990 admodum
619 952 824 1004 scripsisse
853 951 1062 991 Antonium
1102 963 1151 991 ex
1182 952 1372 992 Cicerone
1404 951 1515 991 audi-

118 1031 200 1058 mus
219 1016 306 1071 (⁰⁴>‚
338 1019 498 1070 eiusque
527 1019 587 1058 rei
617 1030 774 1058 causam
803 1017 904 1057 idem
931 1018 1091 1058 tradidit
1109 1016 1191 1069 (²¹⁵).
1235 1018 1385 1058 Idcirco
1416 1019 1517 1058 enim

119 1086 251 1125 aiebat
278 1087 468 1126 Antonius
500 1098 542 1126 se
573 1087 721 1126 nullam
751 1086 968 1125 orationem
999 1086 1223 1138 scripsisse,
1262 1091 1323 1134 ut,
1360 1086 1393 1124 si
1423 1085 1516 1138 quid

119 1154 323 1205 superiore
361 1153 505 1194 iudicio
537 1159 665 1194 actum
696 1153 732 1192 ei
769 1164 911 1193 nocere
940 1159 1094 1205 posset,
1132 1165 1245 1205 quem
1278 1158 1418 1205 postea
1447 1152 1516 1192 de—

119 1219 298 1260 fensurus
327 1226 449 1270 esset,
475 1221 618 1261 dictum
642 1234 666 1260 a
689 1232 730 1260 se
755 1233 841 1260 esse
868 1226 1045 1272 negaret.
1091 1220 1171 1261 Sed
1195 1219 1382 1260 accedunt
1410 1219 1516 1259 aliae

119 1298 263 1327 causae
299 1288 446 1341 plures.
503 1288 602 1328 Nam
639 1289 724 1329 viro
762 1289 891 1328 multis
929 1288 1249 1340 occupationibus
1281 1288 1443 1326 obsesso
1482 1291 1518 1326 et

119 1367 145 1393 a
173 1356 251 1394 reis
281 1355 337 1394 ita
366 1355 535 1407 expetito
566 1355 685 1395 facile
716 1355 851 1395 deesse
880 1360 1037 1408 poterat
1065 1356 1184 1395 otium
1215 1353 1516 1395 conscribenda-

119 1433 202 1460 rum
227 1423 465 1469 orationum,
495 1423 535 1460 in
557 1423 879 1462 exercitatissimo
902 1423 1134 1474 praesertim
1160 1427 1196 1462 et
1221 1421 1516 1461 seditiosissimo

119 1488 178 1526 rei
217 1487 400 1539 publicae
444 1493 629 1540 tempore.
688 1488 769 1528 Nec
810 1501 892 1528 mos
932 1494 1016 1528 erat
1057 1489 1280 1528 oratoribus
1319 1488 1517 1529 veteribus

119 1555 285 1606 scriptas
331 1555 447 1594 edere
493 1556 706 1595 orationes.
767 1555 880 1605 Quod
923 1561 980 1596 tot
1025 1557 1222 1596 orationes
1257 1556 1315 1596 M.
1356 1555 1518 1596 Catonis

119 1622 343 1671 exstabant,
372 1622 447 1663 viri
471 1623 642 1674 egregii,
673 1622 741 1662 sed
771 1635 865 1662 suae
895 1622 1023 1662 laudis
1048 1623 1260 1675 cupidioris
1287 1622 1517 1673 diligentiae

120 1687 301 1738 debetur,
334 1690 400 1742 qui
422 1690 586 1728 maxime
616 1690 789 1740 insignes
817 1690 1044 1740 Originibus
1068 1691 1148 1729 suis
1177 1689 1353 1729 inseruit.
1403 1688 1517 1739 Quod

119 1755 163 1796 C.
203 1756 369 1797 Gracchi
410 1757 601 1808 plurimae
644 1756 893 1805 ferebantur,
938 1757 1014 1796 viri
1055 1756 1261 1809 popularis
1306 1756 1517 1796 memoriae

118 1835 144 1861 a
166 1823 424 1862 sectatoribus
453 1823 625 1863 studiose
654 1828 830 1863 retentae
855 1823 1098 1864 tribuendum
1127 1823 1292 1864 videtur.
1337 1823 1417 1865 Sed
1446 1835 1517 1863 nec

116 1888 259 1929 Scauri
297 1901 368 1929 nec
397 1890 536 1930 Rutilii
572 1902 643 1930 nec
675 1890 805 1931 Catuli
843 1903 914 1932 nec
952 1892 1213 1943 antiquiorum
1246 1891 1442 1944 Scipionis
1481 1896 1518 1931 et

114 1956 266 2006 Laelii,
312 1958 405 2009 quin
446 1969 495 1997 ne
535 1957 671 1998 Crassi
714 1958 887 2011 quidem,
932 1959 1009 1998 nisi
1046 1970 1261 2011 paucarum
1308 1958 1518 1999 dictionum

113 2023 239 2063 literis
290 2025 521 2076 consignata
566 2031 811 2065 monumenta
855 2027 1072 2066 exstabant.
1139 2025 1265 2077 Igitur
1307 2026 1517 2066 testimonii

117 2091 166 2130 ab
194 2092 364 2131 Antonio
401 2105 474 2145 pro
507 2093 686 2133 contione
719 2093 813 2132 dicti
849 2095 889 2131 ὶη
916 2095 1007 2131 Sex.
1041 2095 1182 2130 Titium
1215 2093 1346 2144 capita
1377 2092 1516 2132 Cicero

114 2158 154 2196 in
184 2158 288 2199 libro
320 2159 489 2199 secundo
530 2159 576 2198 de
608 2160 777 2199 Oratore
816 2160 986 2199 servavit
1013 2156 1106 2209 (⁹⁰);
1143 2158 1323 2197 dictionis
1360 2172 1429 2208 pro
1459 2160 1518 2195 M’

115 2225 269 2275 Aquilio
298 2231 448 2277 partem
474 2224 667 2277 quandam
699 2237 747 2264 ex
769 2226 1023 2276 peroratione
1054 2225 1292 2278 desumptam
1318 2224 1358 2263 in
1383 2224 1519 2265 eodem

114 2291 239 2340 libro,
271 2291 339 2331 sed
367 2291 566 2332 Ciceronis
595 2292 725 2332 verbis
757 2292 1086 2332 accommodatam
1116 2293 1282 2344 legimus
1302 2289 1392 2343 (³¹⁷);
1425 2304 1518 2332 cau-

116 2370 185 2398 sae
216 2359 487 2397 Norbanumae
517 2359 738 2399 constitutio
769 2359 866 2412 ipsis
895 2360 1054 2400 Antonii
1082 2360 1212 2402 verbis
1240 2360 1449 2413 proposita
1482 2365 1518 2400 et

205 2478 265 2521 89)
292 2479 365 2514 Cic.
380 2478 484 2514 Brut.
500 2480 564 2524 44,
584 2479 660 2515 165.
773 2480 833 2524 90)
862 2481 936 2516 Cic.
952 2480 1057 2517 Brut.
1071 2482 1132 2525 44,
1151 2481 1227 2517 162.
1345 2479 1404 2524 91)
1430 2478 1516 2514 Vel-

115 2534 207 2569 leius
232 2534 277 2569 11.
303 2535 335 2570 9.
364 2535 417 2571 18.
439 2536 495 2571 22.
612 2537 672 2581 92)
697 2537 797 2572 Dial.
824 2537 869 2571 de
889 2535 955 2573 Or.
974 2539 1007 2573 2.
1125 2538 1186 2583 93)
1212 2536 1425 2572 Macrobius
1450 2536 1518 2570 Sa-

113 2591 243 2625 tur-nal.
265 2591 310 2626 V.
330 2591 357 2626 1.
385 2604 419 2638 p.
434 2593 512 2628 473.
530 2593 642 2629 Zeun.
759 2594 820 2638 94)
846 2594 920 2630 Cic.
941 2593 1046 2630 Brut.
1073 2596 1136 2637 44,
1164 2595 1241 2631 163.
1359 2593 1419 2637 95)
1443 2593 1518 2627 Cic.

114 2659 149 2693 p.
180 2647 350 2683 Cluentio
374 2649 430 2684 50.
456 2656 491 2685 et
517 2661 562 2685 ex
589 2662 633 2686 eo
659 2649 827 2686 Valerius
851 2651 1035 2688 Maximus
1059 2651 1138 2688 VH.
1165 2652 1208 2697 3,
1233 2652 1266 2687 5.
1383 2649 1445 2694 96)
1472 2649 1518 2684 de

120 2701 187 2739 Or.
214 2703 257 2738 ΙΙ,
287 2704 346 2748 11,
371 2706 427 2741 48.
544 2706 605 2751 97)
635 2707 681 2743 de
707 2705 773 2744 Or.
800 2707 843 2743 11.
870 2708 924 2742 47.

1218 2761 1245 2802 5
