1835 3126
410 240 493 284 Al)
525 239 638 283 (110.
670 240 938 285 BRUTUM
980 244 1098 286 CAP.
1129 244 1199 288 47.
1369 246 1500 291 389

216 367 364 391 summa
380 354 543 404 libertas]
569 356 759 395 sententia
775 357 976 409 aliquanto
993 358 1256 410 negligentius
1273 360 1501 412 composita,

105 427 144 461 ut
183 433 208 459 a
239 421 444 460 virtutibus
485 423 654 462 oratoris
693 423 744 463 ad
780 424 906 476 ipsum
937 430 1133 465 oratorem
1172 424 1252 464 illis
1283 426 1500 478 praeditum

102 493 335 528 transeatur.
394 488 474 529 Sed
510 489 676 540 legimus
714 489 762 530 de
801 490 949 531 Rutilio
988 503 1021 530 c.
1052 492 1124 538 30,
1159 492 1257 530 114ε
1294 499 1382 530 sunt
1421 496 1500 531 eius

102 558 290 593 orationes
314 558 457 593 {carnae
463 570 476 603 3
501 556 620 593 multa
644 557 843 606 praeclara
866 557 909 594 dc
932 559 1032 594 iure:
1058 557 1187 594 doctus
1209 560 1269 596 vir
1287 564 1322 596 et
1342 560 1498 597 Graecis

102 622 218 659 lucris
247 622 425 660 cruditus.
471 622 520 662 Et
549 623 624 670 43,
652 623 754 663 158:
782 622 922 660 multae
951 628 1087 660 etcum
1107 626 1294 672 gravitate
1315 625 1475 672 facetiae
1484 641 1495 672 5

99 688 267 739 quodque
295 687 448 735 difficile
475 694 552 733 est,
585 688 679 725 idem
707 694 741 726 ct
765 695 990 739 perornatus
1018 696 1052 727 ct
1076 690 1274 740 perbrevis.

215 756 306 794 174.
366 754 561 791 vendibilis
590 755 734 805 orator]
775 767 852 795 non
890 760 968 796 tam
1008 756 1196 809 probatus
1233 756 1492 798 audientibus.

99 833 130 860 c.
170 821 243 868 76,
284 821 384 860 264:
427 822 565 871 populo
604 835 679 859 non
719 828 801 860 crat
840 826 936 861 satis
971 823 1165 861 vendibilis
1205 823 1268 874 (C.
1307 825 1494 866 Visellius

96 887 257 938 Varro).
317 887 401 927 Fin.
432 887 461 927 I.
493 890 540 936 4,
575 890 646 928 12:
684 901 793 935 nam,
831 895 872 927 ut
900 892 976 927 sint
1001 890 1071 927 illa
1102 890 1372 936 vendibilium,
1402 892 1494 929 haec

95 954 267 992 uberiora
299 960 393 992 certe
421 961 520 993 sunt.
564 955 677 995 Lael.
701 955 773 1004 25,
800 957 876 996 96:
908 957 1009 993 illius
1039 956 1258 993 vendibilem
1285 960 1493 995 orationem⁵

96 1021 226 1070 religio
255 1021 407 1059 deorum
435 1022 704 1059 {inmortalium
733 1043 790 1049 —
817 1022 932 1068 facilc
963 1021 1143 1058 vincebat.

209 1087 301 1127 175.
362 1090 409 1125 D.
436 1088 588 1136 Brutus]
619 1088 653 1126 is
685 1098 769 1126 cum
793 1087 851 1127 M.
874 1085 976 1136 (sive
999 1090 1215 1132 Mamerco,
1248 1099 1350 1139 quae
1374 1100 1492 1140 prae-

95 1153 258 1193 nominis
288 1152 416 1192 forma
445 1153 715 1205 antiquissima
745 1153 849 1206 apud
879 1153 986 1193 solos
1007 1153 1196 1194 Aemilios
1225 1159 1376 1194 retenta
1407 1166 1494 1194 esse

93 1220 268 1271 videtur)
312 1219 479 1259 Aemilio
523 1220 674 1272 Lepido
726 1221 863 1260 consul
905 1220 978 1260 suit
1021 1233 1056 1259 a.
1097 1221 1193 1259 677.
1269 1223 1315 1258 L.
1361 1223 1489 1271 Scipio

94 1289 287 1325 Asiaticus
325 1298 426 1326 novo
467 1287 568 1326 inter
604 1287 755 1326 nobiles
795 1287 972 1339 exemplo
1012 1287 1283 1327 Marianarum
1322 1287 1491 1339 partium

94 1359 264 1393 sectator
294 1364 373 1392 cos.
406 1365 441 1392 a.
473 1354 568 1393 671.
628 1353 744 1393 Sulla
772 1353 995 1406 pelliciente
1025 1354 1074 1393 ab
1106 1353 1280 1392 exercitu
1314 1352 1491 1393 desertus

93 1421 302 1461 Massiliae
332 1420 533 1459 consenuit
561 1419 684 1459 exsul.
735 1421 800 1457 Cn.
829 1423 1029 1471 Pompeius
1053 1420 1190 1458 Strabo
1219 1432 1298 1460 cos.
1331 1432 1367 1459 a.
1393 1422 1490 1470 665,

92 1487 234 1538 Magni
262 1487 439 1538 Pompeii
466 1492 601 1539 pater,
641 1491 803 1538 propter
834 1499 1018 1526 summam
1048 1487 1271 1527 aviditatem
1300 1487 1491 1539 pecuniae

92 1554 240 1607 populo
279 1554 424 1593 invisus
468 1559 564 1593 erat.
623 1553 800 1594 Fratrem
839 1554 999 1594 Sextum
1042 1555 1083 1593 in
1124 1553 1221 1593 iuris
1264 1554 1489 1594 auctoribus

92 1625 268 1661 recenset
295 1620 532 1673 Pomponius
569 1620 617 1660 de
652 1632 709 1660 or.
748 1621 822 1660 iur.
855 1623 899 1668 3,
930 1623 997 1661 40.
1056 1624 1114 1659 M.
1156 1625 1282 1659 autem
1315 1624 1487 1666 Brutum,

93 1700 177 1728 cum
201 1687 248 1727 de
272 1687 352 1727 filio
379 1688 485 1737 eius,
516 1688 583 1740 qui
609 1688 895 1727 accusationem
919 1687 1147 1735 factitabat,
1180 1686 1320 1726 dudum
1346 1687 1488 1726 dictum

93 1756 142 1795 sit
165 1767 198 1795 c.
224 1756 297 1803 34,
333 1757 445 1802 130„
475 1767 574 1794 nuuc
598 1754 747 1794 demum
772 1755 1066 1794 commemorari
1095 1754 1181 1793 iure
1205 1755 1291 1806 quis
1314 1754 1486 1793 miretur.

91 1823 190 1863 Nam
229 1821 334 1874 quod
373 1822 463 1861 aliis
497 1822 595 1861 locis
629 1827 844 1874 temporum
884 1821 1058 1862 ordinem
1085 1821 1209 1862 violat
1242 1821 1404 1869 Cicero,
1447 1820 1488 1859 id

91 1890 254 1930 idoneas
283 1889 457 1928 rationes
486 1889 632 1929 habere
662 1888 775 1928 solet.

207 1958 246 1994 C.
279 1955 478 2004 Belltenus]
519 1966 597 1994 non
631 1960 690 1994 est
726 1954 846 2003 idem,
887 1954 952 2007 qui
980 1952 1172 1995 Sallustio
1205 1954 1244 1994 in
1273 1954 1359 2006 Iug.
1393 1954 1485 1994 104.

91 2026 138 2064 L.
171 2023 359 2060 Bellienus
388 2021 550 2069 dicitur3
586 2021 618 2060 is
661 2022 760 2062 enim
799 2027 877 2062 tum
910 2027 1073 2074 praetor
1109 2027 1215 2069 erat,
1252 2021 1323 2060 ille
1360 2025 1488 2059 autem

88 2094 315 2143 praeturam
355 2101 391 2128 a.
422 2087 572 2128 demum
602 2090 685 2129 648
721 2089 886 2128 obtinuit
925 2093 962 2127 et
991 2100 1076 2128 cum
1107 2088 1151 2128 C.
1181 2087 1314 2128 Mario
1346 2098 1486 2126 consu-

88 2157 209 2196 latum
236 2161 374 2209 petens
405 2168 440 2195 a.
473 2155 556 2195 650
585 2155 783 2207 repulsam
811 2166 950 2208 passus
982 2159 1058 2194 est:
1099 2167 1135 2195 v.
1165 2155 1278 2205 Pigh.
1310 2153 1388 2194 vol.
1418 2153 1486 2193 111.

90 2237 127 2276 p.
161 2225 252 2263 142.
311 2226 434 2260 Homo
469 2234 536 2271 per
573 2234 612 2258 se
646 2235 805 2271 magmas
836 2221 1010 2275 quamvis
1041 2220 1291 2261 dissentiente
1318 2220 1485 2261 Ernesto

90 2295 195 2330 recte
226 2289 303 2328 dici
331 2289 455 2340 potuit
480 2288 546 2339 qui
575 2288 742 2338 ignobili
770 2288 860 2328 loco
892 2293 1000 2328 ortus
1031 2293 1068 2327 et
1096 2300 1145 2328 ex
1167 2300 1209 2328 se
1235 2287 1321 2328 solo
1347 2287 1484 2338 cogni-

89 2363 150 2397 tus
189 2357 275 2396 iure
303 2366 471 2395 summos
500 2355 668 2394 honores
699 2356 896 2408 sperabat.
956 2354 1134 2395 Ceterum
1162 2356 1203 2394 in
1232 2359 1487 2394 controversa

91 2424 287 2476 scriptura
329 2422 505 2462 testatius
546 2422 734 2474 praetuli:
780 2435 878 2462 unus
920 2423 1020 2462 enim
1061 2422 1261 2462 Bellienus
1302 2421 1482 2461 Ciceroni

91 2495 412 2531 commemoratur
438 2501 476 2541 p.
510 2488 672 2529 Fonteio
702 2491 763 2537 4.,
795 2489 898 2528 alius
926 2489 1028 2530 Phil.
1056 2489 1104 2530 ΙΙ.
1136 2490 1212 2537 36,
1242 2490 1335 2536 91.;
1374 2492 1485 2527 erant

92 2563 219 2598 autem
258 2568 307 2596 ex
344 2562 460 2607 gente
488 2557 628 2596 Annia.
688 2556 768 2597 Sed
809 2568 858 2595 ex
893 2556 1015 2596 titulis
1053 2557 1168 2596 etiam
1199 2556 1350 2595 mutent
1390 2565 1483 2594 con-

92 2629 216 2673 stant,
247 2636 348 2676 quae
379 2629 436 2663 est
465 2623 638 2664 codicum
658 2623 934 2676 plerorumque
956 2624 1167 2675 scriptura:
1197 2634 1233 2662 v.
1260 2633 1298 2673 p.
1323 2621 1417 2669 730,
1443 2623 1481 2660 2.

93 2693 196 2738 742,
222 2691 261 2730 6.
307 2691 447 2731 Graev.
477 2703 514 2743 p.
535 2691 642 2739 516,
667 2692 733 2730 27.
774 2690 952 2737 Reines.;
981 2690 1070 2728 item
1100 2689 1207 2726 Billa
1229 2698 1368 2727 nomen
1395 2685 1485 2727 vide

94 2770 132 2811 p.
162 2756 264 2805 375,
294 2758 332 2797 6.
379 2757 538 2807 Graev.‚
569 2758 603 2797 si
635 2768 682 2797 ea
711 2757 841 2798 omnia
870 2760 976 2797 recte
1006 2755 1203 2809 descripta
1232 2759 1339 2803 sunt;
1378 2757 1415 2794 et
1444 2757 1485 2794 ut
