1835 3126
268 208 388 254 192
790 203 1138 250 CICERONIS

271 318 345 361 sed
374 329 418 358 se
449 313 641 357 arbitrari
668 326 838 357 causam
875 316 991 358 illam
1020 330 1047 359 a
1077 316 1168 359 Ser.
1202 315 1358 367 Galba,
1400 315 1507 372 quod
1547 317 1583 358 is
1612 317 1655 357 in

270 394 445 437 ‹ilcendo
484 397 512 446 †
560 392 771 434 ardentior
810 394 1028 448 acriorque
1074 401 1202 444 esset,
1246 396 1415 449 gravius
1453 402 1492 437 et
1529 394 1655 436 vehe—

268 474 443 515 mentius
476 484 600 527 posse
637 470 821 521 defendi3
860 472 998 526 itaque
1030 473 1271 513 auctoritate
1303 471 1346 513 C.
1372 471 1492 514 Laeli
1522 472 1656 529 publi-

269 564 397 594 canos
439 562 611 592 causam
649 549 848 592 detulisse
887 549 940 591 ad
979 547 1178 591 Galbam:
1245 547 1313 590 87.
1350 548 1464 591 illum
1507 559 1652 601 autem,

268 629 376 684 quod
414 630 453 669 ei
481 629 571 668 viro
601 628 903 668 succedendum
928 634 1061 676 esset,
1094 626 1326 669 verecunde
1358 633 1397 667 et
1427 627 1657 671 dubitanter

265 708 489 762 recepisse.
562 718 685 746 unum
730 705 848 760 quasi
900 704 1284 761 comperendinatus
1327 704 1505 746 medium
1548 706 1657 747 diem

266 786 419 835 fuisse,
460 796 579 840 quem
608 790 734 826 totum
768 782 947 825 Galbam
976 785 1019 825 in
1049 782 1356 825 consideranda
1380 796 1510 825 causa
1544 797 1656 826 com-

265 863 536 920 ponendaque
581 864 794 919 posuisse3
840 869 879 904 et
921 875 1011 904 cum
1051 863 1301 916 cognitionis
1339 862 1428 903 dies
1467 869 1578 904 esset
1618 869 1657 904 et

265 944 354 998 ipse
391 940 568 982 Rutilius
607 946 755 995 rogatu
791 942 998 982 sociorum
1027 940 1197 991 fdomum
1235 939 1288 982 ad
1319 938 1495 982 Galbam
1533 954 1654 983 mane

262 1022 468 1070 venisset,
511 1026 553 1061 ut
601 1032 691 1062 eum
735 1019 974 1061 admoneret
1010 1025 1050 1061 et
1087 1018 1139 1060 ad
1180 1018 1343 1060 dicendi
1383 1025 1540 1075 tempus
1581 1019 1656 1061 ad-

266 1099 451 1147 duceret,
488 1111 617 1152 usque
651 1097 785 1146 illum,
826 1097 962 1152 quoad
992 1098 1031 1139 ei
1062 1099 1288 1139 nuntiatum
1320 1104 1431 1139 esset
1458 1097 1653 1139 consules

263 1175 555 1224 descendisse,
592 1174 780 1217 omnibus
814 1175 994 1216 exclusis
1037 1180 1350 1216 commentatum
1390 1176 1430 1217 in
1475 1175 1653 1230 quadam

262 1254 465 1296 testudine
506 1266 596 1294 cum
631 1254 763 1294 servis
802 1247 979 1294 literatis
1020 1252 1172 1302 fuisse,
1218 1265 1389 1308 quorum
1426 1252 1500 1294 alii
1541 1253 1654 1296 aliud

264 1333 419 1375 dictare
460 1331 606 1374 eodem
642 1338 823 1387 tempore
861 1330 1007 1374 solitus
1046 1336 1169 1372 esset.
1228 1332 1391 1372 interim
1425 1345 1515 1372 cum
1544 1339 1657 1374 esset

263 1412 302 1453 ei
336 1411 563 1452 nuntiatum
599 1415 757 1464 tempus
797 1421 910 1458 esse,
952 1410 1090 1450 exisse
1124 1410 1167 1450 in
1198 1409 1324 1450 aedes
1359 1422 1408 1451 eo
1443 1409 1583 1451 colore
1615 1416 1654 1452 et

263 1490 315 1530 iis
352 1487 503 1536 oculis,
540 1494 583 1528 ut
613 1488 753 1541 egisse
783 1499 973 1536 causam,
1014 1499 1097 1528 non
1128 1492 1441 1528 commentatum
1472 1493 1653 1543 putares.

262 1566 330 1609 88.
364 1565 543 1608 addebat
568 1567 691 1606 etiam
715 1564 837 1620 idque
865 1565 918 1607 ad
941 1578 1027 1606 rem
1048 1565 1254 1620 pertinere
1277 1564 1457 1621 putabat,
1481 1567 1654 1621 scripto-

261 1658 330 1688 res
362 1645 459 1688 illos
489 1643 597 1686 male
631 1644 833 1687 mulcatos
861 1645 999 1687 exisse
1031 1656 1121 1687 cum
1150 1642 1306 1688 Galba:
1339 1657 1387 1687 ex
1411 1657 1489 1701 quo
1522 1645 1653 1699 sigui-

347 1779 391 1805 86.
427 1778 596 1812 ardentior]
619 1778 743 1812 gravior.

261 1893 347 1926 bata
371 1891 477 1926 Misc.
504 1889 611 1927 Obss.
638 1903 672 1936 p.
694 1890 790 1933 129„
816 1893 946 1926 ceteris
971 1898 1071 1926 certe
1094 1895 1173 1926 veri
1198 1892 1359 1927 similior.
1408 1891 1475 1925 Ed.
1502 1902 1555 1937 pr.
1584 1890 1652 1926 atl-

260 1948 476 1989 hwtatz'or,
504 1947 572 1981 Gu.
600 1949 630 1982 l.
657 1947 914 1988 adhortator,
942 1948 1046 1983 codd.
1074 1953 1135 1981 aut
1159 1948 1353 1981 adhortor
1380 1953 1440 1980 aut
1467 1948 1654 1988 adortor‚·

260 2005 313 2039 ita
337 2005 498 2049 quidem,
532 2009 568 2037 ut
590 2003 682 2037 Ven.
710 2005 738 2038 l.
772 2015 882 2049 supra
913 2005 1082 2049 scriptum
1109 2010 1283 2038 monstret
1311 2014 1385 2037 ona
1411 2003 1454 2047 (i.
1478 2016 1508 2038 e.
1537 2004 1651 2038 ador-

259 2061 428 2104 natior)‚
464 2059 556 2093 Ven.
581 2059 612 2094 2.
637 2072 658 2092 r
683 2065 718 2093 et
744 2071 789 2093 en
814 2060 858 2103 (i.
886 2072 917 2094 e.
945 2060 1191 2104 ardentior),
1228 2060 1262 2093 in
1292 2060 1357 2104 Lg.
1383 2060 1438 2093 39.
1469 2060 1513 2093 ad
1539 2072 1651 2105 marg.

258 2119 429 2162 scriptum
456 2116 501 2149 sit
527 2115 741 2155 „‹loctz·0r“
763 2115 975 2159 „fortior“.
1009 2115 1165 2150 Ernesto
1192 2116 1325 2160 placuit
1348 2118 1518 2160 [Jravz'or9
1543 2117 1653 2151 mani-

258 2173 352 2207 l'esto
379 2172 617 2217 aptissimum,
653 2172 683 2205 si
715 2183 782 2216 per
805 2171 916 2205 libros
946 2171 1082 2205 admitti
1111 2177 1254 2217 posset,
1285 2173 1460 2205 atrocior
1483 2172 1651 2215 'Pr-illem,

261 2230 357 2275 quod
381 2230 417 2263 in
443 2232 688 2262 accusatorem
715 2239 818 2271 quam
842 2228 876 2261 in
903 2233 1093 2273 patronum
1117 2228 1248 2262 rectius
1274 2228 1388 2269 cadit,
1412 2228 1503 2261 sicut
1521 2227 1652 2263 Orellii

261 2286 463 2323 acerbior,-
482 2285 546 2319 sed
563 2285 717 2318 omnium
731 2283 971 2318 infelicissime
984 2284 1247 2330 Bernhardyus
1263 2284 1416 2318 coniecit
1434 2287 1649 2319 astrictior.

258 2341 352 2376 Num
374 2339 593 2387 significatur
613 2341 690 2374 laus
713 2341 868 2374 oratoris
888 2342 1085 2385 praecipua
1105 2341 1186 2383 illa,
1211 2352 1304 2386 quae
1330 2341 1363 2374 in
1383 2341 1652 2376 commovendis

260 2398 461 2431 auditorum
487 2397 611 2431 animis
638 2397 815 2431 cernitur:
847 2396 929 2430 huic
954 2398 1126 2431 convenit
1151 2408 1226 2431 rem
1251 2396 1404 2430 (licendo
1430 2397 1586 2431 dilatare
1615 2403 1650 2432 et

258 2453 501 2499 amplificare,
524 2464 598 2487 non
623 2455 834 2500 astringere.
861 2474 901 2478 —
935 2452 1065 2497 Laeli]
1090 2455 1141 2488 sic
1167 2458 1227 2487 aut
1252 2451 1340 2488 Lelz'
1363 2451 1429 2498 Lg.
1455 2453 1488 2488 8.
1513 2453 1568 2487 35.
1595 2453 1648 2488 39.

257 2510 312 2545 51.
337 2510 391 2544 58.
427 2509 520 2544 Ven.
549 2510 577 2544 l.

348 2566 403 2600 87.
454 2570 491 2598 et
513 2565 753 2610 dubitanter]
780 2565 1078 2611 dubitanterque
1101 2566 1168 2613 Lg.
1188 2566 1241 2601 20.
1259 2586 1305 2591 -—
1330 2565 1648 2612 comperendina-

259 2624 336 2667 tus]
359 2623 644 2669 peremlz'natus
668 2623 723 2659 39.
746 2644 791 2651 ν-
825 2624 899 2659 aliz·
921 2622 1048 2666 aliud]
1072 2624 1145 2658 inv.
1171 2622 1271 2656 Man.
1309 2623 1401 2657 aliis
1426 2622 1539 2656 aliud
1559 2621 1646 2657 ΕΠ).

259 2678 444 2714 Omittitur
470 2679 543 2713 aliz·
565 2680 599 2713 in
627 2680 682 2715 ed.
703 2691 756 2726 pr.
782 2685 817 2714 et
840 2680 940 2714 libris
964 2680 1129 2714 omnibus
1156 2684 1301 2724 praeter
1326 2678 1390 2725 Lg.
1408 2678 1464 2714 20.
1491 2683 1526 2712 et
1550 2676 1646 2720 Vat.,

262 2736 449 2782 ceteroqui
463 2736 561 2772 nulla
573 2747 613 2773 re
627 2736 988 2780 commendabilibus3
1008 2748 1029 2771 a
1042 2736 1246 2782 posteriore
1261 2735 1342 2772 dein
1356 2735 1456 2772 abest
1469 2733 1590 2770 aliud.
1600 2750 1645 2760 *-
