1835 3126
326 193 524 236 BREVIS
554 191 949 244 ELOQUENTIAE
981 191 1116 235 ROM.
1147 191 1292 236 HIST.
1428 193 1504 237 3²

115 307 183 347 sed
212 306 376 347 solidam
405 307 588 360 publicae
616 306 754 346 salutis
781 306 1044 346 restituendae
1071 306 1226 346 laudem
1260 304 1502 354 affectarunt,

113 375 214 414 alter
247 375 369 413 minus
396 374 624 426 prudenter,
657 373 880 412 iracundius
912 373 1012 412 alter
1043 374 1083 412 in
1113 374 1329 426 procellam
1356 372 1503 412 ruentis

111 442 171 480 rei
212 441 394 492 publicae
436 441 671 493 praecipites
719 440 799 479 dati
842 440 1083 480 interierunt.
1155 441 1250 480 Post
1299 452 1366 479 eos
1408 450 1504 478 rara

115 508 377 548 Gracchorum
417 508 578 555 mentio;
620 507 799 547 videntur
846 508 962 554 enim,
1005 507 1078 546 etsi
1121 518 1218 545 unus
1253 507 1335 546 eius
1375 505 1502 556 gentis

113 575 264 614 Tiberii
302 574 483 626 aequalis
515 574 654 613 Tacito
679 580 915 614 memoratur
938 572 1025 625 (35),
1064 587 1255 615 consensu
1286 571 1502 613 nobilitatis

112 654 136 681 a
157 641 332 694 petendis
358 641 571 680 honoribus
594 641 780 692 prohibiti
805 641 938 681 fuisse.
988 643 1156 679 Tiberius
1179 640 1390 684 Gracchus,
1418 651 1504 678 cum

113 714 360 760 quaesturam
382 707 678 759 Hispaniensem
707 709 875 759 gesserit
905 720 940 747 a.
967 710 1067 756 617,
1110 709 1216 747 circa
1248 717 1388 745 annum
1419 705 1504 745 586

110 781 222 814 natus
250 775 367 814 suerit
390 785 548 812 necesse
572 779 640 812 est.
672 774 722 822 Is,
747 786 831 813 cum
854 786 903 813 ex
925 774 1126 813 duodecim
1149 772 1357 813 Corneliae
1377 771 1503 822 parti-

110 842 181 881 bus
208 853 292 880 cum
315 840 438 878 fratre
462 851 559 877 unus
581 838 755 890 reliquus
776 839 932 886 fuisset,
960 843 1213 890 praematura
1235 837 1358 889 patris
1378 841 1504 875 morte

111 908 228 947 orbus
258 907 297 944 in
326 905 475 956 gremio
500 902 647 942 matrio'
670 904 854 943 educatus
880 909 937 944 est
967 909 1003 943 et
1031 904 1228 954 ingenium
1253 902 1503 955 praeclarum

108 974 382 1024 magistrorum
405 971 828 1022 praestantissimorum
852 983 926 1024 ope
948 970 1141 1010 excultum
1155 970 1307 1010 habuit:
1337 981 1502 1022 quorum

108 1041 181 1080 suit
216 1039 442 1091 Diophanes
474 1037 737 1088 Mytilenaeas
781 1038 915 1077 rhetor
956 1050 1004 1078 ea
1038 1042 1166 1077 aetate
1205 1036 1388 1076 laudatus
1414 1033 1500 1087 (36).

109 1108 203 1148 Post
236 1118 319 1145 cum
338 1109 500 1157 propter
521 1103 658 1143 foedus
681 1104 952 1144 Numantinum
978 1105 1134 1156 publice
1160 1104 1354 1143 sublatum
1375 1104 1500 1143 iratus

109 1173 159 1213 ad
200 1184 281 1212 rem
323 1171 519 1223 publicam
562 1171 776 1222 gerendam
819 1173 1073 1220 accessisset,
1117 1171 1294 1210 tribunus
1339 1183 1375 1210 a.
1417 1171 1499 1210 621

108 1246 235 1280 tamen
261 1239 387 1291 plebis
416 1238 709 1277 infelicissimae
733 1239 911 1278 misertus
934 1240 973 1279 id
998 1240 1095 1290 egit,
1125 1244 1166 1278 ut
1187 1238 1360 1278 homines
1384 1236 1503 1276 otiosi

110 1313 146 1347 et
176 1319 260 1346 cum
287 1307 327 1345 in
358 1317 504 1344 summa
526 1305 661 1356 inopia
684 1306 875 1354 viventes,
904 1311 983 1345 tum
1008 1318 1057 1346 ex
1077 1304 1356 1357 largitionibus
1381 1304 1501 1344 vitam

109 1378 365 1414 sustentantes
403 1372 512 1422 agris
553 1372 722 1424 acceptis
759 1373 852 1412 boni
893 1374 995 1413 cives
1026 1373 1173 1413 fierent.
1235 1371 1307 1411 Cui
1335 1371 1500 1410 consilio

111 1453 195 1480 cum
225 1441 398 1479 obstaret
427 1438 584 1488 collega
612 1439 669 1478 M.
702 1440 905 1488 Octavius,
944 1440 1073 1490 legem
1101 1440 1292 1479 Liciniam
1323 1437 1369 1476 de
1400 1449 1500 1487 agro

110 1507 267 1560 publico
308 1504 544 1557 possidendo
591 1505 836 1545 instauravit.
906 1506 1029 1555 Quam
1079 1518 1162 1545 cum
1205 1505 1386 1557 perferre
1423 1515 1502 1543 non

110 1579 266 1628 posset,
305 1572 485 1621 collegae
514 1572 783 1621 magistratum
814 1572 1044 1623 abrogavit,
1086 1584 1170 1611 cum
1202 1576 1334 1624 spreta
1365 1582 1502 1610 sacro-

111 1646 247 1680 sancta
283 1639 499 1678 tribunatus
535 1638 728 1688 religione
763 1638 849 1689 ipse
880 1639 1051 1678 codicem
1077 1639 1296 1689 rogationis
1326 1637 1501 1688 legisset,

110 1720 158 1748 ne
195 1707 304 1746 fieret
338 1705 578 1744 intercessio.
637 1703 795 1743 Addidit
830 1705 939 1755 leges
972 1705 1166 1744 civitatem
1202 1708 1417 1744 evertentes
1454 1703 1502 1742 de

112 1774 276 1814 coloniis
326 1770 577 1817 deducendis,
623 1771 760 1821 opibus
807 1771 930 1810 Attali
973 1772 1080 1822 regis
1124 1771 1231 1824 plebi
1272 1771 1501 1821 dividendis,

111 1840 304 1893 equitibus
333 1839 373 1877 in
399 1842 571 1876 senatum
602 1837 857 1889 recipiendis,
889 1843 926 1877 et
958 1839 1075 1878 sociis
1106 1839 1299 1879 civitatem
1327 1844 1384 1878 est
1412 1838 1502 1891 pol-

107 1908 250 1948 licitus.
310 1905 376 1945 Sic
410 1904 652 1943 inimicorum
688 1909 724 1942 et
753 1903 1070 1945 adversariorum
1107 1906 1324 1958 pertinacia
1354 1905 1404 1945 ad
1434 1905 1501 1945 de-

109 1973 369 2027 sperationem
386 1976 512 2018 actus,
541 1983 623 2009 cum
638 1971 881 2022 perferendis
896 1972 1051 2022 legibus
1075 1973 1154 2011 suis
1170 1973 1346 2012 tribunus
1363 1973 1501 2012 iterum

110 2041 237 2082 creari
262 2038 399 2085 vellet,
438 2036 627 2077 seditione
660 2038 709 2076 ab
739 2039 987 2089 optimatibus
1017 2040 1185 2079 excitata
1215 2039 1311 2079 duce
1338 2040 1382 2079 P.
1414 2040 1501 2080 Sci-

109 2109 226 2161 pione
251 2105 470 2156 Serapione
501 2106 652 2144 occisus
683 2109 751 2145 est.
792 2105 852 2145 De
882 2107 1059 2145 oratoria
1084 2106 1198 2145 huius
1219 2107 1295 2146 viri
1314 2106 1502 2145 facultate

109 2175 194 2215 veri
222 2172 399 2211 similiter
421 2171 567 2210 iudicat
588 2172 821 2210 Plutarchus
852 2184 1008 2212 suavem
1035 2172 1158 2210 fuisse
1179 2177 1216 2210 et
1240 2172 1502 2211 miserationis

110 2241 266 2293 plenam
302 2239 383 2276 eius
423 2238 638 2276 orationem
668 2237 797 2276 verbis
826 2238 935 2288 puris
965 2242 1002 2276 et
1032 2242 1214 2277 accurate
1247 2237 1412 2276 elimatis
1442 2238 1501 2277 in-

111 2308 261 2357 signem
287 2301 376 2355 (3733
418 2315 518 2355 quae
555 2303 642 2342 laus
675 2315 699 2342 a
730 2303 929 2343 Ciceronis
957 2304 1147 2343 sententia
1171 2300 1238 2354 (3⁴³)
1269 2316 1346 2344 non
1372 2304 1503 2343 aliena

109 2374 275 2415 videtur.
323 2371 421 2411 Nam
447 2370 480 2409 si
507 2370 623 2409 duros
648 2370 911 2410 Gracchorum
938 2371 1152 2410 imitatores
1181 2370 1269 2410 fore
1292 2370 1502 2420 Quintilia-

111 2452 183 2479 nus
221 2439 407 2479 iudicavit
433 2434 523 2487 (39),
568 2442 673 2476 recte
710 2436 823 2486 dixit,
874 2437 907 2476 si
940 2436 1047 2477 solos
1084 2437 1289 2477 imitentur.
1355 2436 1501 2477 Famae

206 2602 264 2643 35)
293 2602 386 2635 Anu.
415 2600 440 2636 1.
466 2600 518 2635 53.
557 2599 620 2634 IV.
650 2599 700 2634 16.
820 2600 879 2642 36)
914 2600 987 2635 Cic.
1014 2599 1117 2635 Brut.
1142 2599 1296 2643 27‚103.
1336 2599 1399 2642 58,
1422 2599 1499 2633 211.

115 2658 264 2696 Quintil.
301 2656 327 2691 l.
364 2656 402 2700 l,
435 2657 467 2692 6.
514 2655 611 2691 Plut.
646 2656 723 2692 Tib.
760 2655 925 2691 Graccho
965 2668 994 2691 c.
1027 2656 1059 2692 8.
1175 2656 1235 2701 37)
1276 2656 1372 2692 Plut.
1409 2656 1431 2689 l.
1469 2665 1499 2688 c.

114 2714 175 2758 38)
202 2714 274 2750 Cic.
295 2712 399 2749 Brut.
421 2713 478 2757 27,
507 2713 581 2750 104.
695 2712 754 2756 39)
782 2711 903 2752 Quint.
928 2711 970 2750 ΙΙ.
995 2712 1038 2755 5,
1058 2712 1116 2748 21.
