1835 3126
253 229 380 290 456
442 239 642 284 INDEX
672 239 738 282 111.
772 237 990 282 RERUM
1021 238 1083 281 IN
1113 239 1334 283 EXPLL.
1369 240 1647 284 TRAGTT.

262 353 301 388 T.
331 352 452 387 Tinea
475 352 703 399 βαρβαρίζων
729 351 805 386 172.
855 391 860 396 ,

260 409 419 444 Tinctus
442 408 557 443 literis
581 407 642 441 vel
668 408 850 453 elegantia
872 406 951 442 2ll.
1010 395 1015 401 ’

262 466 393 500 Tisias
419 470 455 499 et
479 465 601 499 Corax
627 463 827 498 rhetorices
850 464 1060 500 inventores
1083 462 1138 497 46.

261 522 299 558 G.
330 521 455 557 Titius
479 526 603 556 orator
627 531 699 565 qua
724 526 844 555 aetate
868 520 976 555 fuerit
1001 520 1075 556 167.

258 578 352 614 Sex.
383 577 510 613 Titius
533 576 727 612 seditiosus
750 576 830 611 225.

264 635 357 669 Tori
378 633 533 679 figurate
558 633 641 667 dicti
664 633 719 668 64.

259 692 302 727 L.
334 690 555 736 Torquatus
579 688 657 723 265.

263 748 302 783 T.
335 747 554 792 Torquatus
578 745 658 779 245.

264 804 451 839 Tractare
477 805 632 837 animos
662 802 684 837 i.
710 812 743 847 q.
769 802 873 837 varie
897 801 1049 837 afficere
1077 802 1151 838 188.

263 861 546 897 Transeurrere
570 869 711 894 cursum
734 870 836 894 suum
860 858 939 894 282.

264 917 531 953 Transiiiones
556 927 581 950 a
598 915 715 962 plebe
737 927 766 952 s.
790 915 836 950 ad
858 916 1002 961 plebem
1026 915 1082 950 62.

264 975 304 1010 G.
334 974 511 1009 Triarius
534 972 614 1008 265.

264 1031 507 1068 Tusculanus
531 1028 648 1063 homo
673 1028 728 1064 M.
754 1028 846 1065 Cato
870 1028 948 1064 294.

267 1154 402 1205 Ulixes
427 1158 463 1186 et
486 1150 521 1185 N
526 1156 624 1185 estor
649 1151 816 1194 exempla
840 1151 1070 1196 eloquentiae
1096 1152 1192 1198 apud
1217 1151 1411 1187 Homerum
1437 1151 1492 1186 40.

268 1211 430 1245 Unctior
455 1206 600 1241 dicendi
616 1206 847 1246 <consuetudo
873 1206 926 1240 78.

268 1266 370 1301 Usus
394 1266 416 1300 i.
442 1276 476 1309 q.
500 1262 630 1296 notitia
654 1273 719 1296 usu
743 1266 850 1307 parta
875 1260 952 1297 152.

267 1322 318 1358 Ut
350 1323 386 1356 in
417 1318 762 1365 interrogationibus
798 1317 871 1353 188.
896 1338 942 1344 —-
976 1329 1043 1364 pro
1075 1327 1123 1352 ac
1154 1323 1237 1363 post
1262 1316 1433 1364 perinde
1465 1322 1502 1352 et
1524 1316 1652 1352 similia

310 1380 443 1415 dictum
474 1375 550 1411 188.
745 1374 748 1376 ’

266 1504 312 1546 Q.
338 1506 371 1537 δι
395 1501 447 1537 D.
480 1498 629 1534 Valerii
654 1497 785 1532 Sorani
810 1493 908 1531 docti
934 1495 1009 1531 169.

266 1560 309 1602 Q.
343 1558 486 1593 Varius
515 1554 653 1589 Ibricla
675 1554 753 1588 221.

265 1616 324 1652 M.
363 1615 488 1649 Varro
515 1612 642 1646 doctus
667 1611 723 1645 vir
747 1610 825 1645 205.

267 1672 414 1708 Vehens
438 1670 571 1704 dictum
594 1667 823 1702 intransitive
848 1665 894 1700 de
917 1676 982 1708 eo,
1007 1665 1068 1710 qui
1092 1665 1235 1700 vehitur
1259 1664 1338 1699 331„

268 1727 483 1764 Vendibilis
507 1730 632 1760 orator
655 1725 734 1769 quis
760 1723 836 1757 174.

268 1786 369 1820 Vera
396 1793 518 1819 causa
541 1781 619 1815 226.

269 1842 474 1876 Veterator
498 1843 534 1872 et
557 1838 816 1871 veteratorius
840 1834 1023 1880 explicata
1044 1833 1123 1868 238.

268 1898 311 1939 Q.
354 1896 499 1931 Vettius
538 1893 739 1926 Vettianus
765 1896 889 1925 orator
917 1890 991 1925 169.

270 1952 438 1989 Vibrans
465 1949 604 1990 oratio,
628 1947 830 1982 sententiae
853 1946 930 1983 331.

264 2009 321 2045 M.
349 2005 537 2053 Viryilius
561 2004 686 2038 Sullae
713 2009 901 2037 accusator
925 2002 1002 2038 179.

270 2066 449 2111 Virqines
473 2062 494 2096 i.
520 2073 553 2106 q.
578 2060 747 2095 Vestales
771 2059 850 2094 236.

270 2123 309 2158 C.
342 2119 524 2157 Visellius
548 2116 629 2153 264.

272 2178 498 2214 voluntates
522 2175 546 2210 i.
568 2186 602 2220 q.
627 2172 765 2215 studia,
791 2169 1086 2216 Bestrebunqen
1111 2168 1165 2204 83,

266 2302 419 2349 Xystus
445 2298 498 2334 lo.

271 2426 449 2472 Zeuqma
473 2420 593 2468 figura
616 2417 693 2463 315.

502 2789 603 2815 Druck
623 2789 681 2815 und
700 2789 807 2822 l'apier
825 2788 877 2814 der
895 2787 1192 2815 Hofbuchdruekerei
1212 2788 1239 2814 in
1259 2787 1431 2819 altenburg.
