1835 3126
403 248 483 290 ΑΙ)
518 247 632 290 ClC.
667 247 930 292 BRUTUM
963 251 1081 294 CAP.
1112 252 1149 295 8.
1347 254 1478 301 339

90 372 158 401 nec
186 360 311 400 literis
335 360 539 413 quicquam
562 362 772 402 mandaret.
785 365 808 382 “
854 366 1086 413 Bernhardy.
1129 365 1235 405 Bene
1259 367 1319 407 vir
1340 367 1474 408 doctus

85 426 268 467 adversus
294 426 487 467 Klotzium
519 428 591 467 illa
615 428 815 481 disputans
841 431 879 469 in
903 431 1020 470 Tusc.
1044 431 1110 470 111.
1136 433 1209 480 20,
1232 434 1300 473 48.
1345 434 1473 486 Ipsum

83 497 209 531 tamen
244 492 341 532 illud
377 505 453 533 non
482 496 603 533 verbis
632 496 698 535 sed
729 498 960 535 sermonibus
988 497 1177 537 dicturum
1205 498 1327 539 fuisse
1358 501 1470 541 Cice·

81 569 212 599 ronem
242 565 348 611 puto.

190 639 261 663 non
296 627 364 663 illa
394 627 437 663 de
467 628 617 677 ηαιυνιι]
660 623 869 681 φυσικήν,
908 641 1021 680 quam
1060 641 1129 669 nos
1167 631 1468 682 metaphysicam

77 703 279 740 vocamus,
317 694 513 732 veterrimi
550 694 611 733 illi
650 694 849 746 explicare
887 693 1124 735 studuerunt.
1193 697 1252 737 De
1290 698 1469 739 Socratis

77 758 148 797 illa
174 758 290 798 laude
313 759 541 811 Bernhardy
569 762 824 800 testimonium
843 761 1066 801 Aristotelis
1092 763 1274 804 excitavit
1290 765 1466 818 Metaph.

75 825 104 864 1.
136 826 174 865 6.
215 837 252 877 p.
286 828 357 866 2οε
395 822 658 880 Σωκράτους
689 826 738 868 δὲ
765 825 871 880 περὶ
899 825 979 878 μὲν
1005 824 1061 867 τὰ
1090 823 1230 882 ἠθικὰ
1260 843 1470 884 πραγμα-

75 890 329 940 τευομένου,
368 889 473 945 περὶ
510 889 558 933 δὲ
594 893 672 946 τῆς
702 890 808 946 ὅλης
843 889 1019 947 φύσεως
1049 889 1203 941 οὐθέν,
1242 892 1288 936 ἕν
1315 895 1467 946 μέντοι

74 953 247 1006 τούτοις
285 954 333 997 τι)
373 953 574 998 καθόλου
614 958 842 1009 ζητοῦντος
880 955 954 998 καὶ
991 955 1096 1012 περὶ
1133 954 1330 1012 ὁρισμῶν
1367 959 1468 1002 ἐπι-

73 1017 312 1076 στήσαντος
350 1018 531 1076 πρώτου
571 1019 648 1075 τὴν
687 1018 894 1062 διάνοιαν.
958 1023 1027 1062 His
1068 1024 1168 1063 adde
1207 1025 1467 1066 Ciceroniana

70 1089 190 1128 Acad.
221 1089 250 1127 I.
280 1090 323 1135 4,
358 1089 420 1127 15.
468 1088 583 1127 Tusc.
611 1089 656 1129 V.
686 1090 732 1136 4,
767 1090 830 1128 10.
889 1092 994 1127 Haec
1034 1096 1198 1130 vocatur
1235 1093 1382 1142 ethica,
1424 1095 1465 1132 in

70 1166 148 1206 qua
190 1154 468 1206 pertractanda
517 1160 554 1194 et
595 1154 778 1194 libentius
823 1155 963 1195 Cicero
1006 1163 1250 1207 versaretur,
1306 1165 1344 1198 et
1387 1172 1466 1212 qua

69 1220 343 1272 cognoscenda
372 1222 522 1261 oratori
551 1222 728 1274 inprimis
759 1227 860 1261 esset
890 1233 1000 1273 opus

182 1289 249 1328 32.
308 1289 502 1338 Isocrates]
543 1288 590 1328 de
619 1290 732 1328 huius
763 1288 928 1328 'docendi
952 1288 1070 1328 laude
1107 1290 1252 1330 similia
1281 1291 1362 1332 Cic.
1393 1293 1461 1333 Or.

71 1355 142 1403 13,
172 1356 239 1394 40.
286 1353 334 1393 de
364 1355 430 1395 Or.
460 1356 508 1395 II.
539 1358 613 1404 22,
644 1357 710 1396 94.
769 1355 867 1395 Eam
898 1356 1102 1396 exornavit
1129 1355 1340 1408 Dionysius
1371 1358 1464 1399 Hal.

66 1420 145 1460 iud.
176 1420 224 1460 de
252 1421 373 1460 Isocr.
406 1424 442 1461 1.
506 1421 672 1469 officina
709 1426 837 1461 autem
872 1426 1055 1474 tanquam
1084 1424 1286 1475 proprium
1320 1430 1378 1465 est
1414 1426 1462 1465 de

64 1487 158 1528 ludo
188 1488 364 1527 oratorio
400 1488 616 1539 spatiisque
645 1488 967 1541 philosophorum
997 1501 1028 1529 S.
1057 1489 1294 1530 umbraculis
1325 1490 1458 1542 (Brut.

64 1556 111 1603 9,
143 1554 248 1605 37.),
287 1554 354 1606 qui
391 1555 633 1594 ambulantes
673 1554 885 1604 docebant,
926 1556 1155 1607 opponitur,
1195 1557 1263 1597 Or.
1295 1559 1342 1607 3,
1375 1561 1459 1607 12.;

65 1621 114 1660 ef.
145 1622 212 1662 Or.
243 1623 317 1670 13,
346 1623 414 1662 40.

172 1691 317 1737 primitus
345 1689 542 1737 intellexit]
583 1700 632 1728 ex
662 1688 744 1727 eius
775 1681 899 1742 τέχνῃ
929 1685 1142 1743 ῥητορικῇ
1177 1689 1262 1741 ipse
1291 1690 1361 1730 ille
1395 1691 1456 1731 lo-

64 1766 151 1801 cus,
182 1765 295 1806 quem
321 1755 384 1793 hic
414 1756 541 1805 tangit
561 1755 719 1802 Cicero,
750 1759 925 1794 servatus
951 1759 1009 1793 est
1039 1755 1088 1793 ab
1104 1755 1250 1794 Ioanne
1267 1756 1459 1797 Siceliota

61 1821 188 1860 Rhett.
211 1820 276 1860 Gr.
306 1825 333 1860 t.
350 1820 413 1862 VI.
437 1833 474 1873 p.
499 1822 596 1860 166:
628 1817 742 1868 ὅλως
773 1817 820 1860 δὲ
850 1814 873 1860 ὁ
902 1815 1033 1872 λόγος
1060 1816 1121 1874 μὴ
1151 1816 1283 1872 λόγος
1308 1818 1420 1862 ἔστω
1446 1833 1454 1843 ·

61 1883 194 1940 ξηρὸν
223 1882 307 1941 γάρ
331 1897 338 1906 ·
374 1885 486 1940 μηδὲ·
518 1882 734 1939 ἔμμετρος
757 1897 766 1904 ·
806 1883 1057 1939 καταφανὲς
1086 1880 1170 1940 γάρ
1194 1896 1206 1906 ·
1236 1881 1348 1928 ἀλλὰ
1376 1902 1457 1938 με-

58 1950 207 2003 μίχθω
250 1951 383 1993 παντὶ
428 1951 612 2006 ῥυθμῷ,
665 1947 864 2005 ἰαμβικῷ
906 1947 1101 2001 μάλιστα
1144 1946 1174 2004 ἢ
1217 1952 1453 2008 τροχαϊκῷ.

56 2018 245 2058 Indicavit
273 2018 514 2070 Bernhardy.
573 2018 728 2058 Similia
766 2017 813 2057 de
842 2018 1017 2058 Isocrate
1055 2018 1193 2059 Cicero
1235 2020 1368 2075 posuit
1406 2019 1455 2060 de

59 2086 125 2126 Or.
155 2085 221 2125 ΠΙ.
251 2087 324 2134 44,
356 2087 449 2125 173.
493 2086 559 2125 Or.
589 2085 662 2132 52,
695 2086 787 2124 174.
834 2086 908 2132 61,
938 2086 1056 2132 207.;
1094 2096 1172 2124 non
1202 2084 1452 2125 dissimulans

58 2157 179 2192 artem
219 2152 329 2191 illam
367 2152 552 2191 Isocratis
589 2151 686 2202 ipsis
725 2151 804 2189 suis
841 2151 1010 2189 numeris
1049 2151 1099 2190 ad
1137 2151 1290 2190 dicendi
1328 2163 1451 2202 genus

57 2219 284 2259 concitatius
302 2218 481 2257 adhiberi
498 2219 579 2256 'non
595 2227 724 2268 posse.
762 2216 993 2256 Praeiverat
1015 2222 1143 2256 autem
1157 2218 1260 2257 viam
1275 2217 1450 2269 Thrasy-

58 2286 233 2333 machus,
266 2284 333 2323 sed
363 2285 396 2323 is
422 2284 569 2323 insulse
594 2288 630 2322 et
658 2283 740 2322 sine
762 2281 924 2322 iudicio:
956 2283 1004 2323 cf.
1031 2282 1078 2322 de
1100 2284 1165 2323 Or.
1189 2283 1256 2323 III.
1283 2286 1356 2334 16,
1379 2283 1446 2325 59.

58 2353 124 2391 Or.
156 2353 231 2398 52,
265 2350 358 2390 175.

167 2418 253 2455 dum
282 2429 429 2455 versum
459 2414 650 2468 effugeres]
691 2415 738 2455 de
767 2415 944 2454 versibus
981 2420 1117 2455 contra
1152 2416 1282 2468 legem
1318 2421 1447 2456 tamen

55 2483 266 2535 aliquando
298 2483 467 2523 orationi
501 2482 680 2522 immixtis
712 2483 860 2534 egimus
890 2482 929 2521 in
958 2481 1090 2534 Expll.
1120 2482 1172 2522 ad
1201 2483 1248 2523 de
1280 2484 1348 2524 Or.
1377 2483 1442 2524 111.

53 2552 98 2599 5,
129 2553 195 2591 20.

166 2618 231 2656 33.
292 2616 417 2654 dedita
441 2629 555 2666 opera
577 2630 655 2655 esse
682 2615 905 2667 quaesitam]
938 2615 1064 2654 dedita
1093 2628 1209 2666 opera
1237 2614 1447 2654 damnabat

53 2683 333 2732 Schneiderus,
371 2682 475 2735 quod
510 2683 639 2723 inesse
675 2683 871 2724 videretur
908 2682 949 2722 in
986 2685 1165 2733 quaesito.
1223 2682 1448 2731 „Nimirum

51 2752 141 2791 huic
178 2750 373 2791 tribuebat
409 2751 604 2792 notionem
642 2751 829 2796 tentandi,
870 2762 954 2791 cum
990 2749 1150 2790 deberet
1186 2749 1445 2801 significatum

1083 2826 1169 2867 22*
