1835 3126
267 228 392 280 444
811 228 1005 271 INDEX
1062 229 1110 271 ΙΙ.

693 921 1045 976 INDEX
1126 921 1235 975 ΙΙ.

367 1044 582 1088 RERUM
621 1044 685 1086 IN
725 1043 1232 1087 GOMMENTARIIS
1274 1042 1562 1087 CRITIGIS

702 1110 1219 1154 TRAGTATARUM.

471 1312 631 1353 Numeri
660 1313 851 1353 sectiones
880 1325 910 1352 s.
941 1314 1218 1366 paragraphos
1249 1312 1458 1353 editionum

870 1380 1056 1421 indicant.

271 1581 432 1629 Accius
456 1603 501 1626 an
526 1590 661 1626 Allius
684 1590 911 1626 scribendum
937 1591 991 1625 72.
1017 1590 1095 1625 271.

271 1649 502 1686 Accusativz‘
524 1649 704 1683 nominum
730 1648 953 1682 Graecorum
976 1649 1012 1682 in
1037 1651 1089 1681 (ῖῆ
1111 1647 1189 1683 292.
1219 1668 1259 1673 --—
1296 1648 1331 1682 in
1355 1653 1401 1682 ἴω
1428 1645 1502 1680 138.

271 1707 372 1753 Afui
395 1718 440 1741 an
467 1705 584 1751 abfui
607 1716 651 1738 an
678 1709 869 1749 utrumque
893 1704 1122 1749 probandum
1145 1704 1225 1739 248.

271 1764 471 1799 Alteruter
494 1761 685 1806 utrobique
709 1761 952 1795 declinatione
976 1760 1147 1796 inflexum
1173 1761 1247 1797 143.

272 1820 506 1854 Ammonem
531 1818 699 1852 Italorum
723 1817 924 1852 scribarum
951 1817 1026 1852 103.

272 1874 545 1911 Anaeoluthon
569 1885 695 1908 verum
719 1874 773 1908 53.
798 1893 844 1898 ——
877 1874 969 1908 salso
995 1875 1168 1909 creditum
1193 1873 1248 1909 67.

270 1933 410 1969 Ausim
433 1934 466 1966 &
490 1941 609 1965 ausus
634 1933 712 1965 sim
736 1929 886 1964 confusa
911 1929 963 1964 18.

273 1989 355 2026 Aut
378 1994 414 2024 et
438 1992 476 2022 ec
501 1986 651 2021 confusa
677 1986 752 2023 125.

273 2133 553 2169 Benevolenlia
577 2131 825 2174 scribendum,
851 2143 923 2166 non
948 2130 1207 2166 benivolencia
1231 2131 1262 2164 4.

278 2280 481 2315 Clamator
505 2283 541 2312 et
567 2277 813 2311 declamator
837 2277 989 2311 confusa
1014 2277 1089 2311 182.

277 2336 468 2371 Constare
493 2340 528 2369 et
553 2338 712 2369 exstare
736 2333 888 2369 confusa
909 2333 988 2369 333.

276 2393 552 2428 Controversus
580 2390 636 2427 46.

273 2551 533 2586 Declamator
556 2553 592 2582 et
617 2548 815 2582 clamator
839 2545 991 2580 confusa
1019 2545 1093 2579 182.

274 2608 379 2642 Dein
404 2612 440 2640 et
464 2607 558 2640 emin
580 2604 820 2639 Ciceroniana
843 2603 897 2638 93.

275 2664 469 2698 Deminuo
495 2667 530 2696 et
556 2661 734 2696 (liminuo
762 2660 792 2695 l.

275 2720 374 2754 Dies
401 2718 570 2753 feminino
599 2729 733 2764 genere
756 2715 1020 2762 significatione
1047 2714 1203 2749 iudiciali
1227 2714 1280 2748 ὃὸ

275 2775 439 2811 Discere
461 2780 497 2810 et
522 2774 652 2812 dicere
677 2774 827 2811 confusa
850 2774 927 2809 240.
