1835 3126
355 169 553 213 BREVIS
583 169 979 224 ELOQUENTIAE
1011 173 1145 218 ROM.
1177 174 1321 219 HIST.
1449 179 1534 224 99

141 284 278 337 gendis
307 296 439 324 corum
465 286 808 326 exercitationibus
834 287 1016 328 erudiret.
1058 289 1174 330 Certe
1199 295 1535 344 quantumcunque

139 353 196 393 M.
217 352 374 392 Caelius
406 352 449 393 C.
468 352 612 393 Calvus
641 353 699 393 M.
717 354 860 394 Brutus
899 355 1060 397 dicendo
1090 358 1315 408 valuerunt,
1352 370 1534 410 magnam

138 424 288 471 partem
332 419 460 459 landis
506 420 588 459 eius
631 420 769 461 Cicero
816 423 1003 473 magister
1046 425 1121 464 sibi
1162 425 1345 466 vindicat.
1403 425 1533 466 Etiam

136 486 387 526 Dolabellam
413 487 578 526 Hirtium
607 488 774 528 Pansam
800 489 986 530 Plancum
1017 503 1101 531 cum
1124 492 1182 531 rei
1205 492 1387 545 publicae
1410 505 1532 533 causa

136 558 213 592 tum
246 554 294 593 ob
327 554 562 605 elegantiam
590 556 739 607 ingenii
767 556 816 596 ad
848 569 914 597 eas
945 559 1243 599 exercitationes
1275 559 1429 599 admisit
1447 558 1530 611 (³¹).

762 667 797 721 ς.
829 669 896 708 4ο.

572 741 865 777 Exercitationes
892 743 1086 776 oratoriae.

243 822 327 862 Etsi
364 822 486 871 igitur
523 821 640 873 periti
669 822 807 861 harum
839 834 970 862 rerum
1007 823 1295 863 existimatores
1330 825 1528 876 intellige-

129 889 223 927 bant
253 888 335 927 sine
365 899 495 927 rerum
518 888 772 927 maximarum
794 901 867 928 usu
897 894 934 928 et
954 889 1119 930 veritate
1141 902 1348 930 causarum
1379 892 1528 931 oratio—

128 955 241 994 nibus
271 954 469 994 reddenda
500 955 762 1006 eloquentiam
792 956 961 1006 cogitari
991 968 1068 996 non
1095 968 1233 1009 posse,
1271 969 1368 1009 opus
1398 963 1528 998 tamen

127 1034 215 1062 esse
243 1022 427 1062 videbant
462 1022 807 1062 exercitationibus
847 1023 898 1062 ad
926 1024 1129 1063 veritatem
1165 1023 1390 1064 imitandam
1422 1037 1526 1065 com-

126 1089 277 1141 positis.
335 1089 417 1129 Has
452 1090 593 1140 igitur,
633 1101 717 1146 cum
746 1091 949 1130 historiam
980 1091 1228 1143 eloquentiae
1257 1093 1400 1133 veteris
1439 1092 1526 1131 uni-

125 1168 265 1196 versae
294 1169 371 1196 non
402 1154 634 1205 scribamus,
663 1159 872 1210 perpaucis
902 1159 1154 1198 tractabimus
1177 1156 1261 1208 (⁸²).
1316 1158 1526 1199 Commune

125 1235 264 1264 nomen
289 1224 478 1272 omnium,
509 1236 611 1276 quae
636 1225 677 1264 in
703 1226 847 1265 scholis
874 1226 1081 1265 exercendi
1111 1226 1260 1276 ingenii
1283 1238 1405 1265 causa
1430 1238 1525 1279 pro-

125 1291 421 1339 nuntiabantur,
455 1292 615 1331 Graecis
646 1297 704 1332 est
731 1291 943 1344 μελετῶνε
974 1293 1140 1333 Romani
1170 1299 1259 1345 post
1285 1293 1525 1341 Ciceronem,

125 1358 234 1397 cuius
265 1363 394 1398 aetate
422 1359 463 1398 id
491 1359 724 1399 vocabulum
753 1361 940 1400 novitium
967 1360 1193 1408 videbatur,
1234 1361 1523 1398 declamationes

125 1423 256 1464 dicunt
293 1430 331 1463 et
362 1425 594 1464 declamandi
632 1432 749 1478 atque
780 1427 1045 1465 declamitamli
1082 1427 1213 1467 verbis
1249 1431 1408 1465 utuntur
1438 1423 1522 1477 (33).

124 1491 462 1531 Declamationum
491 1504 613 1543 genus
637 1494 945 1544 antiquissimum
975 1498 1012 1533 et
1043 1494 1105 1533 cui
1125 1494 1353 1534 Ciceronem
1375 1498 1524 1541 tantum

123 1559 308 1598 tribuisse
334 1558 482 1607 serunt,
514 1566 554 1598 ut
584 1561 699 1600 etiam
726 1566 815 1612 post
845 1573 1011 1600 summos
1041 1562 1210 1600 honores
1241 1564 1375 1611 gestos
1402 1560 1444 1598 in
1474 1570 1521 1599 eo

124 1637 211 1665 sese
234 1631 452 1673 exerceret,
478 1623 630 1674 θέσεις
653 1632 759 1675 sunt,
791 1633 1022 1678 argumenta
1045 1627 1272 1678 generalia,
1303 1637 1522 1666 communes

120 1692 220 1741 loci,
259 1704 308 1731 ex
338 1693 476 1744 quihus
517 1694 632 1733 etiam
661 1705 842 1733 verarum
879 1706 1086 1733 causarum
1124 1693 1346 1733 constitutio
1388 1697 1426 1732 et
1460 1693 1522 1731 iu-

122 1760 264 1799 dicium
293 1759 506 1811 repetenda
531 1765 638 1799 sunt:
668 1760 775 1800 velut
802 1773 892 1798 num
914 1764 1077 1810 sapienti
1099 1760 1361 1799 committenda
1383 1762 1433 1797 sit
1463 1772 1522 1797 res

121 1827 269 1877 publica
299 1826 364 1866 vel
389 1839 479 1864 vum
511 1830 608 1865 cives
635 1827 871 1866 indemnatos
895 1841 965 1877 pro
987 1829 1110 1866 salute
1134 1831 1190 1866 rei
1211 1827 1381 1878 publicae
1411 1827 1521 1864 liceat

121 1893 296 1932 occidere.
362 1891 510 1933 Theses
553 1894 826 1947 Peripatetici,
871 1895 906 1934 si
948 1907 1026 1935 non
1069 1895 1286 1945 invenisse,
1331 1898 1371 1933 at
1415 1897 1520 1933 certe

210 2036 271 2081 81)
298 2036 356 2071 De
374 2036 552 2071 Cicerone
566 2036 738 2082 magistro
758 2037 988 2082 eloquentiae
1007 2037 1120 2083 ipsius
1137 2036 1344 2072 testimonio
1363 2037 1414 2071 uti
1433 2036 1520 2071 licet

119 2105 154 2139 p.
176 2094 304 2129 Caelio
325 2095 357 2129 4.
391 2105 472 2139 epp.
498 2093 544 2127 ad
569 2093 716 2129 Divers.
735 2093 797 2129 IX.
818 2094 892 2137 18.,
919 2093 1014 2138 quod
1037 2094 1155 2128 lucem
1178 2094 1309 2138 accipit
1332 2105 1355 2127 a
1374 2093 1519 2127 Seneca

119 2150 295 2185 Controv.
318 2150 343 2185 I.
368 2161 533 2195 prooem.
561 2162 596 2194 p.
617 2150 662 2185 63
680 2150 764 2196 Bip.
810 2150 913 2187 Quos
934 2150 1107 2196 arandes
1117 2153 1399 2196 praetextatos
1418 2147 1518 2182 duos

118 2213 245 2248 vocat,
275 2206 412 2240 Hirtius
437 2208 469 2239 δι
492 2205 618 2239 Pansa
642 2211 725 2240 sunt
747 2206 911 2240 consules
939 2216 971 2241 a.
999 2205 1075 2240 711.
1126 2205 1232 2239 Adde
1255 2204 1519 2242 Quintilianum

119 2262 216 2297 VIII.
235 2262 277 2305 3,
295 2262 372 2303 54.;
398 2260 458 2295 ubi
480 2261 576 2306 quod
596 2266 870 2296 controversum
890 2266 943 2296 est
969 2266 1122 2307 propter
1138 2262 1351 2307 scripturam
1369 2260 1520 2295 Pansae

117 2330 270 2361 nomen,
286 2316 449 2352 firmatur
468 2318 551 2352 loco
571 2318 687 2352 altero
703 2317 781 2353 XII.
804 2318 856 2360 ll,
871 2317 903 2352 6.
923 2323 958 2352 et
976 2317 1155 2352 Suetonio
1175 2317 1221 2351 de
1239 2317 1323 2351 clar.
1342 2316 1449 2351 rhett.
1464 2318 1516 2351 l.':

118 2386 322 2421 quanquam
355 2372 518 2408 XVolfius
551 2374 623 2408 loci
658 2374 897 2411 Quintilianei
932 2374 1082 2408 alterius
1115 2374 1301 2408 immemor
1336 2373 1516 2407 Suetonio

116 2431 275 2466 Pansam
307 2436 472 2476 ereptum
501 2431 587 2466 ibat.
636 2429 729 2464 Eum
763 2431 930 2465 dilectum
962 2442 985 2465 a
1010 2431 1192 2466 Cicerone
1213 2430 1324 2465 fuisse
1356 2429 1515 2464 ostendit

114 2488 211 2523 liber
234 2489 288 2523 illi
313 2488 507 2532 inscriptus
534 2487 582 2522 de
610 2492 697 2522 arte
727 2499 750 2521 a
773 2487 897 2523 Nonio
928 2492 1226 2523 commemoratus
1256 2498 1291 2522 v.
1320 2485 1514 2526 inaudite,

114 2556 150 2590 p.
171 2544 226 2579 30.
245 2543 363 2589 Merc,
409 2543 470 2579 De
492 2544 633 2582 Planco
659 2545 807 2579 consule
831 2544 1091 2591 Hieronymum
1114 2545 1151 2580 in
1170 2544 1352 2580 Chronico
1378 2555 1413 2589 p.
1436 2541 1512 2575 185.

116 2606 154 2635 et
166 2600 260 2635 adde
274 2600 482 2636 Ruhnkenii
497 2607 671 2636 annotata
690 2602 736 2636 ad
751 2600 932 2636 Velleium
943 2600 988 2637 Π.
1003 2601 1057 2638 63.
1074 2613 1107 2648 p.
1121 2601 1199 2636 285.
1314 2600 1374 2644 82)
1399 2598 1515 2634 Plura

114 2668 150 2692 v.
176 2669 233 2702 ap.
262 2657 414 2692 Cresoll.
439 2657 566 2694 theatr.
591 2658 697 2693 Rhet.
721 2657 782 2692 IV.
802 2658 834 2693 6.
952 2658 1012 2703 83)
1041 2659 1186 2694 Seneca
1210 2664 1373 2694 controv.
1398 2654 1512 2701 praes.

114 2713 198 2749 libri
221 2713 247 2748 1.
274 2726 307 2760 p.
330 2714 388 2750 63.
406 2713 491 2761 Bip.
529 2714 601 2753 Cic.
627 2715 732 2751 Brut.
760 2715 823 2758 90,
850 2715 930 2753 310.

1175 2783 1232 2825 7*
