1835 3126
320 224 450 269 :330
490 221 1032 266 EXPLICATIONES.
1078 224 1536 269 lNTRODUCTlO.

318 346 454 375 mores
494 333 702 387 ingenium
745 335 948 376 sentiendi
988 337 1189 379 rationem
1220 338 1539 394 colloquentium
1570 339 1710 381 vivida

318 402 494 457 quadam
536 403 717 456 imagine
756 402 967 457 effingere.
1025 403 1114 447 Huc
1151 406 1262 448 refer
1296 407 1346 449 de
1376 406 1501 450 Bruto
1535 420 1710 450 causam

318 471 556 513 instituendi
588 471 746 527 dialogi
784 485 874 514 cum
913 480 1153 527 argumento
1186 476 1396 529 aptissime
1426 478 1709 526 coniunctam3

319 540 467 582 deinde
505 543 683 584 oratoris
724 548 763 584 et
804 541 991 584 historici
1034 542 1084 584 de
1123 555 1259 584 rerum
1291 542 1544 587 Graecarum
1576 547 1709 602 capite

318 611 496 667 quodam
536 611 728 654 festivam
758 611 1062 653 dissensionem
1090 613 1145 663 (0.
1176 611 1270 663 1]);
1310 618 1392 653 tum
1421 614 1548 656 Attici
1585 617 1711 657 inter-

317 680 566 737 pellationes
604 693 694 722 cum
725 680 901 735 quadam
931 679 1253 736 reprehensione
1285 682 1526 724 coniunctas
1557 684 1611 734 (c.
1642 684 1711 725 69.

320 750 386 793 77.
417 749 472 791 85
502 751 638 805 sqq),
677 762 783 805 quae
824 763 873 792 eo
912 750 1089 792 consilio
1131 751 1340 792 institutae
1380 758 1490 800 sunt,
1531 758 1571 793 ut
1606 764 1711 807 quae
1768 788 1775 795 .
1809 789 1812 805 ,

321 818 470 861 Cicero
510 831 646 861 rerum
674 818 952 861 Romanarum
992 820 1217 862 admirator
1249 819 1298 862 de
1332 819 1590 876 popularium
1621 820 1713 861 lau-

321 888 440 930 dibus
472 887 628 930 dixisse
659 890 868 932 videretur
898 889 1156 932 ambitiosius
1189 889 1240 932 ab
1273 889 1405 931 altera
1433 897 1548 946 parte
1573 903 1712 946 repre-

319 959 452 1001 hensa
491 959 667 1014 quodam
704 965 1022 1015 temperamento
1056 959 1397 1015 deprimerentur,
1437 966 1476 1000 et
1515 959 1712 1001 studiosis

321 1030 507 1086 quidem,
555 1028 628 1071 sed
670 1031 803 1071 minus
833 1030 975 1084 peritis
1015 1028 1256 1071 lectioribus
1292 1028 1459 1070 facilior
1489 1028 1543 1070 ad
1571 1041 1712 1070 verum

318 1099 606 1142 inveniendum
643 1099 713 1141 via
748 1097 982 1154 patefieret3
1022 1103 1230 1152 postremo
1266 1110 1317 1139 ne
1350 1097 1400 1138 de
1431 1099 1538 1140 vivis
1569 1105 1608 1140 et
1636 1111 1712 1154 po-

317 1168 496 1210 tentibus
523 1167 750 1222 captandae
775 1168 936 1220 gratiae
963 1179 1093 1208 causa
1117 1165 1330 1208 honestius
1362 1167 1572 1209 iudicasse
1596 1167 1712 1209 vide-

316 1244 447 1285 retur,
485 1236 622 1277 Attico
651 1235 818 1276 mandat
844 1236 1098 1290 provinciam
1131 1235 1180 1276 de
1214 1234 1399 1278 Caesare
1433 1236 1710 1286 existimandi,

318 1308 434 1348 cuius
468 1305 646 1346 decretis
687 1311 825 1345 tamen
856 1303 1096 1359 plenissime
1130 1306 1381 1345 assentiatur
1412 1305 1466 1355 (c.
1498 1305 1584 1356 72).
1643 1303 1709 1347 In-

317 1382 408 1417 sunt
449 1381 668 1430 praeterea
704 1373 990 1428 digressiones
1034 1372 1153 1414 utiles
1194 1379 1233 1414 et
1272 1372 1469 1415 festivae:
1512 1372 1621 1416 velut
1659 1374 1710 1416 de

316 1444 563 1486 urbanitatis
595 1456 698 1485 sono
729 1444 784 1495 (c.
818 1441 914 1495 46),
957 1441 1006 1483 de
1033 1441 1171 1498 populi
1203 1448 1242 1483 et
1271 1444 1492 1498 peritorum
1530 1444 1572 1484 in
1604 1443 1711 1485 iudi-

318 1514 462 1557 candis
489 1512 723 1556 oratoribus
748 1524 954 1554 consensu
982 1513 1034 1560 (c.
1059 1511 1286 1562 49—52),
1318 1512 1368 1553 de
1394 1512 1530 1555 Attico
1555 1526 1709 1566 genere

317 1584 482 1627 dicendi
520 1585 575 1636 (c.
605 1582 692 1635 82).
752 1579 939 1637 Denique
978 1580 1086 1622 liber
1123 1580 1258 1623 finitur
1297 1585 1417 1636 gravi
1456 1588 1494 1623 et
1534 1581 1711 1624 honesta

314 1655 577 1712 peroratione
622 1652 864 1694 eximiarum
900 1649 1016 1692 Bruti
1054 1649 1221 1692 laudum
1261 1650 1397 1706 plena.
1467 1649 1628 1706 Itaque,
1673 1652 1710 1692 si

318 1737 344 1766 a
369 1725 513 1780 paucis
542 1722 762 1765 verborum
791 1719 1077 1777 poliendorum
1109 1727 1148 1762 et
1179 1719 1553 1776 componendorum
1591 1719 1710 1761 labe-

317 1793 422 1834 culis
445 1792 707 1841 discesseris,
734 1790 812 1833 hoc
836 1803 990 1845 genere
1016 1789 1226 1832 scribendi
1250 1791 1318 1832 vix
1340 1789 1468 1833 ullum
1493 1787 1710 1841 Ciceronis

314 1861 463 1904 librum
495 1860 847 1903 admirabiliorem
875 1858 1029 1901 hahere
1058 1859 1256 1902 videmur.
