1835 3126
380 235 461 277 AD
495 234 610 276 (210.
642 234 910 278 BRUTUM
944 237 1062 280 GAP.
1094 239 1160 281 30.
1194 240 1260 281 31.
1404 241 1519 286 3⁷3

124 350 262 401 cipium
306 349 592 400 praecesserit,
645 361 721 389 non
768 351 958 390 sententia
1000 352 1120 392 verbo
1163 351 1270 392 finito
1317 353 1513 393 conclusa.

122 415 304 466 Apertius
343 416 417 455 hoc
449 416 590 457 Graeci
626 417 827 457 instituunt
866 417 997 457 addito
1037 411 1100 458 ὅν.
1157 419 1359 458 Sententia.
1394 420 1517 471 igitur

123 481 240 520 haec:
279 495 435 531 quorum
469 496 605 532 glenus,
646 487 818 534 quamvis
856 487 906 522 stt
941 491 1110 529 actatum,
1152 485 1250 522 exile
1278 492 1403 524 tamen
1437 500 1516 525 esse

119 550 204 585 scis.
265 548 425 588 Confert
452 549 574 589 Acad.
602 550 631 589 I.
662 551 705 598 l,
734 552 778 589 3:
812 553 888 587 ista
917 551 1062 600 quidem
1090 553 1167 588 iam
1199 551 1263 588 diu
1293 558 1514 601 eoespeclans

120 627 192 651 non
226 616 344 653 audeo
376 622 500 654 tamen
531 616 717 666 flagitare.
776 617 824 656 ΙΙ.
856 618 901 664 4,
931 618 1003 656 11;
1049 618 1157 655 homo
1186 623 1326 655 natura
1363 618 1512 656 lenissi-

118 693 202 717 mus
222 703 276 708 -——
296 684 526 721 stomachari
551 689 673 721 tomen
702 686 829 734 coepit.
877 682 937 723 Cf.
962 683 1164 723 Heindorf.
1193 684 1243 723 ad
1268 684 1363 724 Hor.
1386 684 1510 724 Serm.

117 747 165 785 ΙΙ.
194 749 239 795 6,
268 751 334 787 27.
379 750 507 788 Beier.
546 749 596 788 ad
626 749 705 790 Cic.
742 763 780 802 p.
812 750 944 790 Tullio
982 763 1020 802 p.
1051 752 1117 790 40.
1149 773 1203 777 —
1246 751 1305 790 De
1337 751 1514 791 exilitate

117 812 268 853 dicendi
292 815 515 855 Stoicorum
541 816 718 856 similiter
742 817 912 856 iudicant
936 816 1074 857 Cicero
1099 817 1147 856 de
1172 818 1238 858 Or.
1255 818 1322 858 ΠΙ.
1350 819 1420 867 18,
1442 819 1509 858 66.

117 878 164 919 de
187 880 272 920 Fin.
302 881 364 923 IV.
397 883 470 930 28,
503 884 591 931 78„
627 883 889 932 Quintilianus
920 884 971 922 X.
1007 886 1049 932 l,
1080 885 1148 923 84.

227 949 533 999 philosophorum
555 950 599 987 ‹le
620 964 660 987 sc
681 950 863 1000 ipsorum]
888 952 1055 999 ipsorum
1078 949 1277 1000 displicuit
1300 949 1508 988 Schuetzio

115 1013 162 1053 de
193 1015 335 1054 Stoicis
368 1016 464 1055 solis
495 1017 562 1066 agi
591 1016 761 1067 putanti,
794 1027 957 1066 quorum
986 1014 1172 1066 placitum
1203 1014 1341 1053 Cicero
1372 1019 1511 1065 tangat

115 1082 230 1120 etiam
260 1081 307 1121 de
332 1083 397 1121 Or.
423 1083 452 1121 I.
477 1082 552 1129 52,
577 1082 658 1121 225
675 1093 759 1132 sqq.
794 1093 834 1133 p.
856 1081 1026 1120 Murena
1050 1082 1104 1120 29
1121 1092 1205 1134 sqq.
1236 1079 1380 1120 Parati.
1397 1081 1443 1122 V.
1469 1082 1509 1119 3.

112 1148 232 1188 Recte
261 1148 441 1199 exposuit
456 1146 686 1198 Bernhardy
715 1147 971 1200 philosophos
1001 1147 1078 1186 iam
1109 1159 1133 1186 a
1156 1147 1350 1200 principio
1375 1159 1508 1187 omnes

112 1213 160 1253 de
189 1226 231 1253 se
262 1215 430 1253 sensisse
460 1213 788 1265 magnificentius,
819 1214 974 1254 Stoicos
1006 1218 1132 1252 autem
1163 1225 1248 1252 eam
1278 1215 1506 1254 sententiam

112 1280 243 1321 dedita
273 1293 395 1333 opera
424 1281 593 1320 auxisse.
652 1284 826 1330 Ipsorum
849 1280 1155 1330 philosophorum
1184 1279 1306 1331 igitur
1334 1286 1393 1321 est
1419 1280 1506 1321 τῶν

111 1343 373 1402 φιλοσόφων
399 1341 542 1387 αὐτῶν
572 1341 672 1387 καθ’
709 1341 908 1394 ἑαυτούς,
939 1358 970 1385 s.
1002 1339 1211 1401 ἆρχῇθεν.

225 1416 316 1453 116.
374 1414 571 1462 statarios]
603 1425 638 1453 c.
661 1415 734 1460 68,
760 1415 862 1453 239:
890 1414 929 1450 0.
946 1416 1036 1451 Piso
1058 1416 1242 1450 statarius
1265 1420 1299 1451 et
1323 1415 1506 1452 sermonis

109 1481 240 1531 plenus
270 1486 412 1518 orator.
462 1480 663 1532 Sumptum
692 1481 766 1519 hoc
797 1481 846 1518 ab
869 1480 1021 1519 actione
1046 1479 1307 1528 scenicorum,
1339 1491 1505 1532 quorum

110 1548 181 1586 alii
208 1547 319 1588 vultu
347 1558 444 1586 voce
473 1551 579 1586 motu
608 1547 716 1586 lenes
747 1552 784 1586 et
814 1548 928 1599 quasi
957 1547 1182 1600 temperati,
1214 1547 1284 1586 alii
1307 1546 1434 1598 agiles
1466 1551 1504 1586 et

110 1615 241 1666 arguti
270 1619 377 1662 sunt3
411 1619 536 1653 motus
568 1615 667 1653 enim
697 1614 766 1654 ille
797 1614 965 1662 difficilis
995 1619 1052 1654 est
1082 1626 1194 1666 quem
1226 1614 1365 1654 Graeci
1400 1627 1504 1654 ποι-

111 1677 230 1722 κίλον
273 1686 434 1729 vocant,
479 1692 550 1720 nos
595 1682 790 1719 kitnstlich.
820 1729 830 1735 -
855 1681 939 1721 Hoc
981 1682 1021 1720 in
1061 1681 1306 1734 pantomimis
1351 1680 1502 1720 duobus

107 1749 305 1788 Demetrio
346 1753 382 1787 et
413 1748 609 1787 Stratocle
649 1748 846 1800 copiosius
887 1748 1112 1800 exsequitur
1143 1747 1404 1796 Quintilianus
1434 1746 1503 1786 ΧΙ.

108 1817 154 1865 3,
189 1817 280 1856 178.
349 1814 447 1854 Nam
478 1821 622 1852 actores
666 1815 960 1860 comoediarum,
1008 1825 1104 1865 quos
1146 1814 1216 1852 ille
1257 1813 1369 1860 dicit,
1415 1817 1504 1851 sunt

107 1883 428 1935 pantomimorum
458 1882 704 1921 comicorum.
767 1883 915 1918 Veritas
948 1879 1128 1919 Ciceroni
1167 1884 1225 1918 est
1257 1881 1500 1924 Naturtreuc,

106 1951 282 1988 molestus
311 1953 484 1988 nostrum
516 1948 717 1996 dnystlich,
751 1947 922 1996 peinlich.

217 2015 364 2055 XXXI.
424 2016 517 2054 117.
580 2015 622 2059 Q.
660 2014 792 2050 Aelius
836 2013 994 2061 Tubero]
1042 2012 1178 2051 consul
1221 2010 1402 2050 suffectus
1439 2011 1497 2050 M.

104 2083 246 2123 Porcio
278 2081 417 2122 Catoni
446 2082 504 2121 M.
531 2080 576 2120 F.
599 2080 657 2119 M.
682 2079 728 2119 N.
760 2092 795 2117 a.
815 2079 916 2125 635,
948 2079 1128 2118 Panaetii
1157 2077 1313 2116 auditor
1341 2082 1377 2116 et
1408 2077 1499 2116 sim-

103 2150 278 2203 plicitate
305 2150 429 2190 victus
460 2148 706 2198 antiquorum
736 2151 950 2197 temporum
982 2144 1218 2183 aemulator:
1258 2157 1294 2184 v.
1324 2143 1500 2195 Lyndeni

104 2217 332 2256 Panaetium
356 2228 393 2267 p.
414 2215 505 2253 116.
545 2214 625 2253 Cic.
652 2225 690 2264 p.
714 2212 885 2251 Murena
908 2213 973 2251 36.
1017 2211 1145 2250 Etiam
1169 2211 1316 2250 Hecato
1340 2212 1498 2251 Stoicus

105 2283 229 2322 libros
258 2294 348 2321 suos
376 2281 423 2320 de
453 2280 592 2320 officiis
623 2279 712 2318 huic
739 2279 957 2331 inscripsit:
993 2277 1075 2318 Cic.
1098 2277 1183 2317 Fin.
1205 2278 1271 2318 IV.
1303 2279 1347 2326 9,
1373 2280 1439 2317 23.

218 2352 453 2388 υαοαίὶοηεηι
482 2360 642 2396 auyures
673 2370 722 2374 ——
752 2358 828 2384 non
856 2345 1003 2394 habere]
1036 2356 1108 2384 nec
1139 2345 1340 2386 Ciceronis
1369 2350 1498 2385 aetate

106 2417 222 2457 aliter
253 2420 350 2454 erat.
407 2415 627 2456 Verebatur
656 2413 756 2452 enim
785 2423 913 2463 augur
945 2412 1082 2452 Cicero
1115 2412 1165 2451 ad
1193 2412 1361 2452 Atticum
1397 2412 1496 2452 scri-

106 2485 201 2524 bens
231 2483 318 2523 XII.
353 2483 416 2522 18.
448 2493 495 2520 ne
526 2492 612 2520 sors
642 2480 689 2519 de
720 2492 788 2519 suo
819 2478 993 2518 iudicatu
1023 2478 1264 2525 educeretur.

220 2549 403 2598 Graccho]
431 2552 567 2587 contra
587 2547 712 2588 Orelli
735 2547 774 2586 in
794 2546 1041 2587 Onomastico
1066 2546 1293 2586 sententiam
1308 2545 1495 2596 Meyerus

107 2617 237 2657 docuit
266 2616 309 2656 C.
332 2616 547 2656 Gracchum
570 2614 803 2665 significari,
834 2625 918 2653 cum
943 2613 1094 2653 dicatur
1120 2613 1183 2652 hic
1207 2613 1356 2664 absque
1377 2622 1495 2664 prae-

107 2685 281 2732 nomine3
311 2683 475 2722 maxime
505 2682 598 2734 quia
627 2680 671 2722 G.
700 2681 865 2722 Gracchi
893 2680 932 2719 in
957 2680 1203 2720 Tuberonem
1233 2679 1360 2718 oratio
1389 2689 1493 2719 com-

107 2756 341 2791 memoratur
371 2749 472 2804 apud
503 2748 745 2790 Priscianum
775 2752 800 2787 t.
827 2747 856 2787 1.
887 2759 925 2800 p.
955 2747 1046 2787 108.
1080 2746 1139 2786 ed.
1164 2745 1298 2786 Krehl.
