1835 3126
272 160 402 205 232
792 155 1140 200 CICERONIS

277 265 539 311 oratoribus?
598 265 706 316 Quid
744 279 913 317 censes,
953 269 1143 322 inquam,
1182 267 1264 310 nisi
1300 267 1409 309 idem
1445 267 1554 323 quod
1591 279 1660 308 ur-

275 345 422 394 banis,
464 349 630 399 praeter
671 356 817 394 unum,
862 343 969 398 quod
1015 358 1098 386 non
1141 352 1204 387 est
1248 359 1386 388 eorum
1429 345 1660 386 urbanitate

274 421 454 478 quadam
485 422 605 477 quasi
635 420 824 463 colorata
854 422 1018 463 oratio?
1077 421 1171 463 171.
1202 420 1252 463 Et
1274 421 1443 473 Brutus,
1475 422 1552 473 Qui
1586 429 1659 467 est,

275 500 424 555 inquit,
464 502 541 541 iste
578 499 744 541 tandem
782 498 1027 540 urbanitatis
1062 498 1204 541 colori
1261 497 1436 549 Nescio,
1475 502 1661 556 inquam·⁷

276 584 432 620 tantum
462 591 556 619 esse
588 577 792 632 quendam
822 577 924 618 scio.
978 576 1019 617 id
1051 583 1112 626 tu,
1142 575 1287 627 Brute,
1318 578 1400 617 iam
1431 578 1662 632 intelleges,

278 668 370 697 cum
407 656 451 697 in
481 654 662 697 Galliam
691 656 870 698 veneris.
931 655 1076 696 audies
1114 661 1157 696 tu
1190 654 1352 709 quidem
1383 655 1505 695 etiam
1535 655 1664 697 verba

279 717 484 789 quaedam
520 747 604 776 non
640 735 737 775 trita
771 732 946 783 Romae,
987 733 1062 775 sed
1098 732 1203 774 haec
1243 732 1390 773 mutari
1428 731 1665 787 dediscique

276 818 471 868 possunt3
502 811 605 854 illud
630 819 692 854 est
717 813 870 862 maius,
901 811 1009 867 quod
1038 812 1081 853 in
1111 810 1281 854 vocibus
1310 816 1541 852 nostrorum
1573 823 1668 852 ora-

277 895 409 931 torum
439 891 605 932 retinnit
637 890 829 945 quiddam
869 897 907 932 et
938 895 1110 932 resonat
1139 888 1352 930 urbanius.
1410 901 1487 930 nec
1516 887 1594 931 hoc
1625 889 1668 930 in

280 967 515 1009 oratoribus
545 968 666 1010 modo
694 974 884 1023 apparet,
917 967 991 1009 sed
1020 969 1143 1009 etiam
1172 969 1214 1008 in
1239 966 1401 1008 ceteris.
1449 966 1543 1009 172.
1575 965 1666 1021 Ego

279 1047 447 1088 memini
486 1044 537 1086 T.
577 1045 754 1088 Tincam
791 1045 1074 1087 Placentinum
1113 1044 1319 1086 hominem
1360 1044 1668 1085 facetissumum

282 1135 374 1165 cum
412 1122 610 1164 familiari
644 1130 785 1165 nostro
819 1122 868 1172 Q.
901 1122 1056 1164 Granio
1092 1135 1297 1178 praecone
1328 1122 1546 1163 dicacitate
1579 1135 1670 1164 cer-

280 1206 384 1243 tare.
442 1198 558 1249 Eon’‚
595 1201 725 1254 iuquit
752 1198 923 1248 Brutus,
963 1199 1012 1240 de
1046 1212 1124 1253 quo
1155 1199 1282 1240 multa
1311 1198 1526 1241 Lucilius2
1584 1199 1667 1242 Isto

282 1278 396 1333 ipso:
425 1277 498 1320 sed
525 1276 701 1320 Tincam
727 1290 809 1319 non
832 1278 964 1318 minus
990 1276 1118 1317 multa
1142 1275 1315 1317 ridicule
1341 1276 1542 1318 dicentem
1565 1276 1670 1319 Gra-

283 1356 377 1397 nius
409 1354 609 1396 obruebat
648 1356 792 1396 nescio
821 1368 900 1410 quo
942 1367 1091 1410 sapore
1123 1353 1368 1404 vernaculo3
1405 1361 1447 1395 ut
1478 1368 1555 1409 ego
1587 1356 1671 1396 iam

282 1445 368 1475 non
398 1435 523 1474 mirer
548 1432 650 1474 illud
675 1431 963 1488 Theophrasto
993 1432 1220 1482 accidisse,
1250 1432 1357 1487 quod
1383 1432 1549 1483 dicitur,
1582 1447 1671 1475 cum

283 1518 596 1567 percontaretur
633 1524 683 1552 ex
714 1510 881 1553 anicula
910 1511 1087 1567 quadam
1118 1510 1257 1565 quanti
1290 1509 1446 1565 aliquid
1475 1512 1673 1555 venderet

286 1595 326 1631 et
361 1589 646 1645 respondisset
687 1588 762 1631 illa
795 1596 915 1645 atque
949 1589 1201 1638 addidisset,
1244 1589 1426 1641 Hospes,
1464 1603 1550 1630 ηοη
1577 1598 1673 1642 pote

285 1669 485 1714 minori&
529 1667 676 1709 tulisse
722 1680 814 1710 eum
854 1667 1027 1710 moleste
1072 1680 1116 1709 se
1159 1680 1243 1709 non
1282 1665 1462 1720 effugere
1499 1666 1673 1722 hospitis

286 1745 488 1800 speciem,
528 1759 650 1800 quom
678 1752 855 1787 aetatem
883 1751 1027 1800 ageret
1054 1744 1229 1787 Athenis
1261 1751 1502 1800 optumeque
1530 1745 1675 1801 loque-

371 1865 431 1893 171.
466 1866 606 1902 retinnit]
627 1867 739 1893 recinit.

372 1911 429 1937 172.
462 1912 710 1946 percontaretur]
731 1914 983 1945 percunctaretur.

382 2000 457 2035 171.
506 2002 581 2034 iste
595 2000 768 2044 candem]
791 2002 862 2035 inv.
880 2000 946 2034 Gu.
967 2002 993 2035 Ι.
1029 2002 1157 2044 inquit
1178 2004 1260 2033 ante
1274 1998 1516 2035 urbanitatis
1534 2003 1678 2046 pontan-

287 2058 323 2091 in
348 2056 541 2101 Lg.20.—
574 2056 788 2101 inlelleqcs]
815 2056 866 2090 sic
890 2055 1002 2100 Lg.8.
1018 2056 1073 2089 51.
1099 2054 1234 2089 Ott.—-
1264 2058 1440 2099 retinnit]
1465 2058 1509 2090 ad
1529 2058 1678 2092 Schnei-

288 2113 366 2147 deri
397 2112 490 2145 hanc
515 2113 757 2146 coniecturam
788 2123 859 2145 non
893 2111 947 2146 ed.
976 2122 1028 2156 pr.
1055 2111 1170 2145 solum
1198 2117 1233 2144 ct
1257 2110 1322 2156 Lg.
1343 2112 1374 2145 8.
1396 2111 1450 2145 20.
1471 2112 1525 2146 39.
1544 2114 1598 2147 58.
1620 2115 1674 2150 70.

288 2168 357 2202 Gu.
382 2170 410 2202 l.
444 2167 536 2202 Ven.
562 2169 591 2203 l.
628 2167 711 2203 vat.
737 2169 889 2210 ducunt,
924 2169 958 2201 in
986 2167 1112 2212 quibus
1141 2173 1195 2201 est
1217 2170 1401 2207 retinuit,
1426 2168 1491 2202 sed
1516 2173 1679 2205 retinnit

289 2226 403 2270 ipsum
431 2226 538 2270 plene
569 2226 738 2270 scriptum
771 2229 886 2257 exstat
918 2226 951 2256 in
981 2223 1047 2269 Lg.
1074 2224 1128 2258 35.
1155 2223 1208 2257 53.
1235 2224 1289 2258 68.
1337 2226 1503 2259 recinuit
1533 2225 1624 2260 Ven.
1646 2227 1679 2262 2.

288 2284 430 2315 recinit
456 2282 537 2316 Ald.
563 2280 650 2315 Ern.
677 2278 789 2315 Orell.
835 2280 1014 2313 Retinnz‘t
1039 2285 1091 2313 est
1116 2284 1295 2320 resonat,
1331 2281 1375 2314 de
1400 2292 1491 2315 sono
1519 2283 1616 2326 quasi
1643 2284 1679 2318 in

289 2338 433 2370 auribus
467 2337 683 2372 audientium
709 2336 892 2370 residente
923 2341 958 2369 et
986 2337 1086 2380 quasi
1110 2336 1353 2381 redintegrato
1380 2337 1521 2371 (lictum.
1571 2339 1681 2375 Quod

290 2393 387 2438 apud
401 2394 613 2428 Ciceronem
634 2404 705 2427 non
727 2392 857 2437 legitur
878 2398 1089 2436 praeterea,
1111 2404 1219 2426 causa
1240 2403 1309 2425 non
1331 2398 1384 2426 est
1404 2405 1466 2426 cur
1480 2394 1681 2430 abiiciatnr.

385 2448 460 2483 172.
515 2448 692 2493 Tincam]
731 2448 893 2482 Tincam
925 2447 982 2481 hic
1009 2453 1044 2482 et
1068 2460 1151 2482 mox
1178 2448 1234 2482 ed.
1260 2460 1312 2493 pr.
1348 2448 1414 2493 Lg.
1440 2449 1495 2484 20.
1521 2450 1575 2485 35.
1603 2451 1679 2492 56.;

290 2504 357 2540 sed
392 2504 458 2539 Gn.
485 2506 514 2540 l.
551 2506 667 2539 altero
701 2506 783 2539 loco
815 2504 987 2540 Tincam.
1008 2524 1051 2529 —-
1088 2504 1288 2548 Lucilius]
1322 2503 1513 2540 Lucillius
1541 2507 1596 2541 ed.
1624 2518 1678 2551 pr.

291 2560 418 2595 Lamb.
437 2580 482 2585 ——
503 2562 819 2607 percontaretur]
838 2561 888 2595 sic
905 2560 997 2595 libri.
1033 2560 1159 2595 Lamb.
1180 2560 1268 2595 Ern.
1284 2566 1620 2607 percunctaretur.
1635 2582 1680 2586 —

292 2627 408 2662 quom
431 2619 617 2662 aetatem]
645 2619 696 2652 sic
720 2629 787 2662 pro
814 2629 901 2652 cum
918 2622 993 2651 aet.
1020 2616 1084 2662 Lg.
1102 2616 1134 2651 8.
1154 2617 1208 2650 35.
1226 2617 1280 2651 51.
1296 2617 1351 2651 58.
1370 2618 1423 2653 68.
1445 2618 1499 2652 70.
1538 2619 1678 2652 Eodem

291 2678 431 2722 spectat
457 2671 581 2712 ottob.
607 2675 784 2722 scriptura
809 2673 1016 2722 quomodo.
1034 2693 1080 2700 -
1105 2674 1355 2720 optumeque]
1380 2675 1432 2709 sic
1455 2674 1521 2720 Lg.
1541 2674 1595 2710 35.
1622 2674 1677 2708 51.
