1835 3126
263 157 386 242 198
788 193 1137 238 CICERONIS

266 312 304 347 ct
334 304 468 346 studio
497 308 536 345 et
564 302 707 345 habuit
738 305 938 359 quasdam
970 307 1093 347 etiam
1123 305 1372 348 domesticas
1397 304 1653 362 disciplinas.

268 395 364 423 nam
401 388 440 422 et
470 394 559 422 cum
592 395 747 424 summo
779 381 853 423 illo
886 388 1048 424 oratore
1081 381 1173 424 Ser.
1207 383 1362 434 Galba,
1400 385 1516 425 cuius
1548 382 1654 425 Gaio

266 459 350 501 filio
389 458 516 500 filiam
556 473 673 501 suam
716 459 1016 509 collocaverat,
1059 459 1255 502 affinitate
1294 474 1387 503 sese
1417 462 1655 504 devinxerat

267 544 325 586 et,
358 550 447 578 cum
478 544 590 579 essct
619 537 662 579 P.
695 537 809 579 Muci
839 536 946 578 filius
972 537 1219 592 fratremque
1248 536 1420 580 haberet
1448 538 1492 579 P.
1525 538 1657 581 Scae-

266 614 426 664 volam,
474 616 583 657 domi
632 617 695 657 ius
741 615 862 658 civile
909 621 1173 669 cognoverat.
1238 613 1283 655 In
1324 628 1372 656 eo
1416 615 1656 657 industriam

269 699 430 734 constat
474 707 674 735 summam
714 694 844 735 fuisse
890 706 1201 748 maxumamque
1242 693 1440 746 gratiam,
1485 705 1575 734 cum
1619 700 1659 735 et

268 771 554 814 consuleretur
586 772 813 828 plurumum
853 778 891 813 et
929 772 1095 813 diceret.
1161 770 1228 812 99.
1266 768 1419 812 Horum
1456 770 1660 812 aetatibus

270 849 451 891 adiuncti
496 850 574 892 duo
616 849 659 891 C.
698 849 845 892 Fannii
892 848 935 890 C.
976 856 1014 891 et
1050 848 1109 890 M.
1145 848 1218 890 filii
1262 848 1443 890 suerunt:
1489 862 1658 904 quorum

272 926 350 968 Gai
382 927 508 978 lilius,
542 930 608 983 qui
642 928 787 970 consul
819 942 908 970 cum
940 926 1120 970 Domitio
1153 927 1246 976 fuit,
1277 939 1400 967 unam
1431 929 1660 968 orationem

271 1005 320 1046 de
368 1008 495 1048 sociis
540 1013 577 1048 et
623 1008 786 1048 nomine
832 1005 982 1047 Latino
1033 1012 1176 1047 contra
1223 1004 1454 1047 Gracchum
1497 1004 1663 1060 reliquit

269 1096 372 1124 sane
418 1090 457 1125 et
491 1084 641 1125 bonam
680 1092 719 1126 et
754 1084 948 1126 nobilem.
1018 1082 1122 1149 Tum
1162 1083 1340 1139 Atticus:
1388 1081 1497 1134 Quid
1532 1086 1660 1137 ergo?

269 1167 384 1201 estne
431 1162 512 1202 ista
549 1160 705 1203 Fanni?
750 1175 845 1202 nam
883 1163 1004 1203 varia
1044 1145 1182 1216 opinio
1219 1163 1357 1216 pueris
1395 1160 1516 1202 nobis
1559 1168 1660 1203 erat.

271 1238 358 1279 Alii
398 1252 423 1280 a
463 1237 508 1279 C.
540 1238 685 1281 Persio
722 1239 887 1281 literato
933 1238 1097 1280 homine
1131 1239 1322 1293 scriptam
1354 1251 1448 1279 esse
1481 1238 1661 1289 aiebant,

268 1316 361 1366 illo,
407 1330 525 1372 quem
570 1318 776 1372 significat
818 1317 941 1360 valde
988 1317 1149 1359 doctum
1194 1329 1289 1358 osse
1334 1314 1541 1358 Lucilius:
1589 1316 1662 1358 alii

270 1393 417 1436 multos
448 1395 602 1436 nobilis
638 1397 746 1450 quod
778 1398 950 1451 quisque
982 1396 1182 1451 potuisset
1213 1395 1255 1435 in
1286 1394 1401 1435 illam
1432 1395 1660 1437 orationem

270 1472 510 1514 contulisse.
571 1473 665 1515 100.
698 1472 802 1514 Tum
829 1487 928 1528 ego,
959 1473 1111 1515 Audivi
1137 1472 1324 1527 equidem
1351 1473 1452 1521 ista,
1483 1473 1663 1527 inquam,

270 1550 319 1591 de
345 1551 571 1592 maioribus
602 1558 717 1599 natu,
750 1552 824 1593 sed
848 1565 1054 1607 nunquam
1085 1565 1173 1593 sum
1206 1550 1425 1600 adductus,
1454 1556 1496 1592 ut
1518 1550 1663 1592 crede-

270 1642 376 1677 rem;
423 1643 595 1685 eamque
641 1631 918 1686 suspicionem
965 1637 1129 1686 propter
1172 1629 1279 1671 hanc
1326 1641 1496 1671 causam
1538 1629 1662 1672 credo

363 1762 418 1787 10⁰.
455 1770 520 1788 cum
540 1763 689 1797 Fannius]
711 1772 775 1789 cum
797 1766 825 1789 ct
845 1764 980 1789 fannius.

270 1871 335 1918 Lg.
351 1872 383 1906 8.
397 1873 452 1908 51.
474 1874 565 1909 Ven.
586 1872 660 1908 Ort.
683 1875 749 1909 (iu.
768 1875 852 1908 l.›-·-
871 1879 907 1908 εἰ
924 1885 1009 1909 cum
1026 1874 1141 1917 esset]
1158 1885 1244 1908 cnm
1258 1885 1326 1909 om.
1343 1874 1408 1909 Gu.
1426 1874 1453 1909 l.
1471 1894 1511 1899 —
1536 1873 1663 1918 Muci]

272 1928 336 1974 Lg.
352 1930 382 1963 8.
404 1930 458 1965 39.
480 1930 533 1964 51.
548 1930 602 1964 53.
617 1930 671 1964 58.
692 1930 745 1965 68.
761 1930 815 1964 70.
830 1950 875 1955 —
901 1935 1055 1965 constat
1081 1942 1276 1964 summam
1290 1930 1431 1974 fuisse]
1457 1942 1525 1965 oni.
1545 1930 1612 1965 Gu.
1634 1931 1663 1966 l.

365 2009 420 2043 99.
470 2008 547 2043 dno
577 2008 615 2044 0.
644 2008 792 2043 Fannii
816 2028 860 2033 —
883 2008 1005 2053 silius]
1045 2008 1119 2041 (Ino
1161 2007 1199 2041 C.
1227 2007 1404 2042 Fannius
1437 2013 1474 2043 ec
1500 2007 1666 2043 Marcus

270 2065 378 2110 fih'us
402 2065 586 2109 ficerunt,
611 2076 775 2109 quorum
795 2064 911 2098 Caius
933 2064 1039 2108 filius
1064 2065 1119 2097 ed.
1138 2076 1190 2108 pr.
1235 2064 1309 2098 Sed
1329 2064 1457 2100 Fanni
1474 2065 1566 2100 Ven.
1589 2066 1615 2099 l.
1635 2065 1665 2099 2.

274 2121 357 2156 Vat.
393 2120 518 2156 ottob.
554 2121 617 2166 Lg.
645 2126 790 2165 praeter
817 2120 895 2162 20„
929 2120 988 2163 qui
1013 2119 1182 2160 Fannii5
1214 2119 1345 2154 Fctum·
1372 2121 1438 2156 Gn.
1462 2122 1508 2162 l.;
1534 2122 1666 2155 deinde

278 2176 367 2212 Caii
402 2181 434 2211 ὃν.
469 2177 607 2212 Marci
644 2178 768 2222 plures
803 2176 1022 2221 exscriptum
1056 2175 1210 2217 habent,
1248 2176 1364 2210 nullus
1404 2176 1489 2211 Gai.
1544 2177 1581 2212 G.
1607 2177 1664 2212 M.

276 2234 407 2268 omisso
435 2239 471 2268 et
488 2234 581 2268 Ven.
602 2234 689 2268 1.-κ
716 2233 857 2267 bonam
881 2233 932 2275 et]
959 2244 1028 2266 oni.
1055 2236 1092 2265 et
1112 2231 1179 2266 Gn.
1203 2232 1289 2265 1.-
1318 2234 1437 2278 erqo?
1461 2234 1582 2277 estne]
1608 2239 1667 2269 est

276 2302 367 2335 erqo
384 2302 430 2323 m>
446 2290 511 2336 Lg.
531 2291 586 2325 39.
625 2295 682 2324 est
702 2302 793 2335 erqo
813 2292 835 2324 i.
857 2289 898 2323 F.
918 2289 972 2323 51.
1010 2288 1142 2323 Fanni
1157 2288 1222 2334 Lg.
1241 2288 1272 2323 8.
1294 2289 1348 2323 35.
1368 2290 1421 2323 51.
1438 2289 1492 2323 08.
1520 2289 1612 2324 Ven.
1632 2290 1666 2326 2.

276 2344 350 2381 Ott.
390 2345 496 2381 Fani
514 2347 582 2382 Gn.
600 2347 628 2382 l.
672 2346 820 2381 Fannii
839 2346 896 2379 hic
916 2345 1008 2379 ven.
1026 2345 1054 2380 l.
1069 2363 1115 2372 ›——
1144 2344 1301 2389 nobilis]
1329 2346 1379 2379 sic
1398 2345 1464 2391 Lg.
1486 2346 1518 2380 8.
1539 2347 1592 2380 51.
1613 2347 1666 2382 56.

370 2436 441 2470 100.
491 2438 667 2483 optuma]
695 2436 758 2482 Lg.
785 2435 839 2471 39.
869 2434 922 2468 53.
950 2434 1004 2468 58.
1031 2434 1086 2468 68.
1115 2435 1167 2469 70.
1202 2434 1294 2468 Vcn.
1322 2435 1348 2469 l.
1375 2437 1420 2478 (is
1446 2421 1603 2481 optuma).
1621 2458 1663 2461 —

278 2494 393 2537 esset]
429 2498 486 2526 est
518 2495 572 2528 ecl.
604 2506 658 2538 pr,
683 2514 728 2520 ——
763 2492 890 2535 stilus]
925 2491 1027 2525 codd.
1055 2503 1199 2532 omues3
1232 2491 1317 2526 Ern.
1342 2492 1451 2536 filum
1476 2495 1596 2528 suasit.
1622 2514 1666 2518 —

277 2562 365 2584 cum
384 2549 575 2594 Fannius]
596 2562 683 2584 cum
703 2555 739 2583 ec
759 2549 802 2584 F.
822 2548 924 2582 codd.
959 2559 1045 2582 (tum
1066 2551 1103 2581 ei
1119 2547 1163 2581 F.
1183 2547 1357 2582 Ernestus
1372 2549 1498 2584 voluit.
1534 2549 1586 2585 Ei
1605 2561 1668 2584 cur

279 2607 418 2641 tenuius
445 2607 612 2642 videatur
635 2606 896 2651 Bernhardyo,
926 2616 1030 2649 quain
1059 2605 1153 2649 quod
1177 2604 1315 2639 Fannio
1342 2611 1567 2650 opponatur,
1593 2617 1664 2641 non

276 2675 363 2697 sane
381 2663 553 2709 intelligo.
586 2663 666 2699 Nec
685 2663 731 2697 ad
747 2662 974 2708 hyperbaton
991 2660 1184 2705 confugere
1199 2661 1283 2694 licet
1304 2673 1382 2695 cum
1399 2663 1534 2708 Wopk.
1548 2662 1665 2696 Lectt.

278 2719 370 2754 Tull.
397 2719 419 2754 l.
443 2720 492 2763 7.,
518 2727 556 2755 nt
581 2721 710 2755 dictum
735 2721 781 2754 sit
805 2730 871 2764 pro
898 2729 984 2753 cum
1011 2717 1183 2753 Fannius
1210 2722 1246 2751 e!
1273 2718 1320 2752 (le
1341 2718 1523 2754 Menelao
1548 2723 1583 2752 et
1602 2721 1665 2752 ἃς.
