1835 3126
296 218 425 263 '336
728 209 1256 254 EXPLICATIONES

301 330 398 369 Hinc
432 336 588 365 causam
619 323 723 376 apud
756 324 964 364 Caesarem
994 324 1123 364 dicere
1160 326 1285 365 iussus
1314 323 1484 371 Nicaeae
1515 334 1538 360 a
1567 320 1687 361 Bruto

301 395 500 434 defensus·
519 396 577 430 est
607 403 641 430 a.
673 392 766 430 707.
825 391 870 432 V.
904 391 983 430 Cic.
1013 392 1089 430 Att.
1121 391 1223 433 XIV.
1260 395 1295 431 1.
1356 392 1422 432 Sic
1449 390 1533 431 veri
1565 387 1690 428 simile

300 467 360 501 est
387 462 549 501 Brutum
581 469 629 497 ex
655 458 709 497 eis
740 457 957 510 hospitibus
989 462 1025 496 et
1055 457 1187 495 amicis
1215 457 1394 497 Deiotari
1421 458 1561 505 fuisse,
1594 467 1691 508 quo-

300 541 384 569 rum
413 527 593 581 precibus
624 530 748 564 motus
768 524 932 565 Caesar
960 524 1048 574 regi
1077 524 1275 574 ignovisse
1303 530 1485 564 narratur
1507 525 1553 564 B.
1579 523 1690 564 Alex.

300 598 378 646 68,
409 597 471 642 3.;
504 593 573 633 sed
603 598 730 632 tamen
758 597 872 645 parte
901 591 1136 630 tetrarchiae
1166 590 1347 629 multatus
1379 595 1448 629 est.

414 674 478 716 VI.
536 671 758 710 iudiciorum
787 670 1013 719 vastitatem]
1056 669 1208 709 Caesar
1246 670 1344 709 enim
1379 674 1415 708 et
1452 667 1598 707 iudicia
1628 672 1694 706 aut

301 743 385 795 ipse
431 745 497 779 aut
537 751 609 791 per
653 738 797 778 amicos
844 737 1052 777 exercebat
1089 742 1125 776 et
1162 742 1343 776 accurate
1380 733 1693 775 administrandis

302 808 514 862 provinciis
537 805 699 846 cavebat
723 805 771 843 ab
798 805 1065 844 exactionibus
1088 803 1333 856 praesidum3
1365 803 1529 843 ambitus
1555 806 1693 850 autem,

303 889 403 930 quae
441 875 568 915 altera
605 878 690 912 erat
725 884 850 924 eaque
888 872 1085 911 uberrima
1115 872 1404 911 accusationum
1435 881 1573 917 causa,
1611 880 1696 908 cum

303 944 496 984 dictatura
523 946 712 994 perpetua
742 940 917 979 sublatus
949 945 1045 979 erat.
1106 939 1284 980 Silebant
1312 939 1433 990 igitur
1463 942 1657 977 oratores.

415 1023 480 1060 22.
540 1022 578 1056 in
616 1021 797 1056 nummis
828 1018 964 1068 causis]
1003 1022 1161 1069 praeter
1189 1017 1371 1057 Deiotari
1407 1028 1564 1056 causam
1601 1019 1695 1055 nota

303 1094 361 1129 est
388 1089 461 1140 Ap.
489 1085 645 1127 Claudii
675 1085 801 1125 soceri
832 1085 1024 1124 defensio:
1056 1085 1238 1137 prolegg.
1273 1086 1308 1140 ς.
1340 1085 1407 1124 52.

417 1167 484 1203 23.
542 1163 649 1211 istuc]
682 1175 782 1210 rem,
813 1175 927 1214 quam
951 1162 1060 1202 dicis.
1102 1163 1225 1202 Huius
1248 1162 1486 1215 pronominis
1511 1163 1550 1201 in
1574 1163 1695 1203 Bruto

302 1230 588 1286 perfrequentis
635 1228 814 1280 exempla
853 1230 1038 1279 Meyerus
1078 1229 1239 1278 collegit
1276 1231 1322 1277 3,
1366 1231 1430 1268 13.
1485 1230 1559 1276 49,
1602 1230 1696 1269 183.

302 1303 379 1349 74,
414 1300 508 1338 260.
558 1296 631 1343 78,
666 1296 759 1335 270.
807 1296 884 1343 80,
915 1296 1010 1335 278.
1052 1296 1126 1342 81,
1157 1295 1250 1334 280.
1299 1295 1375 1343 85,
1406 1297 1501 1334 292.
1566 1296 1697 1335 Miror

303 1369 342 1407 in
366 1366 478 1405 libris
507 1363 554 1403 de
578 1363 746 1402 Oratore
775 1362 812 1400 in
839 1362 957 1401 simili
978 1368 1014 1402 et
1039 1362 1257 1413 argumenti
1281 1367 1422 1401 natura
1445 1366 1481 1401 et
1504 1362 1697 1402 tractandi

303 1444 449 1484 genere
477 1436 555 1470 tam
585 1441 678 1468 raro
709 1434 878 1469 exstare.

418 1517 453 1548 te
475 1511 695 1559 pracsertim
719 1514 797 1545 tam
821 1507 1000 1557 studioso]
1034 1507 1207 1548 Orellius
1232 1507 1401 1560 explicat
1422 1510 1494 1546 mei
1518 1508 1697 1547 studioso.

303 1578 382 1620 Sed
415 1576 585 1616 dubitari
624 1587 700 1614 non
731 1580 857 1627 potest
888 1576 1057 1627 spectari
1091 1575 1292 1616 Ciceronis
1328 1576 1367 1615 in
1396 1575 1698 1616 adolescentium

304 1646 493 1697 egregiae
521 1643 606 1696 spei
635 1643 803 1694 ingeniis
830 1642 1051 1682 erudiendis
1084 1642 1334 1692 industriam,
1366 1643 1413 1683 de
1443 1655 1521 1695 qua
1551 1644 1700 1695 egimus

304 1713 489 1766 prolegg.
522 1712 558 1766 ξ.
590 1712 656 1750 39.

416 1792 483 1830 24.
540 1795 618 1827 tam
657 1789 817 1837 hnmtlts]
857 1788 1086 1840 perstringit
1120 1788 1401 1838 Caesarianos,
1439 1790 1506 1841 qui
1541 1789 1701 1831 devictis

304 1857 481 1910 partibus
508 1855 714 1894 senatoriis
741 1855 790 1893 ad
816 1868 981 1894 summos
1004 1857 1172 1895 honores
1196 1856 1341 1895 sublati
1364 1861 1469 1905 sunt,
1493 1857 1699 1906 Vatinium,

304 1923 452 1963 Fufium
495 1922 704 1969 Calenum,
751 1921 953 1960 Caninium
991 1921 1169 1961 Rebilum
1218 1928 1254 1961 et
1296 1923 1355 1961 his
1399 1924 1544 1963 similes
1584 1925 1698 1964 alios

305 1990 491 2031 Senatum
519 1989 579 2027 his
609 1988 793 2040 purgavit
821 1989 1038 2039 Augustus:
1068 2001 1104 2029 v.
1137 1989 1244 2028 Suet.
1275 1990 1379 2040 Aug.
1412 1990 1478 2030 35.

421 2068 486 2108 25.
545 2072 625 2104 arte
648 2068 824 2115 pariatur
852 2087 907 2093 —-
936 2069 1013 2103 sive
1035 2068 1188 2116 maura]
1217 2068 1337 2119 paulo
1363 2068 1478 2108 aliter
1502 2070 1701 2121 quaestio-

305 2148 390 2176 nem
419 2134 509 2174 inde
535 2146 559 2172 a
579 2132 784 2172 Platonico
815 2132 885 2171 illo
911 2129 1145 2187 ῥητορικὴν
1170 2126 1282 2174 εἶναι
1305 2129 1332 2188 ἢ
1357 2132 1503 2188 τέχνην
1529 2130 1555 2190 ἢ
1580 2129 1698 2188 ἔτεχ-

306 2219 380 2244 νον
404 2195 558 2256 τριβήν
579 2200 737 2239 multum
761 2200 949 2251 agitatam
972 2201 1154 2240 tractavit
1174 2200 1276 2241 libro
1300 2202 1424 2253 primo
1451 2201 1497 2240 de
1520 2202 1700 2253 Oratore,

305 2271 371 2310 ubi
401 2269 569 2310 Antonio
604 2272 785 2315 naturae,
819 2266 963 2307 Crasso
996 2267 1091 2306 artis
1120 2269 1377 2319 patrocinium
1403 2280 1475 2321 pro
1499 2269 1700 2322 utriusque

305 2338 464 2388 ingenio
503 2335 702 2388 aptissime
740 2334 1003 2382 demandavi&
1042 2340 1206 2374 naturae
1245 2340 1372 2374 autem
1410 2341 1594 2388 tanquam
1631 2348 1698 2376 ne-

307 2392 518 2445 cessarium
554 2401 811 2442 adiumentum
842 2402 1031 2441 Antonius
1062 2401 1239 2454 adiungit
1271 2404 1601 2443 exercitationem.
1656 2404 1700 2444 In

306 2472 428 2512 Bruto
472 2471 643 2509 imitatur
682 2469 932 2510 Aristotelem
970 2469 1145 2521 Metaph.
1185 2470 1248 2511 VI.
1279 2472 1316 2510 7.
1355 2483 1392 2523 p.
1427 2472 1541 2519 139.,
1588 2483 1700 2523 quem

306 2539 435 2579 locum
457 2537 643 2577 indicavit
664 2536 909 2588 Bernhardy:
934 2536 1020 2576 τῶν
1042 2534 1089 2577 δὲ
1111 2535 1372 2589 γιγνομένων
1392 2534 1448 2578 τὰ
1470 2534 1550 2589 μὲν
1566 2532 1700 2592 φύσει

307 2602 516 2659 γίγνεται,
558 2600 611 2644 τὰ
643 2601 691 2644 δὲ
720 2601 861 2659 τέχνῃ,
898 2599 953 2644 τὰ
983 2601 1031 2645 δὲ
1061 2597 1152 2644 ἀπὸ
1183 2598 1483 2656 ταύτομάτου,
1524 2609 1561 2644 et
1589 2616 1699 2644 mox:

307 2671 452 2712 πᾶσαι
489 2664 529 2711 δ’
567 2666 676 2711 εἰσὶν
715 2666 761 2711 αἱ
792 2665 998 2727 ποιήσεις
1028 2664 1054 2723 ἢ
1086 2665 1178 2712 ἀπὸ
1215 2666 1363 2725 τέχνης
1394 2665 1419 2726 ἢ
1451 2665 1542 2713 ἀπὸ
1573 2665 1699 2712 δυνά-

307 2752 424 2787 μεως
452 2731 480 2791 ἢ
511 2731 604 2779 ἀπὸ
636 2734 845 2786 διανοίας.

1764 353 1769 483 ἱ

1766 491 1771 608 ,ᾖ
