1835 3126
273 184 358 228 42
486 178 681 224 BREVIS
710 176 1104 230 ELOQUENTIAE
1135 176 1270 221 ROM.
1300 177 1443 220 HIST.

270 295 460 349 praebuit.
517 290 771 342 privilegium
800 292 839 330 in
867 291 911 331 P.
941 291 1134 344 Popilium
1160 292 1390 339 Laenatem,
1429 290 1495 342 qui
1526 289 1661 329 consul

271 364 310 401 in
341 362 401 400 Ti.
430 359 564 398 fratris
593 363 726 410 partes
757 358 970 406 saevierat,
999 359 1245 409 rogationem
1274 359 1361 398 tulit
1391 357 1659 409 Semproniam

272 428 319 466 de
341 427 378 466 vi
395 423 486 478 (53),
511 437 625 476 quam
648 436 732 463 cum
750 424 921 476 perferri
944 424 1012 463 ille
1033 425 1199 473 videret,
1220 426 1317 465 urbe
1342 425 1467 464 cessit.
1511 422 1661 462 Deinde

271 494 549 546 stipendiorum
584 491 809 530 militarium
843 502 1040 530 numerum
1070 491 1222 538 minuit,
1262 503 1453 530 annonam
1482 489 1661 529 viliorem

270 562 375 613 plebi
416 560 508 599 fecit
542 563 694 609 sumptu
725 557 871 597 aerarii
901 562 1034 605 aucto,
1069 557 1215 596 iudices
1247 558 1538 609 quaestionibus
1568 568 1660 608 per-

270 628 395 680 petuis
427 625 641 665 assidentes
671 629 712 662 ut
743 635 792 662 ex
821 624 1013 675 equitibus
1045 628 1270 662 crearentur
1301 623 1444 670 effecit,
1484 622 1660 662 colonias

272 700 384 735 extra
419 693 575 733 Italiam
606 690 656 730 ad
686 690 965 730 sublevandam
993 689 1146 742 plebem
1176 690 1329 741 inopem
1360 689 1498 728 deduci
1525 688 1660 735 voluit,

270 761 436 813 denique
473 759 589 799 sociis
627 758 819 797 civitatem
851 762 908 796 est
938 756 1150 808 pollicitus.
1208 756 1315 796 Haec
1345 755 1540 795 biennium
1570 765 1662 792 con-

270 828 410 868 tinuati
446 826 695 876 magistratus
737 823 908 875 implent.
968 822 1047 862 Sed
1078 835 1161 862 cum
1189 823 1384 874 patienter
1412 821 1582 868 tulisset,
1620 824 1663 859 ut

270 895 368 934 socii
398 894 591 934 civitatem
622 895 890 942 exspectantes
920 890 1018 929 urbe
1046 890 1304 942 pellerentur,
1334 890 1405 929 hos
1437 900 1461 927 a
1491 899 1532 926 se
1563 886 1662 926 alie-

270 962 376 1001 navit
406 960 533 1011 decipi
564 969 649 996 sese
679 957 943 996 existimantes
973 962 1009 995 et
1039 958 1140 995 omni
1170 957 1302 1006 gratia
1330 955 1458 1007 plebis
1491 954 1661 992 deiectus

272 1024 353 1074 est,
399 1038 482 1065 cum
525 1036 596 1076 per
638 1023 806 1062 Drusum
850 1023 1045 1072 collegam
1088 1028 1249 1062 auctore
1293 1027 1430 1061 senatu
1473 1020 1662 1059 maiorum

271 1094 386 1132 etiam
417 1089 702 1130 commodorum
740 1100 828 1141 spes
867 1089 1147 1128 ostenderetur.
1206 1089 1273 1128 Sic
1309 1088 1425 1128 tertio
1464 1087 1663 1126 tribunatu

268 1157 435 1212 petendo
473 1157 642 1196 deiectus
683 1156 731 1194 ab
769 1156 1032 1195 inimicissimo
1073 1155 1232 1195 consule
1267 1155 1313 1195 L.
1353 1154 1505 1206 Opimio
1544 1153 1662 1192 armis

270 1227 429 1278 sumptis
457 1236 540 1263 cum
557 1224 726 1275 quinque
749 1222 920 1261 millibus
943 1228 1176 1262 sectatorum
1199 1222 1423 1261 interfectus
1441 1226 1498 1260 est
1514 1233 1548 1259 a.
1567 1221 1662 1259 633.

385 1292 612 1332 Orationum
637 1291 718 1329 eius
741 1290 993 1341 plurimarum
1018 1294 1054 1328 et
1078 1295 1308 1340 argumenta
1332 1294 1369 1328 et
1391 1293 1523 1341 partes
1541 1298 1662 1339 quae-

271 1361 359 1400 dam
386 1359 539 1398 minime
570 1356 811 1409 spernendae
843 1361 1005 1395 exstant.
1049 1356 1329 1408 Antiquissima
1359 1360 1416 1395 est
1444 1355 1517 1394 illa
1549 1356 1664 1391 Vettii,

271 1427 452 1473 defensio,
496 1424 604 1463 cuius
643 1428 802 1474 praeter
831 1435 968 1462 nomen
998 1423 1095 1462 nihil
1124 1428 1261 1462 exstat.
1321 1423 1506 1473 Sequitur
1534 1423 1663 1458 suasio

271 1494 362 1541 leyts
396 1492 575 1540 Papiriae
615 1489 662 1528 de
698 1489 862 1528 tribunis
900 1480 1118 1528 reficiendis
1142 1487 1231 1540 (54);
1278 1489 1415 1528 deinde
1452 1488 1579 1527 oratio
1620 1487 1664 1524 de

271 1561 347 1608 leffe
391 1559 508 1595 Penni
552 1562 585 1594 et
620 1554 939 1606 per091·znts(55),
982 1556 1117 1596 habita
1152 1562 1241 1596 ante
1279 1560 1527 1608 quaesturam
1565 1555 1662 1594 Sar-

272 1626 495 1667 diniensem.
538 1624 600 1664 Ex
625 1636 703 1675 qua
726 1635 809 1663 cum
833 1622 1017 1670 redisset,
1043 1626 1246 1661 contionem
1264 1623 1502 1673 ‹id-populum
1517 1621 1664 1668 habuit,

275 1696 382 1734 cuius
422 1692 570 1732 Gellius
606 1691 734 1729 locum
773 1691 868 1729 satis
911 1690 1079 1741 amplum
1118 1691 1276 1730 retinuit
1299 1687 1390 1742 (56);
1433 1689 1523 1728 item
1563 1689 1663 1738 apud

273 1773 440 1798 censores
466 1769 621 1797 causam
648 1757 763 1804 dixit,
795 1757 902 1795 cuius
927 1756 1163 1795 defensionis
1188 1757 1283 1796 duas
1306 1755 1520 1809 particulas
1543 1755 1664 1794 liabe-

272 1839 354 1866 mus
379 1823 461 1875 (5⁷).
522 1825 744 1875 Sequuntur
780 1824 977 1862 contiones
1015 1823 1259 1862 tribuniciae.
1313 1825 1468 1863 Primae
1498 1823 1665 1861 omnium

272 1893 450 1933 videntur
485 1891 682 1930 orationes
721 1890 820 1928 duae
857 1893 895 1927 tn
934 1893 976 1926 P.
1013 1891 1201 1939 Popilium
1232 1892 1460 1934 Laenatem,
1500 1901 1664 1940 quarum

273 1971 343 1999 sex
381 1957 618 2011 particulae,
659 1955 727 1995 sed
763 1956 1039 2004 brevissimae,
1080 1957 1194 1995 etiam
1229 1968 1329 1995 nunc
1367 1956 1551 2005 leguntur
1575 1954 1663 2006 (5S);

274 2026 449 2078 sequitur
481 2024 627 2071 oratio,
659 2036 731 2073 qna
762 2023 876 2071 legem
898 2023 1077 2069 Aufeiam
1106 2023 1306 2068 dissuasit,
1339 2035 1439 2075 quae
1468 2023 1517 2062 ad
1543 2024 1663 2064 vecti-

364 2188 423 2229 53)
450 2186 522 2221 Cic.
539 2186 664 2219 Aecus.
683 2186 789 2220 Verr.
811 2186 854 2219 V.
872 2185 928 2226 63,
955 2186 1027 2220 163.
1067 2185 1169 2219 Catil.
1191 2186 1214 2219 l.
1239 2186 1291 2223 ll.
1320 2188 1409 2222 Rab.
1428 2187 1537 2221 Peru.
1556 2190 1589 2230 11,
1611 2190 1661 2223 ll.

272 2244 333 2286 54)
360 2243 498 2277 Charis.
524 2254 557 2286 p.
582 2242 657 2278 177.
689 2242 763 2282 lSl,
791 2242 866 2277 197.
893 2242 970 2276 214.
1091 2242 1151 2285 55)
1176 2242 1302 2276 Festus
1327 2254 1361 2277 v.
1386 2256 1448 2276 res
1469 2244 1660 2288 publicas,

275 2300 444 2334 Beieruni
477 2299 608 2333 Fanni
641 2299 852 2343 corrigentis
888 2308 1049 2331 errorem
1075 2298 1169 2332 bene
1202 2298 1286 2332 oliui
1319 2300 1507 2343 castigavit
1532 2301 1661 2347 Meye-

275 2366 346 2389 rus.
396 2354 601 2399 Legebatur
633 2361 752 2388 autem
778 2353 824 2389 P.
852 2353 975 2393 Enni,-
1006 2365 1132 2388 verum
1157 2355 1238 2390 Ant.
1263 2355 1463 2401 Augustino
1499 2357 1661 2392 debetur.

276 2410 336 2452 56)
374 2410 466 2443 Gen.
491 2410 570 2445 XV.
599 2410 649 2444 12.
767 2411 825 2455 57)
861 2411 935 2445 Cic.
965 2409 1067 2445 Orat.
1094 2410 1157 2453 70,
1183 2411 1261 2447 233.
1302 2412 1439 2448 Charis.
1468 2424 1502 2457 p.
1529 2413 1584 2448 61.
1615 2415 1658 2450 cs.

277 2466 460 2504 Plutarch.
500 2466 539 2499 C.
560 2466 723 2500 Graccho
745 2467 799 2509 2„
826 2468 855 2501 is
879 2467 997 2512 capita
1022 2466 1242 2501 defensionis
1268 2470 1428 2512 exponit.
1456 2481 1491 2504 v.
1515 2469 1660 2514 lVIeyer.

279 2535 311 2568 p.
329 2522 408 2556 ⁶230.
525 2522 585 2565 58)
612 2522 676 2556 Est
695 2524 786 2556 enini
806 2524 922 2557 altera
939 2523 1084 2564 eadem,
1110 2535 1203 2567 qnae
1222 2526 1423 2559 inscribitur
1449 2538 1536 2560 cnm
1553 2529 1661 2561 circa

280 2578 540 2613 conciliabula
573 2582 669 2619 iret,
704 2592 739 2614 v.
764 2579 906 2614 Festum
940 2591 976 2614 v.
1000 2585 1226 2626 poteratur.
1262 2588 1298 2615 et
1333 2582 1426 2615 adde
1455 2582 1548 2617 Geli.
1576 2582 1601 2617 1.
1628 2584 1660 2618 7.

276 2634 339 2671 Xl.
362 2634 414 2670 13.
449 2635 543 2671 Fest.
568 2647 603 2672 v.
631 2638 890 2672 occisitantur
915 2642 951 2671 et
975 2647 1009 2672 v.
1034 2637 1255 2672 masculino
1279 2648 1417 2683 uenere
1442 2644 1477 2673 et
1496 2639 1661 2674 Diomed.

280 2702 313 2735 p.
339 2690 414 2725 371.
