1835 3126
303 226 427 276 342
728 222 1260 267 EXPLICATIONES

301 342 371 382 His
401 350 493 378 usus
524 337 604 377 Cic.
636 336 683 376 de
714 337 782 377 Or.
805 337 870 376 111.
903 339 974 384 34,
1006 338 1118 384 138.;
1149 337 1344 389 copiosius
1376 339 1517 375 tractat
1545 333 1692 374 Plinius

294 408 402 459 Epp.
429 404 458 443 Ι.
490 405 567 451 20,
600 404 663 443 17.

415 472 466 512 Χ.
526 472 591 510 39.
652 468 743 517 alta]
773 468 937 508 formam
961 466 1161 507 Ciceronis
1191 460 1309 507 aetati
1336 467 1545 509 vindicavit
1569 467 1693 508 Gara-

306 544 419 579 tonus
450 538 630 578 Excursu
657 535 758 575 XIV.
790 534 839 573 ad
868 534 1134 574 Plancianam.

417 617 523 642 senes
550 625 606 630 --
632 602 891 650 adolescentes]
935 601 1071 639 similis
1109 600 1158 639 ab
1197 599 1336 639 aetatis
1373 599 1562 638 humanae
1602 611 1695 651 pro-

307 682 448 722 gressu
487 669 537 708 ad
567 667 790 720 aequalium
828 672 894 706 aut
923 667 1183 718 antiquiorum
1222 670 1385 705 aetatem
1423 665 1627 704 translatio
1658 665 1697 704 fit

308 747 340 776 c.
366 738 412 784 7,
437 737 509 775 27:
539 738 601 785 qut
624 748 699 773 ‘non
722 734 957 772 nascentibus
982 735 1159 779 Athenis,
1189 733 1255 770 sed
1276 736 1354 770 iam
1375 733 1514 770 adultis
1535 731 1696 778 fuerunt.

306 803 405 855 Rep.
436 803 466 842 Ι.
496 803 568 842 37;
611 804 687 839 ista
724 814 810 839 vero
851 799 995 851 (aetas)
1037 800 1167 838 adalta
1201 803 1268 838 vta·
1280 814 1292 846 3
1339 798 1549 852 opponitur
1583 797 1698 838 valde

308 869 467 921 longae.

419 939 615 986 viguerunt
642 955 696 962 -
727 934 845 984 erant]
891 933 1019 973 locum
1059 945 1144 972 cum
1185 933 1274 972 aliis
1315 931 1543 984 quibusdam
1585 930 1697 970 dissi-

309 1003 464 1042 milibus
495 1001 689 1042 contendit
711 1001 833 1040 Kritz.
866 1000 915 1040 ad
943 1000 1043 1040 Sall.
1072 1000 1188 1041 Catil.
1217 1001 1287 1047 10,
1315 1001 1372 1047 l.;
1402 999 1547 1039 erravit
1575 1003 1700 1037 autem

311 1070 350 1110 in
381 1082 447 1118 eo,
489 1068 593 1120 quod
630 1070 825 1116 vtyuerunt
863 1078 939 1106 non
976 1067 1115 1106 dicitur
1150 1060 1391 1120 ἀορίστως,
1428 1071 1470 1105 ut
1500 1061 1701 1116 ἐβίωσαν,

312 1136 379 1176 sed
407 1135 560 1175 definite
591 1134 641 1172 ad
662 1139 828 1184 tempus,
860 1145 937 1184 quo
961 1133 1152 1185 loquitur,
1183 1133 1366 1179 relatum,
1397 1137 1438 1171 ut
1464 1132 1701 1182 significetur

310 1204 388 1241 iam
413 1201 651 1253 praeterisse
675 1204 844 1249 tempus,
875 1211 950 1250 quo
975 1200 1188 1249 viguerint,
1217 1193 1493 1250 βεβιώκασιν.
1538 1199 1702 1238 Additur

312 1274 438 1313 erant,
469 1272 511 1306 ut
540 1265 730 1305 indicetur
760 1275 823 1302 res
854 1266 1056 1316 praeteriti
1089 1265 1196 1302 illius
1226 1265 1411 1314 temporis
1442 1265 1633 1315 aequalis,
1665 1270 1701 1303 et

312 1334 503 1374 sententia
531 1333 586 1371 sic
617 1330 853 1382 supplenda:
885 1333 953 1368 etst
978 1333 1109 1368 Servio
1137 1330 1262 1367 Tallto
1291 1335 1468 1378 regnante
1495 1333 1701 1379 viguerant,

313 1408 438 1439 tamen
467 1400 583 1437 «ηηιῑιο
613 1398 752 1435 (liunus
780 1398 950 1435 Athenae
978 1402 1085 1435 erant
1113 1402 1212 1442 tum,
1253 1409 1335 1433 cum
1363 1396 1553 1445 vigebant,
1592 1410 1701 1446 quam

313 1473 366 1506 est
395 1470 521 1505 Roma
551 1466 601 1504 ad
631 1465 849 1502 hodiernum
878 1464 985 1501 diem.

424 1535 492 1574 40.
557 1532 665 1570 Uaoet
692 1552 748 1558 —
776 1531 942 1580 Nestori]
974 1535 1067 1571 nota
1095 1535 1266 1572 veterum
1296 1530 1486 1569 sententia
1516 1535 1593 1578 est,
1627 1530 1705 1569 tria

313 1600 467 1642 dicendi
491 1611 639 1651 genera
666 1605 782 1638 tenue
811 1597 976 1638 medium
1005 1598 1148 1637 elatum
1170 1597 1339 1637 Homero
1370 1597 1528 1647 cognita
1552 1609 1704 1636 eorum-

314 1681 390 1722 que
419 1668 610 1719 imagines
640 1667 681 1706 in
702 1665 888 1707 Menelao
919 1665 1085 1705 Nestore
1115 1665 1230 1705 Ulixe
1261 1675 1487 1716 expressas:
1525 1677 1559 1704 v.
1584 1664 1704 1713 Quin-

312 1736 370 1776 til.
399 1736 487 1775 XII.
522 1736 590 1782 10,
622 1735 689 1773 64.
735 1732 836 1775 Gell.
865 1732 948 1774 VII.
982 1734 1046 1772 14.
1105 1732 1330 1772 Scholiasta
1364 1731 1500 1771 Iliadis
1535 1745 1572 1783 γ.
1602 1733 1703 1770 212:

314 1796 644 1852 ἀπολελυμένος
668 1797 902 1847 ῘΙΙενέλαος
929 1795 1127 1847 Λυσίας,
1158 1797 1324 1846 πυκνὸς
1346 1792 1585 1846 Ὀδυσσεὺς
1613 1797 1702 1850 Ar]-v

313 1863 559 1919 μοσθένης,
591 1863 789 1913 πιθανὸς
818 1863 1003 1919 Νέστωρ
1027 1860 1291 1919 Ἰσοκράτης.
1345 1863 1705 1914 AdditBernhardy

315 1932 450 1975 Schol.
473 1932 657 1982 Hermog.
687 1931 765 1971 vol.
788 1931 851 1972 lv.
881 1943 918 1983 p.
943 1932 1011 1969 43.
1059 1932 1351 1971 Obversabatur
1376 1937 1502 1970 autem
1526 1931 1706 1971 Ciceroni

313 2000 450 2040 Iliadis
479 2013 514 2050 y.
546 2000 661 2046 221„
693 2009 768 2049 quo
799 1998 886 2037 loco
918 1998 1177 2048 Quintilianus
1207 1998 1336 2036 utitur.
1396 1997 1493 2036 Hinc
1521 1998 1704 2037 heroibus

314 2067 423 2107 illius
465 2065 604 2104 aetatis
641 2069 915 2115 comparantur
955 2064 1004 2102 ab
1040 2065 1176 2113 ignoto
1216 2063 1440 2112 laudatore,
1488 2076 1599 2116 quem
1637 2064 1704 2103 Ti-

315 2133 466 2181 bullum
488 2132 683 2178 ferebant‚
709 2130 905 2170 Messalla
930 2130 1120 2170 Corvinus
1147 2130 1275 2169 Carni.
1293 2129 1356 2170 IV.
1379 2133 1414 2169 1.
1430 2132 1517 2179 48„
1539 2144 1563 2170 a
1579 2131 1704 2170 Statio

315 2204 429 2252 pater
462 2198 560 2238 Silv.
593 2198 639 2238 V.
671 2198 715 2244 3,
751 2197 843 2235 114.
881 2209 906 2235 a
942 2196 1077 2236 Saleio
1113 2196 1239 2236 Basso
1281 2197 1362 2236 sive
1404 2197 1489 2248 quis
1529 2197 1629 2236 alius
1666 2196 1707 2235 id

318 2277 474 2306 carmen
504 2265 678 2316 scripsit,
715 2264 807 2303 Piso
837 2263 986 2313 Paneg.
1017 2263 1057 2301 in
1084 2263 1162 2302 Pis.
1193 2276 1228 2303 v.
1260 2263 1347 2311 57„
1385 2264 1433 2303 cf.
1464 2263 1706 2306 Wernsdorf.

315 2344 354 2385 p.
372 2333 488 2380 2483
513 2332 606 2383 quin
632 2331 681 2370 ab
697 2330 871 2370 Ausonio
888 2329 1134 2381 professores
1150 2329 1484 2381 Burdegalenses,
1506 2342 1624 2369 carm.
1641 2332 1706 2369 21.

429 2402 573 2437 incerta
610 2404 698 2436 sunt
735 2396 919 2446 tempora]
963 2396 1107 2435 similia
1145 2396 1192 2436 de
1228 2401 1443 2449 temporum
1478 2396 1613 2436 ordine
1651 2396 1708 2435 di-

319 2471 456 2506 cuntur
480 2465 578 2517 Rep.
604 2464 651 2503 II.
680 2466 743 2504 10.
776 2463 892 2502 Tusc.
907 2461 952 2503 V.
975 2464 1018 2510 3,
1043 2464 1081 2502 7.
1139 2463 1361 2515 Lycurgum
1391 2469 1518 2504 autem
1538 2466 1709 2513 superto-

317 2545 397 2571 rem
427 2531 624 2584 appellari
653 2531 748 2571 vidit
773 2529 985 2572 Wetzelius
1016 2534 1179 2581 propter
1209 2536 1403 2571 oratorem
1426 2530 1708 2577 Atheniensem,

321 2600 369 2640 de
400 2611 477 2651 quo
510 2599 651 2638 mentio
686 2597 805 2649 paulo
838 2602 926 2636 ante
956 2596 1070 2635 illata
1100 2608 1132 2636 c.
1156 2599 1202 2645 9,
1229 2599 1294 2638 36.

435 2667 501 2706 41.
564 2665 786 2703 Coriolanus
823 2664 943 2714 exsul]
983 2662 1072 2705 vide
1110 2663 1360 2704 Niebuhrium
1398 2665 1437 2704 in
1470 2663 1567 2704 Hist.
1597 2662 1706 2703 Rom.

321 2737 347 2772 t.
377 2733 424 2773 11.
455 2745 494 2785 p.
523 2733 617 2772 272.
