1835 3126
532 142 790 186 BRUTUS
832 143 950 188 CAP.
983 147 1049 190 50.
1081 148 1148 190 51.
1423 152 1537 197 241

144 252 374 326 Adfflw
358 251 586 311 ”2131ssAEss
591 269 599 295 :
631 261 769 297 tamen
800 263 932 298 utrum
966 258 1016 302 de
1046 258 1110 301 his
1140 260 1274 316 potius
1306 260 1536 306 dubitasset

144 318 315 385 aliduis,
348 332 446 385 quin
478 331 651 374 alterum
682 347 815 376 nemo.
877 334 985 386 Quid
998 340 1013 378 Ξ
1046 337 1382 381 adolescentibus
1411 340 1534 384 nobis

142 421 231 450 cum
269 415 381 450 esset
412 407 532 451 Cotta
569 417 608 452 et
636 410 902 463 Hortensius,
944 428 1038 456 num
1079 417 1191 471 quis,
1233 418 1329 472 quoi
1370 418 1533 472 quidem

138 486 321 541 eligendi
350 494 535 543 potestas
566 496 699 551 esset,
743 504 988 547 quemquam
1019 491 1083 536 his
1116 494 1418 550 anteponebat'Z

250 563 318 606 Ll.
352 565 447 609 190.
480 565 585 608 Tum
610 566 780 619 Brutus,
808 568 917 620 Quid
941 578 1002 621 tu⁷
1028 572 1177 627 inquit,
1204 575 1371 628 quaeris
1394 573 1531 617 alios?

139 644 188 686 de
220 650 258 686 te
288 646 378 700 ipso
410 658 545 687 nonne
578 646 674 702 quid
705 654 891 703 optarent
920 650 1002 700 rei,
1039 651 1135 705 quid
1166 652 1255 707 ipsc
1283 650 1529 694 Hortensius

136 722 338 764 iudicaret
374 723 616 766 videbamus
630 728 646 767 ’ἒ
692 726 760 780 qui
804 739 894 768 cum
940 730 1159 782 partiretur
1195 735 1329 771 tecum
1375 742 1529 772 causas

140 802 284 857 (saepe
326 803 434 843 enim
474 802 680 854 interfui),
722 804 945 858 perorandi
986 804 1146 853 locum,
1187 804 1258 846 ubi
1298 805 1528 860 plurumum

134 878 262 934 pollet
292 881 442 928 oratio⁷
479 892 641 934 semper
670 878 744 920 tibi
774 879 1045 935 relinquebat.
1104 880 1136 921 F
1141 881 1305 925 aciehas
1333 881 1406 923 ille
1438 885 1527 938 qui-

135 956 245 1005 dem,
273 958 459 1011 inquam:
494 963 533 997 et
561 955 657 997 mihi
684 955 995 1008 benevolentia,
1023 957 1165 1010 credo,
1197 959 1341 1001 ductus
1372 960 1527 1003 tribue-

132 1033 203 1075 bat
233 1035 383 1075 omnia.
430 1032 516 1075 Sed
550 1047 628 1088 ego
655 1047 760 1089 quae
792 1034 842 1077 de
865 1049 929 1077 me
953 1035 1094 1092 populi
1117 1038 1169 1079 sit
1197 1039 1335 1094 opinio
1358 1040 1524 1082 nescio:

132 1112 181 1153 de
218 1111 390 1167 reliquis
425 1111 505 1154 hoc
545 1112 723 1162 affirmo,
765 1114 833 1168 qui
871 1113 984 1169 volgi
1023 1116 1216 1170 opinione
1249 1115 1527 1159 disertissumi

128 1189 259 1231 habiti
297 1191 399 1241 sint,
438 1190 607 1233 eosdem
647 1190 974 1245 intellegentium
1005 1206 1167 1248 quoque
1207 1194 1361 1237 iudicio
1393 1195 1524 1238 fuisse

127 1268 470 1324 probatissumos.
530 1269 625 1312 191.
656 1268 743 1312 Nec
774 1271 882 1312 enim
912 1278 1055 1327 posset
1084 1271 1193 1313 idem
1219 1270 1524 1316 Demosthenes

129 1347 290 1397 dicere,
331 1347 440 1403 quod
469 1347 627 1390 dixisse
660 1347 949 1391 Antimachum
980 1349 1137 1391 clarum
1167 1355 1333 1406 poetam
1367 1351 1523 1393 serunt:

129 1426 197 1481 qui
228 1438 318 1467 cum
347 1427 586 1467 convocatis
620 1426 876 1468 auditoribus
905 1426 1066 1481 legeret
1094 1429 1156 1470 eis
1187 1441 1381 1483 magnum
1406 1429 1523 1480 illud,

129 1503 237 1558 quod
277 1505 474 1554 novistis,
519 1503 712 1546 volumen
753 1518 870 1547 suum
911 1512 950 1547 et
993 1519 1086 1547 eum
1129 1505 1338 1561 legentem
1379 1520 1522 1550 omnes

126 1588 291 1638 praeter
317 1581 531 1624 Platonem
560 1582 846 1638 reliquissent,
886 1583 1058 1636 Leqam,
1090 1584 1243 1638 inquit,
1281 1587 1411 1626 nihilo
1442 1588 1521 1627 mi-

126 1673 228 1702 mas.-
266 1661 387 1703 Plato
429 1662 537 1703 enim
569 1663 672 1703 milti
707 1673 818 1704 unus
855 1663 993 1704 instar
1022 1668 1080 1704 est
1110 1663 1308 1703 omnium.
1367 1661 1520 1705 Merito

211 1805 269 1831 191.
306 1804 434 1839 clarum]
455 1804 591 1833 Clarium.
612 1820 644 1824 —
670 1806 774 1832 werno
795 1805 859 1840 ille]
881 1806 1009 1832 millium.

125 1917 233 1962 quid]
267 1920 335 1962 qui
363 1916 429 1963 Lg.
454 1930 578 1953 omnes
611 1924 759 1963 praeter
789 1918 864 1960 20.;
898 1919 934 1953 in
970 1929 1039 1964 quo
1073 1923 1128 1952 est
1159 1920 1278 1963 quim·
1316 1926 1520 1955 correctum

123 1979 240 2008 tamen
260 1980 311 2008 est
336 1974 370 2008 in
390 1974 444 2009 35.
462 1974 515 2010 56.
532 1995 579 2001 »-
604 1976 710 2020 quoi]
738 1975 821 2009 dedi
842 1987 908 2020 pro
929 1978 1010 2016 cui,
1039 1986 1116 2008 cum
1138 1981 1173 2008 et
1195 1975 1328 2010 diserte
1348 1978 1519 2022 scriptum

123 2037 240 2065 exstet
271 2032 306 2064 in
332 2030 399 2076 Lg.
423 2031 477 2066 35.
505 2030 560 2066 68.
588 2032 641 2066 70.
678 2030 752 2066 Ott.
781 2032 983 2076 eodemque
1009 2031 1116 2065 ducat
1149 2042 1223 2076 quo
1255 2032 1290 2065 in
1315 2032 1378 2078 Lg.
1402 2033 1434 2068 8.
1462 2033 1518 2069 20.

122 2086 177 2122 39.
205 2087 257 2121 51.
284 2087 338 2121 56.
365 2087 419 2121 58.
456 2087 524 2121 Gn.
553 2089 582 2122 l.
608 2107 654 2113 —-
694 2088 806 2130 esset]
839 2092 966 2121 essent
991 2088 1082 2122 coni.
1106 2086 1215 2129 Ern.‚
1245 2099 1351 2132 quam
1378 2088 1434 2122 ed.
1462 2100 1515 2133 pr.

122 2142 273 2188 probari
298 2143 436 2184 dicunt3
463 2143 745 2188 Lagoniarsinus
770 2142 857 2176 nihil
883 2143 1057 2178 enotavit.

215 2210 274 2244 LI.
326 2210 400 2244 190.
447 2209 640 2254 faciebat]
664 2208 826 2253 favebat
850 2210 906 2245 ed.
928 2222 981 2254 pr.
1000 2230 1045 2234 —
1073 2209 1196 2255 volyi]
1219 2211 1271 2244 sic
1296 2211 1428 2252 eidem,
1456 2212 1517 2256 qui

122 2266 150 2311 §.
180 2266 254 2300 189.
277 2285 324 2292 —
363 2266 495 2301 habiti
529 2267 622 2310 sint]
656 2264 691 2300 Ῐι.
726 2270 818 2302 sunl
853 2266 908 2301 ed.
945 2278 999 2311 pr.
1033 2266 1099 2311 Lg.
1126 2265 1180 2301 20.
1207 2266 1263 2302 35.
1288 2287 1334 2292 —
1372 2267 1518 2302 intelle-

121 2323 310 2369 qentinm]
336 2324 388 2357 sic
412 2322 478 2368 Lg.
504 2322 535 2357 S.
561 2322 614 2356 51.

217 2391 291 2426 191.
342 2391 510 2435 clarum]
535 2391 587 2425 sic
607 2390 709 2424 codd.
728 2396 764 2425 et
782 2390 837 2425 ed.
859 2402 911 2436 pr.
958 2391 1012 2426 Ab
1030 2389 1208 2425 Ascensio
1236 2388 1321 2423 inde
1344 2389 1515 2433 scriptum

122 2459 144 2480 a
167 2448 287 2482 multis
316 2447 500 2482 Clarium.
548 2446 633 2482 Non
665 2447 701 2481 id
726 2447 856 2493 agebat
884 2448 1034 2490 Cicero,
1069 2452 1107 2481 ut
1130 2445 1335 2480 Antimachi
1359 2445 1514 2490 patriam

122 2510 421 2539 commemoraret
450 2504 557 2549 idque
590 2504 881 2538 denominatione
914 2504 1016 2549 quasi
1047 2503 1196 2547 obliqua
1230 2507 1266 2536 et
1290 2501 1436 2546 poetica
1461 2499 1513 2532 sa-

121 2566 236 2601 ceret3
268 2561 387 2595 claros
411 2564 538 2606 poetas
567 2572 645 2595 cum
665 2561 867 2595 oratoribus
895 2560 1001 2594 claris
1025 2559 1177 2594 confert.
1197 2578 1243 2583 —
1271 2557 1414 2602 queret
1439 2556 1513 2599 eis]

121 2619 178 2650 eis
211 2617 364 2651 deletum
396 2618 469 2652 ibat
489 2618 700 2652 XVetzelius.
724 2636 769 2642 ——-
805 2620 993 2652 omnium.
1043 2615 1191 2650 Merito
1224 2613 1290 2649 ille
1319 2616 1358 2646 cet
1390 2611 1512 2656 recte]

121 2673 173 2707 sic
190 2673 246 2708 ed.
263 2685 318 2720 pr.
337 2675 458 2710 nescio
478 2686 524 2710 an
544 2674 589 2710 ab
606 2674 885 2720 interpolatore,
912 2674 995 2708 dum
1012 2673 1270 2717 intelligeretur
1287 2671 1381 2706 unde
1401 2670 1512 2707 illum

1178 2739 1233 2782 16
