1835 3126
245 157 365 227 122
458 175 653 220 BREVIS
683 174 1075 228 ELOQUENTIAE
1105 176 1239 219 ROM.
1272 176 1415 219 HIST.

246 295 320 334 diis
364 297 479 342 atque
518 300 559 328 se
603 289 729 340 ipsum
769 288 936 328 deditum
980 291 1028 329 ab
1066 291 1221 330 ineunte
1265 295 1392 331 aetate
1430 291 1553 330 fuisse
1595 296 1632 330 et

245 369 426 399 summam
452 355 693 406 diligentiam
722 357 1029 407 gravitatemque
1059 362 1096 396 et
1120 358 1327 398 verborum
1357 363 1393 397 et
1422 358 1632 397 sententia-

243 437 328 464 rum
365 434 463 475 prae
503 434 544 461 se
580 422 716 461 tulisse
738 419 820 474 (9⁴).
877 423 998 462 Huius
1031 423 1159 462 laudis
1197 430 1347 475 partem
1388 425 1630 464 constantiae

242 492 380 538 tribui,
413 502 490 541 qua
511 488 728 528 Marcellus
758 489 922 528 maxime
949 489 1083 528 consul
1112 491 1351 541 optimatium
1376 504 1532 531 causam
1561 490 1632 529 ad-

241 570 377 600 versus
421 556 603 596 Caesaris
648 555 853 595 andaciam
891 557 950 595 rei
988 556 1170 607 publicae
1208 558 1410 596 exitiosam
1450 557 1632 604 defendit,

241 624 436 676 suspicari
474 623 560 662 iure
594 623 696 662 licet.
764 623 906 664 Verum
942 623 1014 661 illa
1052 624 1290 671 constantia,
1331 636 1414 663 cum
1452 636 1633 674 magnam

242 692 360 731 animi
398 690 613 729 firmitatem
654 689 894 737 ostenderet,
939 689 1144 742 prudentia
1184 690 1301 741 plane
1340 690 1633 728 destituebatur.

239 759 339 799 Erat
375 758 474 796 enim
510 756 727 796 Marcellus
764 757 801 795 in
840 758 916 805 eis,
962 757 1027 808 qui
1068 757 1254 808 Pompeio
1296 756 1464 795 eaeciter
1499 755 1633 794 confisi

244 826 455 867 Caesarem
488 823 599 862 facili
638 824 797 874 negotio
834 824 968 873 frangi
1012 828 1049 862 et
1088 824 1214 863 obteri
1256 835 1372 875 posse
1408 822 1632 862 crederent:

242 905 321 944 qua
353 891 399 930 de
423 902 542 929 causa
571 902 652 929 rem
671 890 885 941 publicam,
915 903 1029 942 quam
1060 890 1267 930 defendere
1297 895 1495 942 poterant,
1530 889 1632 929 Gae-

241 971 332 999 sare
356 959 553 1009 insperato
576 957 780 1007 ingruente
803 957 1067 997 deseruerunt.
1110 957 1267 997 Laudes
1290 957 1395 996 illius
1419 957 1631 1003 oratoriae,

241 1027 275 1065 si
314 1038 338 1064 a
370 1025 570 1065 Ciceronis
607 1024 824 1064 testimonio
864 1024 1112 1074 discesseris,
1150 1036 1227 1063 non
1259 1024 1365 1063 ultra
1401 1034 1631 1062 commemo-

240 1098 352 1132 ratae
381 1091 639 1142 reperiuntur.

352 1157 525 1197 Eandem
558 1157 598 1195 in
632 1168 677 1195 re
709 1156 868 1207 publica
905 1168 1081 1204 causam,
1120 1155 1188 1195 sed
1224 1155 1466 1207 ingeniosius
1500 1160 1536 1195 et
1566 1167 1630 1194 sa-

238 1226 405 1278 pientius
435 1224 615 1263 tuebatur
644 1226 703 1263 M.
733 1226 890 1261 Porcius
922 1224 1026 1262 Galo.
1084 1223 1121 1262 Is
1159 1223 1192 1261 si
1227 1224 1349 1262 minus
1381 1222 1532 1273 rIgidus
1562 1234 1630 1262 ex-

238 1294 399 1332 stitisset
435 1291 586 1331 virtutis
615 1295 908 1342 propugnator,
950 1290 1075 1340 magis
1109 1290 1336 1341 profuturus
1368 1295 1451 1328 erat
1484 1290 1630 1329 civitati

238 1359 353 1398 malis
384 1359 463 1396 suis
492 1358 730 1407 turgescenti
759 1362 796 1396 et
825 1357 1032 1407 ambiguae
1062 1357 1163 1396 inter
1191 1358 1410 1396 libertatem
1441 1361 1477 1395 et
1507 1356 1629 1395 domi-

236 1425 446 1463 nationem.
506 1424 572 1463 Sic
610 1429 738 1462 autem
767 1423 898 1462 nobile
937 1425 1199 1474 spectaculum
1230 1437 1277 1464 ex
1306 1436 1435 1463 rerum
1464 1423 1629 1461 historia

238 1492 473 1530 eximeretur
494 1489 569 1529 viri
591 1490 629 1527 in
653 1490 740 1540 ipsa
762 1489 929 1527 omnium
951 1488 1041 1527 labe
1066 1501 1112 1528 ac
1135 1491 1249 1529 ruina
1272 1489 1416 1530 invicti.
1454 1489 1511 1527 M.
1530 1488 1627 1527 Cato

238 1558 337 1596 enim
365 1557 542 1605 vigorem
572 1555 689 1593 animi
713 1553 892 1594 Censorii
919 1555 1026 1593 illius
1056 1557 1197 1608 proavi
1231 1557 1292 1595 sui
1320 1555 1531 1601 retinebat,
1560 1554 1627 1594 sed

233 1626 276 1663 in
312 1622 489 1662 dissimili
528 1633 658 1661 rerum
693 1626 814 1670 statu,
853 1621 957 1674 quod
992 1622 1102 1673 leges
1142 1628 1178 1662 et
1215 1623 1390 1662 instituta
1426 1622 1626 1670 maiorum,

237 1691 377 1742 quihus
416 1702 440 1728 a
469 1693 697 1729 novatorum
733 1689 893 1728 licentia
920 1689 1071 1729 tuendis
1098 1689 1168 1729 ille
1204 1690 1370 1729 intentus
1401 1693 1503 1735 erat,
1543 1700 1627 1727 cum

235 1757 376 1797 dudum
404 1756 560 1809 perdita
590 1761 737 1804 essent,
772 1755 980 1795 defendere
1008 1769 1085 1796 non
1114 1758 1250 1809 potuit.
1311 1757 1377 1797 Sic
1407 1756 1528 1806 igitur
1559 1766 1625 1794 eas

234 1825 274 1862 in
304 1835 347 1862 se
379 1822 573 1862 custodire
603 1829 640 1862 et
670 1828 853 1874 quantum
882 1828 1017 1875 posset
1045 1823 1198 1863 libidini
1226 1823 1438 1876 potentium
1475 1822 1514 1859 in
1544 1821 1626 1860 dies

236 1890 424 1929 crescenti
460 1889 662 1929 adversari
701 1890 888 1936 decrerit,
929 1889 1075 1928 medius
1114 1891 1215 1929 inter
1252 1891 1347 1929 duas
1385 1893 1517 1940 partes
1555 1900 1626 1927 nec

234 1969 405 2008 unquam
435 1955 586 1995 delictis
617 1956 784 1995 aliorum
813 1955 1035 2005 indulgens,
1076 1956 1190 1994 etiam
1221 1957 1255 1994 si
1285 1956 1325 1994 id
1354 1956 1413 1993 rei
1441 1954 1624 2006 publicae

235 2023 451 2063 conducere
479 2022 687 2063 videretur.
749 2022 873 2062 Genus
905 2021 1057 2061 dicendi
1086 2023 1167 2061 eius
1199 2022 1314 2074 quale
1345 2021 1479 2069 fuerit,
1517 2021 1625 2060 cuius

235 2091 375 2130 Cicero
400 2101 449 2128 ne
472 2101 609 2128 nomen
632 2088 784 2140 quidem
808 2089 847 2126 in
866 2093 1043 2127 oratores
1069 2089 1258 2136 retulerit,
1281 2089 1473 2140 suspicari
1496 2094 1623 2127 tamen

232 2156 339 2195 licet.
390 2156 529 2194 Totum
557 2157 655 2194 enim
679 2155 899 2194 Stoicorum
930 2155 1127 2194 sententiis
1155 2155 1481 2194 accommodatum
1513 2167 1623 2194 seve-

234 2236 318 2263 rum
348 2222 547 2274 aequabili
565 2211 736 2274 'quadam
757 2220 1023 2260 moderatione
1053 2226 1306 2273 temperatum
1337 2222 1385 2260 ab
1410 2222 1511 2260 omni
1535 2222 1623 2273 pla-

234 2290 345 2330 cendi
374 2289 628 2341 movendique
649 2288 848 2329 voluntate
878 2288 1046 2327 alienum
1070 2293 1174 2336 erat,
1202 2289 1268 2327 nni
1291 2289 1465 2329 veritatis
1487 2293 1624 2340 patro-

235 2357 337 2396 cinio
375 2357 542 2404 factum,
585 2356 915 2407 Areopagitarum
954 2355 1136 2394 tristitiae
1182 2368 1296 2407 quam
1331 2356 1410 2394 illis
1451 2355 1622 2394 moribus

234 2424 574 2463 accommodatius.
616 2424 722 2463 Raro
747 2422 900 2462 dicebat
921 2433 992 2461 nec
1016 2423 1091 2461 nisi
1120 2428 1281 2474 propter
1304 2434 1384 2463 rem
1406 2421 1621 2474 publicam:

234 2503 323 2529 num
353 2491 552 2542 scripserit
581 2492 786 2543 quicquam
816 2489 986 2529 dubitari
1011 2489 1102 2528 licet
1123 2487 1203 2540 (²³⁵).

326 2653 388 2697 94)
423 2654 495 2689 Cic.
520 2654 622 2690 Brut.
648 2655 710 2697 71,
733 2655 812 2689 ⁶250.
930 2653 990 2697 95)
1030 2652 1126 2689 Nam
1151 2654 1267 2689 Bruto
1300 2654 1384 2688 data
1415 2658 1495 2689 sunt
1527 2663 1619 2697 qnae

239 2711 401 2747 «licuntur
428 2723 449 2746 a
473 2711 647 2747 Cicerone
668 2711 772 2749 Brut.
798 2710 861 2753 31,
888 2710 961 2746 119.

1806 799 1808 810 -
1806 687 1809 754 —
1800 345 1814 646 ‘ww
1798 0 1814 344 ‚uz-m*
