1835 3126
272 227 391 274 212
794 220 1139 267 CICERONIS

385 331 583 375 XXXIV.
623 332 717 374 12⁵3.
756 332 800 375 Ρ.
830 334 993 389 Scipio,
1033 336 1102 389 qui
1138 341 1201 377 est
1239 335 1282 376 in
1308 333 1522 377 consulatu
1551 344 1663 376 mor-

273 419 385 462 tuus,
421 425 503 455 non
533 411 700 453 multum
730 410 801 451 ille
837 411 1001 465 quidem
1034 425 1112 453 nec
1142 424 1267 467 saepe
1299 413 1486 463 dicebat,
1518 413 1591 455 sed
1623 418 1662 453 et

274 488 425 532 Latine
465 489 687 552 loquendq
710 489 840 550 cuivis
871 494 960 530 erat
998 501 1073 544 par
1110 495 1150 530 et
1180 502 1321 531 omnes
1353 491 1442 541 sale
1479 492 1663 533 facetiis-

276 558 358 624 que
372 549 616 623 superabat.
671 565 771 608 Eius
799 566 966 620 collega
991 564 1040 607 L.
1064 565 1210 608 Bestia
1238 566 1359 608 bonis
1388 569 1516 609 initiis
1543 581 1662 610 orsus

274 646 506 688 tribunatus
538 647 652 698 (nam
681 644 726 687 P.
757 644 959 700 Popilium
989 645 1028 686 vi
1062 642 1107 685 C.
1138 643 1317 686 Gracchi
1347 644 1557 700 expulsum
1588 659 1665 687 sua

274 724 493 778 rogatione
524 725 740 776 restituit),
778 724 843 765 vir
872 729 912 765 et
942 736 1041 764 acer
1074 729 1113 764 et
1144 735 1228 764 non
1257 722 1498 772 indisertus,
1536 724 1666 764 tristis

276 803 409 844 exitus
453 800 597 844 habuit
637 800 890 844 consulatus.
948 814 1045 842 nam
1089 801 1299 843 invidiosa
1340 800 1435 855 lege
1475 799 1668 842 Mamilia

277 879 322 921 G.
352 878 531 922 Galbam
560 879 817 922 sacerdotem
848 885 887 921 et
917 886 1107 934 quattuor
1136 878 1379 921 consulares
1409 877 1456 919 L.
1481 877 1668 920 Bestiam

278 957 324 1000 C.
357 956 555 1000 Catonem
595 957 666 1014 Sp.
699 957 896 999 Albinum
933 958 1144 1012 civemque
1175 957 1587 1013 praestantissumum
1616 954 1665 997 L.

277 1034 482 1092 Opimium
506 1035 685 1078 Gracchi
716 1035 1020 1077 interfectorem
1051 1048 1077 1077 a
1104 1035 1256 1091 populo
1290 1034 1545 1085 absolutum,
1578 1047 1669 1076 cum

275 1115 313 1155 is
345 1121 490 1156 contra
518 1114 658 1169 populi
690 1113 866 1155 studium
898 1114 1102 1162 stetisset,
1144 1112 1380 1155 Gracchani
1409 1113 1568 1154 iudices
1600 1125 1669 1153 su-

276 1190 489 1234 stulerunt.
550 1190 645 1231 119.
689 1189 819 1231 Huius
852 1190 1069 1231 dissimilis
1107 1191 1150 1231 in
1179 1191 1388 1231 tribunatu
1426 1190 1668 1244 reliquaque

278 1270 387 1312 omni
410 1270 497 1311 vita
522 1269 625 1310 civis
657 1266 937 1324 improbus-C.
961 1265 1150 1309 Licinius
1172 1266 1312 1309 Nerva
1339 1281 1422 1309 non
1448 1267 1670 1309 indisertus

276 1347 364 1389 fuit.
425 1345 469 1388 C.
494 1345 679 1387 Fimbria
711 1345 963 1402 temporibus
993 1346 1127 1388 isdem
1158 1345 1265 1396 fere,
1300 1346 1374 1387 sed
1402 1346 1569 1399 longius
1599 1358 1672 1387 ae-

276 1431 359 1467 tate
388 1430 608 1481 provectus
637 1423 803 1465 habitus
828 1430 892 1465 est
922 1437 1047 1473 sane,
1078 1430 1120 1465 ut
1150 1425 1208 1465 ita
1234 1424 1391 1474 dicam,
1418 1423 1672 1465 truculentus

278 1515 404 1559 asper
438 1502 669 1544 maledicus
708 1515 863 1556 genere
892 1508 977 1544 toto
1014 1501 1139 1558 paulo
1171 1501 1371 1543 fervidior
1401 1508 1522 1556 atque
1559 1515 1672 1544 com-

278 1582 445 1632 motior,
478 1580 696 1634 diligentia
717 1586 857 1622 tamen
887 1586 926 1621 et
946 1581 1094 1622 virtute
1125 1581 1251 1621 animi
1281 1585 1400 1635 atque
1430 1581 1516 1621 vita
1537 1578 1671 1621 honus

279 1666 425 1702 auctor
453 1660 496 1700 in
526 1664 685 1701 senatu.
746 1657 855 1700 idem
885 1657 1120 1700 tolerabilis
1152 1664 1348 1714 patronus
1378 1671 1456 1700 nec
1484 1658 1598 1700 rudis
1629 1659 1673 1699 in

279 1740 368 1781 iure
394 1737 508 1780 civili
539 1743 579 1779 et
610 1750 701 1780 cum
722 1738 870 1778 virtute
900 1742 984 1778 tum
1008 1739 1132 1779 etiam
1163 1737 1253 1793 ipso
1286 1737 1486 1779 orationis
1516 1749 1671 1791 genere

367 1881 425 1908 128.
462 1881 615 1917 Mamilia]
636 1882 765 1908 Mamilia
784 1881 964 1916 [quaestioJ.

367 1927 424 1954 129.
461 1927 663 1962 truculentus]
685 1928 853 1955 luculentus
874 1930 1026 1961 patronus-

371 2050 540 2085 XXXIV.
591 2051 665 2084 128.
714 2053 755 2085 in
774 2050 991 2093 consulatu]
1020 2052 1060 2084 in
1081 2059 1149 2084 om.
1172 2049 1239 2084 Gn.
1263 2049 1290 2083 l.
1306 2067 1351 2073 -—
1375 2048 1596 2097 Popilium]
1622 2052 1673 2085 sic

281 2105 351 2151 Lg.
377 2105 431 2140 35.
457 2106 512 2140 39.
538 2105 592 2140 68.
620 2106 676 2140 ed.
701 2117 752 2151 pr.
778 2107 827 2140 ita
851 2116 943 2140 corr.
966 2105 1033 2150 Lg.
1055 2105 1111 2140 20.
1149 2105 1346 2152 papillam
1368 2106 1422 2141 58.
1448 2125 1495 2134 ·——
1529 2108 1672 2150 tristis]

281 2163 334 2195 sie
358 2161 423 2207 Lg.
452 2173 598 2205 omnes,
622 2161 713 2196 Ven.
738 2163 768 2197 l.
797 2161 877 2196 Vat.
903 2161 959 2196 ed.
981 2173 1035 2206 pr.
1063 2182 1102 2186 —
1143 2160 1348 2204 Mamilia]
1375 2174 1498 2197 omnes
1522 2163 1579 2196 hic
1603 2163 1673 2197 mei

281 2218 463 2253 munilia.
478 2236 525 2245 ν-
551 2219 753 2253 invidiosa
774 2218 855 2264 Ieye
872 2217 1014 2262 Mam]
1041 2218 1203 2263 plerique
1221 2218 1298 2251 libri
1318 2218 1453 2252 addunt
1474 2222 1674 2264 quaestio,-

281 2274 371 2308 illud
396 2279 457 2308 aut
484 2278 686 2319 questione
704 2273 771 2320 Lg.
789 2274 852 2309 26:
868 2273 922 2310 53.
945 2275 1000 2309 68.
1024 2274 1078 2310 70.
1128 2274 1239 2308 Addit
1258 2274 1397 2310 habita
1418 2275 1483 2320 Lg.
1502 2276 1578 2317 20..
1603 2286 1672 2311 om.

284 2333 462 2376 quaestio
481 2331 566 2366 Vat.
613 2331 735 2374 Hunc,
759 2337 797 2365 ut
817 2331 950 2364 dudum
967 2330 1124 2365 Ernesto
1143 2331 1295 2375 placuit,
1320 2332 1429 2376 plane
1451 2332 1585 2376 probo,
1608 2343 1676 2366 nec

284 2385 432 2432 Meyeri
456 2399 523 2422 nec
547 2387 782 2433 Bernhardyi
807 2387 967 2421 rationes
995 2387 1142 2421 defendi
1168 2399 1277 2432 posse
1303 2394 1441 2432 putans.
1489 2388 1554 2421 Ille
1581 2389 1674 2422 enim

284 2443 401 2477 verba
424 2443 473 2477 ita
497 2444 573 2479 vult
597 2444 786 2489 componi:
820 2455 916 2478 nam
942 2444 1138 2477 invidiosa
1165 2447 1395 2488 quaestione
1419 2445 1499 2489 leffe
1527 2443 1675 2479 Mami-

286 2498 362 2540 lia,
396 2499 454 2533 hic
484 2502 609 2535 nescio
635 2513 739 2546 quem
765 2500 959 2535 ablativum
987 2500 1188 2534 absolutum
1213 2499 1317 2546 fingit
1343 2512 1556 2546 comparans
1583 2513 1675 2546 quae

286 2560 363 2589 tota
387 2555 532 2591 diversa
557 2563 658 2600 sunt,
687 2559 1002 2604 proscriptione,
1042 2561 1217 2591 votorum
1242 2561 1552 2604 nuncupatione,
1591 2559 1674 2602 quin

286 2612 393 2646 etiam
420 2611 492 2647 hoc
509 2614 685 2661 populo,
715 2614 790 2649 hae
812 2615 1010 2649 contione!
1033 2633 1078 2638 -—
1115 2616 1319 2658 quattuor]
1347 2615 1399 2649 sic
1427 2614 1491 2660 Lg.
1514 2614 1547 2649 8.
1573 2614 1627 2648 51.

380 2690 456 2727 129.
506 2692 767 2734 truculentus,
798 2695 932 2741 asper]
963 2693 1046 2729 libri
1077 2700 1114 2729 et
1143 2694 1199 2729 ed.
1222 2705 1275 2739 pr.
1301 2693 1516 2730 luculentus
1533 2696 1674 2740 patro-

289 2755 381 2789 nus,
410 2758 536 2795 asper.
587 2748 757 2786 Correxit
780 2749 868 2786 Ern.
