1835 3126
493 220 747 264 BRUTUS
790 220 909 263 GAP.
941 223 1008 265 91.
1040 225 1107 266 92.
1397 226 1501 271 311

110 332 362 381 oratoribus,
392 331 634 387 quibuscum
657 333 886 376 exercebar
914 335 1016 390 ipsis
1039 334 1298 386 lubentibus3
1328 349 1497 391 quorum

107 418 196 454 erat
234 411 426 466 princeps
457 409 673 467 Menippus
705 410 1051 463 Stratonicensis,
1090 427 1181 456 meo
1219 413 1373 456 iudicio
1414 421 1498 457 tota

106 488 214 531 Asia
254 488 340 531 illis
377 490 629 546 temporibus
661 490 994 534 disertissumus:
1036 498 1096 541 et,
1136 494 1173 533 si
1208 490 1311 532 nihil
1340 490 1496 534 habere

105 566 386 611 molestiarum
418 581 495 610 nec
531 569 775 625 ineptiarum
805 570 1033 612 Atticorum
1065 576 1145 615 est.
1181 568 1248 612 hic
1279 576 1420 612 orator
1453 571 1493 611 in

104 645 190 688 illis
234 647 441 688 numerari
491 654 601 688 recte
644 654 790 703 potest.
867 648 962 690 316.
1007 647 1310 690 Assiduissime
1361 654 1494 690 autem

105 737 262 767 mecum
308 725 382 767 fuit
424 723 653 780 Dionysius
702 724 895 780 Magnes.
963 733 1052 768 erat
1094 728 1218 769 etiam
1254 725 1492 780 Aeschylus

51 849 60 858 ,
106 802 299 852 Cnidius,
337 803 660 858 Adramyttenus
696 802 922 847 Xenocles.
980 804 1023 846 hi
1061 811 1144 847 tum
1180 806 1223 846 in
1256 804 1364 846 Asia
1401 803 1495 846 rhe-

104 888 234 923 torum
288 883 494 937 principes
541 881 873 923 numerabantur.
949 881 1108 932 Quibus
1152 895 1236 924 non
1279 888 1494 923 contentus

103 958 290 1001 Rhodum
318 960 413 1001 veni
437 971 582 1013 meque
609 958 661 1000 ad
687 958 884 1007 eundem,
914 971 1033 1013 quem
1058 957 1215 1000 Romae
1242 958 1494 1007 audiveram,

103 1036 315 1080 Molonem
346 1036 573 1091 applicavi,
605 1048 696 1077 cum
728 1042 910 1078 actorem
937 1037 980 1077 in
1008 1037 1120 1078 veris
1152 1037 1292 1078 causis
1322 1036 1496 1091 scripto-

102 1127 268 1169 remque
297 1119 594 1169 praestantem,
624 1119 705 1155 tum
737 1114 780 1154 iu
808 1113 1002 1156 notandis
1034 1113 1493 1168 animadvertendiSquc

100 1194 211 1235 vitiis
243 1198 282 1234 et
311 1191 560 1233 instituendo
589 1191 857 1247 docendoque
887 1192 1272 1248 prudentissumum.
1318 1190 1358 1233 Is
1384 1191 1496 1233 dedit

102 1284 270 1328 operam
295 1271 352 1323 (si
382 1270 503 1312 modo
534 1269 576 1311 id
608 1271 808 1326 consequi
838 1272 1004 1326 potuit),
1034 1278 1077 1313 ut
1108 1273 1231 1312 nimis
1259 1269 1494 1312 redundan-

101 1351 154 1392 tis
184 1362 260 1392 nos
291 1355 330 1391 et
354 1347 640 1404 superfluentis
665 1348 836 1391 iuvenili
861 1349 1039 1404 quadam
1067 1349 1231 1392 dicendi
1256 1350 1494 1405 impunitate

104 1435 143 1470 et
172 1427 345 1470 licentia
370 1428 609 1483 reprimeret
639 1434 678 1469 et
702 1429 823 1483 quasi
849 1434 965 1470 extra
988 1429 1101 1484 ripas
1128 1427 1350 1469 diffluentis
1377 1439 1496 1468 coer-

104 1513 228 1549 ceret.
277 1505 338 1548 Ita
367 1507 506 1562 recepi
535 1519 598 1547 me
634 1505 802 1548 biennio
831 1513 923 1562 post
952 1519 1036 1549 non
1065 1506 1187 1549 modo
1219 1506 1495 1553 exercitatior,

104 1585 178 1628 sed
224 1597 350 1641 prope
395 1591 584 1626 mutatus
643 1597 740 1626 nam
784 1591 822 1626 et
870 1586 1076 1627 contentio
1114 1585 1243 1626 nimia
1274 1584 1390 1626 vocis
1429 1595 1496 1624 re-

103 1663 270 1706 sederat
307 1670 345 1704 et
376 1663 496 1718 quasi
526 1662 760 1705 deferverat
800 1663 956 1713 oratio,
993 1662 1276 1718 lateribusque
1311 1662 1422 1704 vires
1457 1666 1496 1702 et

104 1742 268 1798 corpori
298 1741 520 1784 mediocris
551 1741 717 1783 habitus
750 1747 1001 1783 accesserat.

217 1818 346 1862 XCII.
383 1820 478 1862 317.
514 1818 606 1862 Duo
646 1826 730 1860 tum
771 1817 1032 1860 excellebant
1073 1823 1284 1866 oratores,
1325 1817 1392 1871 qui
1432 1828 1495 1856 me

106 1898 291 1940 imitandi
317 1897 536 1954 cupiditate
560 1898 800 1946 incitarent,
826 1894 947 1938 Cotta
969 1902 1008 1938 et
1030 1894 1297 1938 Hortensius:
1326 1906 1494 1950 quorum

188 2030 249 2057 316.
286 2030 434 2056 resederat
453 2044 486 2049 -
505 2029 685 2064 deferverat]
707 2030 853 2055 reciderat
871 2043 905 2047 —
923 2028 1098 2055 referverat.

104 2144 161 2178 ed.
189 2155 241 2188 pr.
271 2162 315 2167 —
354 2142 630 2186 redundantis]
664 2143 734 2176 hoc
771 2148 807 2176 et
840 2141 1114 2187 superfluentis
1152 2141 1258 2174 etiam
1289 2139 1366 2172 sine
1399 2139 1500 2172 libris

106 2200 208 2241 dedi,
243 2199 326 2244 qnia
358 2199 499 2233 unicum
534 2200 570 2232 in
601 2198 730 2232 Bruto.
788 2197 958 2232 Ceterum
989 2196 1280 2241 suprafluentes
1314 2194 1380 2229 Gn.
1409 2194 1439 2228 l.
1462 2194 1497 2229 2.

108 2255 174 2301 Lg.
191 2256 224 2289 8.
241 2255 296 2289 ⁶20.
317 2255 490 2298 (divisim)
511 2254 565 2288 51.
586 2254 641 2288 68.
677 2252 985 2300 snpraffluentes
1010 2251 1064 2285 ed.
1084 2263 1137 2295 pr.
1188 2250 1272 2286 sch.
1298 2261 1365 2295 pro
1391 2251 1500 2284 inter-

106 2312 311 2358 pretatione
339 2310 438 2345 vocis
464 2310 716 2355 praecedentis
748 2309 876 2348 habet3
913 2319 980 2342 nec
1010 2308 1191 2353 improbat
1217 2307 1287 2341 hoc
1313 2304 1429 2341 Oretl.
1455 2326 1500 2330 —

109 2367 346 2414 diffluentis]
373 2367 423 2400 sic
439 2365 503 2411 Lg.
523 2366 577 2401 ⁶20.
599 2366 651 2400 35.
669 2365 723 2401 39.
741 2367 796 2401 53.
813 2364 868 2400 63.
896 2364 986 2399 Ven.
1009 2364 1035 2398 l.
1062 2364 1118 2398 ed.
1134 2375 1187 2410 pr.
1226 2362 1431 2409 diffluenti
1444 2388 1452 2396 .
1468 2388 1475 2395 .
1491 2388 1500 2397 .

107 2423 174 2470 Lg.
193 2424 226 2458 S.
248 2424 325 2458 sine
344 2423 474 2457 lacuna
489 2422 543 2458 51.
563 2423 617 2458 56.
636 2421 690 2458 58.
717 2420 792 2458 Ott.
834 2422 1046 2468 defluentes
1066 2420 1159 2455 Ven.
1179 2420 1212 2456 2.
1249 2419 1501 2466 diffluentem

109 2478 268 2515 Orellius
292 2480 446 2520 mavum
472 2480 571 2524 quasi
595 2479 672 2523 quis
696 2481 810 2525 ripas
835 2478 1060 2524 diffluentes
1083 2477 1265 2512 iuncturus
1289 2477 1345 2510 sit.
1371 2495 1416 2500 -
1443 2486 1501 2508 re-

109 2537 282 2580 sederat]
316 2537 368 2570 sic
394 2535 539 2576 Lamb.;
576 2535 658 2569 libri
688 2536 909 2575 reciderat,
945 2534 1043 2579 quod
1066 2534 1118 2569 sic
1146 2544 1219 2568 non
1247 2532 1394 2566 videtur
1418 2531 1498 2566 dici.

110 2593 308 2628 res-iderat
333 2591 448 2627 Orell.
473 2612 518 2616 —
554 2590 791 2636 deferverat]
823 2593 875 2626 sic
899 2591 1032 2636 primus
1057 2590 1191 2631 Aldus3
1226 2599 1296 2623 nec
1320 2587 1431 2622 credo
1463 2587 1500 2621 in

111 2649 195 2684 Par.
218 2649 263 2683 D.
296 2649 460 2693 reperiri.
505 2647 570 2693 Lg.
596 2649 707 2691 enim,
733 2648 883 2691 Veneti,
908 2647 1084 2689 Romani,
1113 2645 1268 2680 Gudiani
1292 2654 1419 2678 omnes
1442 2654 1501 2676 re-

109 2705 310 2750 ferverat;
335 2706 370 2739 in
393 2704 483 2740 Ven.
511 2705 540 2738 l.
565 2716 676 2750 supra
698 2717 720 2740 v
746 2706 919 2751 scriptum
944 2703 989 2744 ὂ,-
1020 2701 1267 2748 refer-haemi
1290 2700 1347 2735 ed.
1375 2710 1430 2746 pr.
1455 2717 1500 2724 ·—

115 2762 288 2808 corpori]
314 2763 381 2804 sic,
409 2767 446 2797 ut
470 2761 577 2804 Ern.‚
601 2761 717 2798 Gu.1.
743 2759 818 2797 Ott.
869 2761 1011 2803 Ceteri,
1037 2766 1074 2795 ut
1097 2760 1229 2807 vulgo,
1257 2758 1447 2805 corporis.
