1835 3126
260 167 343 212 64
472 160 666 205 BREVIS
699 158 1092 212 ELOQUENTIAE
1123 159 1259 203 ROM.
1291 159 1435 203 HIST.

260 277 548 318 abhorrentium
578 274 842 313 dissimulasse
877 275 1055 315 videatur
1075 273 1163 326 (⁸5):
1202 275 1269 314 sed
1301 275 1365 326 qui
1393 275 1582 314 rationem
1614 279 1650 313 et

261 343 462 384 consilium
486 354 617 381 eorum
642 341 831 380 librorum
857 342 1076 380 accuratius
1102 342 1396 394 introspexerit,
1428 354 1507 381 rem
1533 342 1650 394 plane

261 412 379 450 aliam
409 421 493 448 esse
523 408 731 458 intelliget.
789 408 886 446 Erat
918 409 1016 447 enim
1045 409 1140 458 hoc,
1175 414 1217 448 ut
1247 409 1444 460 colloquio
1478 408 1525 447 ad
1556 408 1650 448 Pla-

260 478 429 517 tonicam
473 477 664 515 rationem
710 475 883 514 instituto
934 474 1029 514 duas
1076 475 1292 514 contrarias
1340 475 1386 514 de
1428 474 1652 526 eloquentia

261 545 488 590 sententias,
522 547 672 581 essetne
694 542 767 580 illa
793 553 857 580 ars
882 553 931 579 an
954 554 1046 580 usus
1071 541 1226 593 quidam
1250 542 1344 580 artis
1371 554 1522 594 expers,
1552 542 1654 581 inter

261 623 302 650 se
339 614 595 662 compararet.
652 608 696 647 Id
733 614 775 647 ut
805 608 1049 658 elegantiore
1080 607 1246 659 quadam
1287 609 1416 658 specie
1446 614 1652 659 praetexe-

261 683 388 726 retur,
425 677 579 729 utrique
618 676 830 714 sententiae
861 679 1039 714 oratores
1077 680 1165 713 ante
1203 686 1312 713 suam
1342 679 1507 713 aetatem
1536 686 1652 726 prae-

263 745 518 785 stantissimos
551 742 754 796 praefecit.
815 743 961 782 Horum
992 741 1156 782 Crassus
1190 741 1390 782 Ciceronis
1429 741 1655 780 sententiam

263 811 433 852 defendit
463 816 658 850 oratorem
684 821 768 848 esse
799 821 875 848 non
898 821 1035 860 posse,
1067 809 1141 847 nisi
1172 809 1238 860 qui
1263 809 1428 847 omnium
1453 808 1655 847 literarum

265 880 447 918 ambitum
486 877 611 917 studio
648 888 716 915 suo
752 888 926 915 emensus
957 875 1141 927 quicquid
1170 875 1360 914 bonarum
1392 875 1531 914 artium
1563 875 1656 914 sciri

262 951 397 999 posset
435 950 558 984 mente
599 943 939 995 complecteretur:
977 955 1078 994 quae
1109 943 1299 981 sententia
1336 947 1413 981 tum
1445 941 1549 993 apud
1575 941 1657 981 Ro-

264 1024 398 1052 manos
439 1024 541 1051 nova
581 1015 664 1050 erat
709 1009 870 1049 necdum
909 1022 982 1048 usu
1024 1014 1196 1060 recepta.
1253 1008 1428 1048 Alteram
1467 1008 1657 1047 Antonius

264 1084 411 1127 tuetur,
455 1083 650 1117 oratorem
688 1089 765 1116 non
804 1076 907 1124 fieri,
950 1075 1018 1114 sed
1055 1076 1184 1122 nasci;
1230 1075 1365 1114 literas
1406 1074 1538 1122 utiles,
1581 1086 1657 1114 non

264 1145 533 1185 necessarias:
580 1156 694 1196 quam
734 1143 873 1182 artium
915 1142 1210 1182 iutHcandarum
1244 1142 1434 1181 rationem
1472 1142 1658 1181 Romanis

266 1213 475 1264 antiquitus
499 1211 696 1263 placuisse
724 1211 875 1249 scimus.
925 1209 1038 1258 Quod
1068 1210 1100 1248 si
1124 1209 1330 1249 Antonium
1362 1208 1659 1248 eruditissimum

265 1280 406 1327 fuisse,
446 1278 514 1318 sed
551 1277 777 1317 eruditionis
818 1288 912 1315 suae
949 1276 1275 1327 dissimulatorem
1306 1276 1442 1316 Cicero
1480 1276 1659 1324 affirmat,

265 1346 409 1384 factum
447 1356 494 1383 ea
525 1345 572 1384 de
603 1356 722 1384 causa
757 1349 832 1392 est,
875 1354 923 1382 ne
953 1343 1070 1394 plane
1099 1343 1276 1395 imperito
1308 1343 1452 1382 homini
1483 1343 1659 1395 partibus

265 1412 305 1450 in
331 1411 530 1462 colloquio
560 1411 784 1462 praecipuis
811 1410 1023 1459 assignatis
1052 1409 1121 1447 ille
1152 1414 1188 1447 et
1218 1421 1263 1448 eo
1292 1420 1448 1447 munere
1477 1408 1659 1458 indignus

267 1483 304 1517 et
341 1477 484 1516 iniuria
520 1489 685 1515 summus
718 1481 853 1515 orator
881 1476 1035 1514 habitus
1065 1474 1263 1515 videretur
1289 1472 1371 1526 (⁸⁶).
1430 1475 1480 1515 Et
1509 1475 1596 1514 hinc
1625 1480 1662 1514 et

266 1545 342 1596 ipsi
369 1543 414 1583 de
437 1544 605 1583 Antonio
637 1548 742 1583 recte
772 1542 948 1582 iudicare
973 1541 1162 1581 discemus
1190 1547 1227 1581 et
1252 1542 1452 1583 Ciceronis
1479 1542 1661 1581 iudicium

266 1616 372 1650 recte
411 1610 686 1661 intelligemus.
745 1610 834 1649 Fuit
874 1610 972 1649 enim
1009 1609 1198 1648 Antonius
1242 1614 1382 1648 natura
1421 1620 1584 1660 magnus
1624 1613 1662 1648 et

268 1676 509 1716 admirabilis
547 1683 700 1725 orator,
749 1676 817 1715 sed
854 1676 951 1715 nihil
989 1675 1196 1724 didicerat,
1240 1676 1316 1715 nisi
1352 1688 1450 1724 usu;
1494 1675 1661 1715 literatis

268 1743 514 1782 auscultabat
552 1756 628 1782 non
663 1748 824 1795 propter
863 1741 1133 1781 necessitatem
1164 1743 1353 1791 discendi,
1393 1742 1461 1782 sed
1497 1747 1538 1782 ut
1575 1753 1661 1782 sese

270 1810 511 1858 oblectaret3
563 1810 690 1849 sorum
732 1808 864 1848 ludum
906 1809 1178 1856 existimabat,
1231 1810 1270 1847 in
1316 1821 1392 1860 quo
1440 1808 1661 1848 discendum

269 1882 370 1916 esset
397 1874 481 1928 (⁸⁷).
540 1877 646 1915 Haec
676 1877 710 1915 si
740 1876 996 1923 tenuerimus,
1030 1876 1229 1915 Ciceronis
1264 1876 1303 1914 in
1326 1876 1447 1915 Bruto
1478 1875 1661 1915 iudicium

270 1948 474 1995 sequentes
507 1944 601 1982 satis
634 1943 845 1982 honorifice
876 1942 922 1982 de
943 1943 1110 1982 Antonio
1143 1942 1446 1981 existimabimus
1465 1939 1547 1993 (⁸3).
1597 1942 1661 1981 In-

269 2011 448 2051 ventione
480 2010 615 2050 ordine
654 2010 875 2062 partitionis
915 2015 952 2049 et
982 2009 1308 2062 disponendorum
1347 2015 1661 2060 argumentorum

267 2078 509 2117 vehementia
551 2077 846 2116 commiserandi
891 2078 1043 2116 actione
1083 2076 1249 2127 denique
1294 2082 1386 2129 apta
1427 2081 1463 2115 et
1501 2076 1661 2116 affectus

269 2143 495 2195 plenissima
526 2155 655 2183 omnes
690 2154 783 2182 suae
806 2144 944 2182 aetatis
977 2148 1154 2182 oratores
1186 2144 1408 2194 superabat.
1457 2142 1535 2182 Sed
1564 2144 1661 2183 haec

267 2211 373 2249 bona
411 2211 536 2261 magis
576 2209 799 2249 iudicialem
843 2216 1038 2249 oratorem
1080 2209 1315 2248 adiuvabant
1353 2221 1443 2249 reos
1488 2211 1661 2261 quamvis

270 2277 407 2316 noxios
450 2277 712 2329 qualicunque
749 2277 901 2317 ratione
946 2290 971 2315 a
1007 2276 1252 2315 damnatione
1296 2277 1398 2316 tueri
1436 2278 1661 2329 cupientem,

271 2354 385 2394 quam
408 2344 531 2383 virum
560 2345 599 2382 in
624 2356 668 2383 re
690 2343 849 2397 publica
877 2342 1051 2394 gerenda
1075 2354 1255 2393 magnum
1286 2348 1322 2382 et
1345 2355 1429 2383 cum
1453 2344 1660 2384 suadendis

362 2461 421 2504 85)
447 2461 519 2496 Cic.
541 2463 585 2496 de
603 2461 667 2497 Or.
690 2463 731 2498 11.
757 2464 796 2505 l,
817 2464 849 2499 4.
877 2462 940 2505 36,
960 2463 1034 2497 153.
1153 2462 1212 2505 86)
1237 2462 1321 2497 Non
1349 2463 1560 2497 adversatur
1579 2463 1662 2498 huic

271 2519 493 2560 sententiae,
520 2520 616 2562 quod
639 2520 836 2564 Sulpicium
861 2525 897 2553 et
921 2519 1033 2565 ipsum
1053 2518 1266 2554 Ciceronem
1294 2519 1338 2553 de
1362 2520 1468 2554 rebus
1494 2521 1662 2555 oratoriis

272 2574 456 2608 edocuisse
482 2574 608 2609 dicitnr
633 2576 677 2610 de
700 2575 764 2611 Or.
784 2576 827 2610 11.
851 2578 889 2618 l,
912 2575 943 2609 3.
982 2575 1007 2609 l.
1031 2575 1093 2617 21,
1114 2575 1189 2616 923
1219 2581 1296 2609 erat
1321 2577 1412 2610 enim
1440 2577 1563 2622 periti,
1588 2587 1661 2610 non

272 2630 416 2666 literati.
533 2631 592 2674 87)
619 2632 690 2667 Cic.
718 2633 762 2667 de
790 2631 854 2669 Or.
884 2632 910 2667 Ι.
936 2632 1002 2675 21,
1027 2631 1082 2667 89.
1204 2630 1263 2675 88)
1290 2632 1362 2667 Cic.
1388 2632 1493 2668 Brut.
1518 2633 1561 2667 37
1581 2643 1661 2677 sqq.

272 2684 315 2721 es.
341 2687 386 2721 (le
411 2685 476 2724 Or.
503 2687 561 2722 lli.
586 2688 627 2731 9,
652 2688 703 2722 32.
