1835 3126
275 225 403 278 446
435 229 555 274 IND.
575 228 624 271 11.
657 227 874 271 RERUM
899 228 962 271 IN
987 229 1666 277 COMM.CR1T.TRACTT.

279 348 361 388 post
388 341 519 383 Quid?
546 340 729 385 quomodo
752 340 1040 386 distinguendum
1066 341 1141 376 192.

280 398 490 440 Quinctius
516 408 562 431 an
590 395 774 438 Quintius
796 397 1021 431 scribendum
1048 397 1121 431 157.

281 454 428 496 Quoius
453 456 546 499 quoi
568 464 684 498 quom
707 453 908 499 scripturae
934 458 1111 498 quatenus
1135 454 1376 490 admittendae
1402 456 1456 490 35.

277 598 309 635 S
333 600 460 634 elisum
484 600 538 634 58.

277 655 505 691 Salubritas
530 658 563 690 &
589 657 743 690 sanitas
767 655 887 690 iuncta
910 656 964 692 51.

279 713 452 758 Smyrna
480 719 516 748 et
543 713 718 758 Zmyrna
742 713 942 757 scripturae
966 712 1023 747 85.

279 769 465 816 Spatium
493 769 710 815 explicatum
734 768 812 803 307.

277 825 468 864 Studium
493 828 526 862 ὃς
549 825 725 862 stadium
751 824 904 860 confusa
927 825 1005 861 230.

281 972 503 1018 Tamquam
527 977 562 1007 et
586 976 777 1017 tanquam
799 972 1003 1018 scripturae
1027 971 1205 1007 iudicatae
1229 971 1261 1007 8.

280 1029 541 1064 Tarsumenus
563 1029 663 1063 lacus
687 1029 742 1062 57.

280 1086 422 1121 Terror
449 1083 609 1130 δεινότης
635 1084 804 1134 ῥητορική
827 1084 906 1120 268.
932 1105 976 1110 -
1012 1089 1141 1120 terror
1163 1087 1196 1120 8:
1221 1096 1332 1120 error
1357 1084 1506 1121 confusa
1531 1086 1562 1119 7.

289 1228 499 1270 Valetudo,
523 1239 597 1263 non
622 1228 802 1263 valitudo
830 1229 1058 1263 scribendum
1085 1228 1138 1262 12.

289 1286 402 1321 Verto
431 1291 467 1320 et
492 1289 623 1325 υονίο,
650 1295 781 1320 versus
806 1289 843 1318 et
865 1295 1003 1319 vorsus
1030 1284 1106 1318 172.

288 1343 335 1377 Vi
358 1347 394 1377 et
418 1344 460 1377 iu
488 1342 524 1376 in
548 1341 649 1376 libris
673 1352 745 1376 non
770 1352 880 1387 posse
904 1341 1073 1387 distingui
1098 1340 1176 1375 331.

288 1398 492 1434 Viriathus
519 1410 585 1444 per
610 1397 654 1432 th.
677 1397 907 1433 scribendum
929 1409 1010 1433 esse
1033 1398 1090 1432 84.

288 1455 347 1492 Vu
372 1461 408 1491 et
432 1467 478 1491 vo
504 1456 541 1491 in
564 1455 701 1502 vulqus
723 1457 756 1490 &
778 1454 956 1490 similibus
982 1454 1056 1490 185.
1083 1453 1159 1490 189.
1184 1452 1258 1489 191.
1286 1453 1361 1489 198.

279 1602 454 1649 Zmyrna
482 1607 518 1638 et
544 1600 718 1649 Smyrna
742 1601 942 1649 scripturae
967 1600 1024 1636 85.
