1835 3126
272 232 388 286 412
693 234 1232 282 EXPLICATIONES

272 364 349 404 quo
389 349 586 390 contiones
627 349 749 388 omnis
794 349 833 388 in
871 349 1032 389 dicendo
1074 352 1279 401 gravitatis
1317 358 1354 392 et
1394 352 1658 394 vehementiae

271 429 434 470 capaces
465 415 654 455 dicuntur.

387 485 451 523 Gn.
476 482 669 531 Lentulus]
703 482 837 521 consul
867 494 902 521 a.
929 482 1012 522 698
1042 483 1311 522 auctoritatem
1332 483 1507 535 Pompeii
1534 484 1657 523 immi-

270 562 391 590 nuere
417 548 611 597 studebat;
634 548 818 588 laudatur
841 548 881 588 id
906 550 1068 600 egregie
1092 561 1116 588 a
1133 549 1321 590 Cicerone
1345 549 1395 588 ad
1412 549 1457 598 Q.
1474 550 1538 591 Fr.
1554 551 1601 590 ΙΙ.
1618 552 1656 590 6.

385 618 423 653 C.
455 616 672 665 stlemmius]
704 629 739 656 v.
770 616 952 668 prolegg.
985 616 1019 669 ξ.
1050 618 1118 656 49.
1511 658 1516 664 ,

379 683 522 723 LXXI.
582 683 676 747 248¹.
734 684 932 732 Marcello]
973 684 1031 723 M.
1060 682 1246 722 Claudius
1276 682 1493 722 Marcellus
1525 684 1660 722 consul

271 764 306 790 a.
332 752 426 791 703.
488 749 699 790 Caesarem
731 750 905 800 graviter
935 750 1187 802 oppugnavit.
1245 749 1288 789 Id
1319 750 1417 788 enim
1448 750 1592 800 agebat
1620 750 1659 788 in

268 818 402 870 primis
440 818 479 856 in
515 816 707 856 relatione
745 816 792 856 de
828 818 1062 869 provinciis,
1101 822 1144 856 ut
1174 816 1337 856 Caesari
1367 822 1454 855 ante
1486 822 1659 855 exactum

270 885 435 924 alterum
461 884 760 936 quinquennium
784 884 1073 932 succederetur,
1106 884 1276 922 absentis
1300 884 1401 923 rati⁰
1432 884 1471 922 in
1495 884 1659 923 comitiis

269 964 317 991 ne
352 952 584 998 haberetur,
625 956 712 989 acta
753 952 835 990 eius
876 963 924 991 ex
952 956 1064 1003 parte
1093 950 1416 990 rescinderentur.
1472 951 1688 1002 Pompeio‘

267 1019 368 1059 victo
405 1031 429 1057 a
459 1018 644 1057 societate
667 1017 780 1065 belli,
820 1018 923 1069 quod
953 1029 1140 1069 perverse
1169 1019 1255 1068 geri
1283 1017 1460 1065 videbat,
1497 1017 1660 1058 recessit

269 1086 453 1136 degitque
482 1085 521 1123 in
552 1084 691 1123 exsilio
721 1084 942 1124 voluntario
971 1085 1173 1136 Mytilenis
1204 1085 1260 1139 (ξ.
1292 1084 1394 1135 250)
1423 1085 1501 1132 ita,
1541 1089 1582 1124 ut
1612 1083 1659 1123 de

266 1151 510 1190 restitutione
539 1163 610 1188 sua
638 1162 715 1189 non
745 1151 902 1190 multum
931 1151 1153 1199 laboraret3
1184 1164 1254 1190 nec
1284 1152 1463 1192 Ciceroni
1492 1151 1659 1202 aliisque

267 1218 398 1270 paruit
439 1216 488 1255 ad
520 1216 703 1256 Caesaris
744 1217 912 1266 gratiam
941 1217 1203 1268 quaerendam
1233 1229 1316 1256 cum
1346 1218 1657 1257 sollicitantibus.

267 1284 445 1336 Denique
474 1283 559 1334 ipse
590 1281 738 1322 Caesar
762 1282 1022 1322 intercedente
1052 1288 1189 1322 senatu
1219 1295 1304 1322 eum
1333 1284 1514 1322 restituit:
1544 1285 1658 1323 Mar-

268 1352 390 1391 cellus
429 1355 554 1389 autem
594 1350 709 1388 etiam
745 1354 823 1388 tum
853 1349 983 1388 redire
1013 1355 1211 1389 cunctatus
1240 1350 1399 1389 Athenis
1435 1350 1659 1390 interfectus

269 1423 327 1458 est
368 1431 392 1456 a
428 1417 567 1456 cliente
607 1416 791 1468 quodam:
829 1430 865 1458 v.
903 1417 1114 1456 Drnmann.
1144 1417 1190 1456 H.
1222 1417 1268 1456 R.
1298 1417 1376 1457 vol.
1406 1416 1452 1456 ΙΙ.
1491 1430 1529 1469 p.
1563 1419 1655 1457 393.

268 1485 406 1526 Cicero
445 1484 714 1523 familiaritate
753 1489 790 1523 et
824 1483 1037 1523 studiorum
1076 1483 1325 1523 similitudine
1365 1496 1449 1523 eum
1490 1485 1564 1523 sihi
1591 1484 1658 1524 de-

266 1552 542 1592 vinctissimum
564 1551 715 1590 habuit:
739 1564 774 1592 v.
799 1551 848 1590 ad
871 1551 959 1592 Div.
976 1552 1060 1593 XV.
1077 1553 1115 1591 9.
1159 1551 1266 1591 Haec
1288 1551 1477 1604 pleraque
1492 1551 1658 1595 Wolfius

266 1620 306 1658 in
334 1618 648 1659 Marcellianam'.

380 1686 513 1735 abfuit]
541 1697 614 1738 pro
638 1690 822 1738 praetore
849 1698 884 1724 a.
901 1686 985 1725 694
1007 1685 1261 1734 Lusitaniam,
1285 1684 1422 1725 deinde
1445 1685 1493 1724 ab
1520 1698 1555 1725 a.
1574 1687 1658 1726 696

269 1752 318 1793 ad
348 1754 431 1792 704
461 1765 532 1804 pro
564 1752 722 1792 consule
755 1753 923 1793 Galliam
953 1753 1067 1792 rexit.

379 1820 475 1858 249.
533 1820 657 1867 velim]
685 1820 794 1861 codd.
815 1820 884 1861 Gu.
908 1822 942 1859 1.
961 1823 998 1859 2.
1024 1820 1257 1872 scripturam
1275 1821 1403 1857 vellem
1422 1819 1518 1858 miro
1536 1831 1656 1869 argu—

267 1890 392 1925 mento
424 1885 594 1924 defendit
622 1885 746 1924 Hand.
777 1887 817 1924 in
847 1886 978 1937 Wopt.
1003 1887 1125 1926 Lectt.
1156 1886 1259 1925 Tuil.
1290 1899 1327 1938 p.
1363 1887 1457 1926 268.
1519 1887 1657 1923 Vellem

267 1953 300 1991 si
336 1952 497 1990 dixisset
534 1952 699 2000 Brutus,
744 1953 861 1991 sciret
898 1964 975 1991 non
1014 1952 1195 2004 placere}
1242 1958 1281 1992 at
1317 1953 1355 1991 id
1394 1965 1518 2004 neque
1556 1953 1657 1991 scire

266 2019 390 2071 potuit
421 2023 458 2056 et
487 2019 614 2057 statim
644 2020 880 2057 contrarium
912 2018 1003 2057 dicit
1034 2019 1187 2059 Cicero.

379 2084 520 2133 ἀὶᾱέσὶι]
562 2088 704 2131 artem,
741 2097 855 2136 quam
895 2096 966 2124 nos
996 2096 1178 2124 vocamus
1212 2085 1378 2122 Theorte.
1437 2084 1655 2135 Aliquoties

265 2153 304 2191 in
330 2156 465 2190 tenore
489 2150 657 2189 eiusdem
682 2151 894 2190 sententiae
916 2151 971 2190 ita
994 2151 1146 2190 locutus
1169 2150 1307 2190 Cicero
1331 2150 1377 2189 de
1402 2151 1468 2190 Or.
1491 2150 1537 2189 ΙΙ.
1557 2153 1590 2198 l,
1614 2152 1654 2192 4.

378 2218 472 2257 250.
530 2218 606 2255 vidi
639 2221 734 2255 enim
764 2217 972 2267 Myttlsmoets]
1010 2218 1121 2257 Bruti
1165 2217 1347 2256 iudicium
1384 2217 1431 2256 de
1458 2218 1655 2257 Marcello

264 2297 341 2324 non
372 2284 560 2324 Cicerone
591 2284 675 2324 solo
706 2290 804 2324 teste
833 2290 1001 2332 constat,
1034 2284 1101 2323 sed
1129 2285 1216 2336 ipsa
1246 2285 1326 2324 eius
1357 2285 1479 2324 verba
1500 2290 1657 2324 servata

265 2357 353 2391 sunt
392 2364 416 2389 a
446 2351 598 2390 Seneca
635 2352 782 2392 consol.
822 2352 871 2391 ad
902 2352 1012 2392 Helv.
1045 2354 1083 2391 9.
1115 2364 1198 2403 pr.,
1240 2352 1347 2391 cuius
1386 2351 1653 2391 auctoritatem

266 2419 431 2458 advocat
457 2418 662 2468 Meyerus:
706 2422 846 2456 Brutus
885 2422 925 2456 ‘in
955 2433 995 2457 eo
1026 2419 1139 2463 ltbro,
1180 2432 1285 2468 quem
1318 2419 1361 2456 de
1389 2422 1523 2456 virtute
1552 2432 1653 2456 com—

263 2488 409 2535 posuit,
441 2488 494 2522 ait
522 2498 562 2521 se
590 2485 727 2522 vidisse
750 2487 977 2523 Marcellum
999 2486 1193 2531 Mytilenis
1220 2486 1453 2522 exsulantem
1474 2490 1508 2522 et
1530 2498 1652 2534 quan-

263 2557 341 2588 tum
370 2552 478 2589 modo
508 2557 648 2588 natura
678 2552 838 2589 hominis
866 2558 1056 2602 pateretur
1087 2552 1294 2589 beatissime
1322 2555 1503 2589 viventem
1538 2565 1653 2602 neque

263 2631 426 2668 cinquant
457 2618 637 2655 bonarum
667 2621 806 2655 artium
836 2619 1079 2669 cupidiorem,
1112 2632 1224 2667 quam
1255 2619 1319 2655 ttlo
1350 2625 1521 2668 tempore.

379 2685 569 2734 Cratippo]
601 2685 883 2737 Peripatetico,
907 2685 957 2724 ad
981 2697 1091 2736 quem
1117 2685 1347 2724 audiendum
1371 2685 1508 2725 Cicero
1531 2683 1650 2723 filium

263 2751 433 2790 Athenas
463 2751 641 2792 miserat:
671 2765 706 2795 v.
736 2752 1014 2794 Divers.XV1.
1041 2754 1105 2792 21.
1139 2756 1176 2791 et
1206 2753 1434 2804 principium
1462 2752 1649 2791 librorum
