1835 3126
364 162 560 205 BREVlS
591 160 986 214 ELOQUENTIAE
1018 161 1152 205 ROM.
1184 161 1327 206 HIST.
1454 167 1539 211 39

260 275 456 326 Quaestor
490 276 534 317 C.
566 275 695 316 Carbo
727 288 763 315 a.
795 276 879 316 618
913 275 1088 316 tribunus
1118 276 1244 328 plebis
1275 278 1347 317 suit
1377 290 1412 318 a.
1444 279 1540 327 623,

145 342 185 380 in
229 354 305 394 quo
350 343 582 393 magistratu
624 342 752 393 legem
796 341 1044 382 tabellariam
1088 345 1240 382 tertiam
1278 345 1456 397 pertulit,
1498 350 1542 386 ut

143 408 254 458 leges
284 409 441 448 tabellis
464 409 689 448 iuberentur
714 414 750 448 et
770 410 1064 461 antiquarentur
1082 407 1170 462 (⁸¹³);
1201 410 1407 451 seditiosus
1427 412 1540 453 Cice-

144 475 232 514 roni
272 475 413 523 dictus‚
453 475 555 526 quod
587 475 647 514 Ti.
682 476 848 516 Gracchi
877 477 1063 515 memoria
1094 489 1177 516 cum
1207 478 1322 527 gravi
1350 478 1540 517 nobilium

141 541 398 581 insectatione
436 541 642 593 deplorata
679 543 936 582 tumultuandi
974 543 1133 594 cupidos
1165 544 1203 582 in
1233 556 1313 583 rem
1342 544 1540 596 publicam

145 608 341 647 concitare
376 607 574 648 videretur
598 605 680 659 (⁴⁴).
740 609 916 649 Alteram
951 609 1096 660 legem,
1132 614 1175 648 ut
1203 610 1350 662 populo
1382 610 1539 650 eosdem

143 674 319 713 tribunos
351 675 502 726 quoties
524 675 644 715 vellet
664 674 825 715 reficere
847 675 1003 724 liceret,
1037 676 1348 715 dissuadentibus
1369 677 1413 716 P.
1429 677 1539 716 Afri-

144 752 242 780 cano
288 746 324 780 et
363 741 405 781 C.
441 742 581 782 Laelio
626 753 703 781 non
737 742 915 793 pertulit;
961 754 1062 792 quae
1097 754 1161 781 res
1197 743 1364 781 maxime
1400 742 1539 783 effecta

142 807 295 847 videtur
331 807 441 857 vulgi
477 808 762 846 existimatione
801 806 848 845 de
888 806 1081 846 Carbonis
1122 808 1226 846 mala
1260 807 1334 846 fide
1372 813 1409 846 et
1445 814 1539 848 nota

141 873 316 924 nequitia
333 869 413 922 (⁴⁵).
467 873 562 911 Post
589 876 815 924 praeturam
845 883 928 911 cum
959 872 1009 911 ad
1039 873 1258 912 contrarias
1288 878 1421 925 partes
1451 885 1539 914 sese

138 939 256 978 tacite
294 938 550 991 applicasset,
589 937 831 978 consulatum
860 938 992 988 'gessit
1028 951 1063 977 a.
1102 940 1186 979 634
1223 951 1385 990 magna,
1429 945 1536 992 puto,

139 1005 326 1044 nobilium
363 1004 646 1044 sollicitudine:
692 1009 777 1044 erat
812 1005 912 1044 enim
952 1018 1074 1044 annus
1109 1011 1200 1058 post
1237 1006 1281 1046 C.
1322 1006 1538 1046 Gracchum

138 1073 318 1112 occisum.
378 1072 452 1111 Ille
482 1076 610 1111 autem
640 1083 797 1111 causam
828 1073 1068 1123 optimatium
1099 1073 1303 1112 ambitiose
1334 1073 1536 1125 amplexus

138 1139 178 1176 in
208 1151 355 1178 summa
383 1138 530 1178 invidia
560 1137 732 1178 defendit
753 1138 798 1178 L.
821 1139 1012 1190 Opimium
1036 1139 1280 1179 consularem
1307 1140 1350 1180 C.
1370 1140 1536 1180 Gracchi

138 1204 426 1245 interfectorem
456 1211 493 1244 et
521 1206 704 1257 pervicit,
737 1211 776 1246 ut
800 1207 1071 1247 absolveretur
1088 1204 1169 1258 (⁴⁶).
1217 1206 1297 1246 Sed
1317 1218 1365 1245 ne
1388 1206 1536 1246 reditus

139 1271 294 1323 quidem
324 1272 371 1312 ad
402 1273 544 1320 bonos,
577 1285 689 1324 quem
722 1274 861 1314 Cicero
894 1275 986 1314 dicit
1009 1272 1099 1325 (⁴⁷),
1135 1274 1281 1314 homini
1310 1272 1534 1312 turbulento

139 1338 300 1378 salutem
332 1338 474 1379 afferre
502 1340 639 1392 potuit.
683 1341 819 1393 Neque
843 1343 943 1381 enim
972 1341 1104 1392 legum
1135 1347 1172 1380 et
1195 1340 1414 1380 contionum
1444 1352 1536 1379 sua-

136 1419 222 1446 rum
259 1419 384 1458 neque
412 1407 456 1446 P.
487 1407 666 1447 Africani
700 1409 807 1448 necis
844 1409 1068 1448 memoriam
1106 1409 1356 1459 exstinguere
1390 1409 1536 1461 potuit:

138 1473 205 1512 vix
244 1474 343 1512 enim
381 1474 615 1524 magistratu
645 1476 816 1523 abierat,
857 1487 941 1514 cum
981 1488 1004 1513 a
1032 1475 1078 1514 L.
1113 1475 1258 1515 Crasso
1288 1480 1367 1514 tum
1397 1475 1535 1514 adole-

138 1545 270 1578 scente
306 1540 346 1579 in
381 1539 565 1579 iudicium
596 1542 734 1593 capitis
763 1546 944 1589 vocatus,
984 1553 1068 1581 cuni
1098 1540 1363 1589 damnaretur,
1394 1541 1533 1581 volun-

137 1606 278 1645 tariam
308 1612 468 1646 mortem
498 1608 659 1659 sumpsit
675 1605 758 1660 (43).

256 1671 387 1713 Carbo
426 1685 510 1712 cum
545 1674 693 1724 ingenii
730 1675 905 1713 bonitate
942 1678 1182 1726 praestaret,
1222 1675 1295 1713 etsi
1330 1675 1534 1716 literarum

141 1740 293 1779 minime
329 1752 475 1790 gnarus
504 1740 626 1779 fuisse
655 1740 848 1791 putandus
881 1745 956 1787 est,
996 1741 1062 1792 qui
1091 1752 1139 1779 ne
1168 1740 1279 1791 leges
1310 1741 1465 1792 quidem
1496 1747 1535 1782 et

139 1807 328 1845 maiorum
369 1806 545 1844 instituta
592 1806 687 1844 satis
722 1811 871 1845 teneret
895 1803 985 1857 (49),
1031 1812 1159 1846 tamen
1194 1807 1327 1847 audito
1367 1809 1534 1849 maxime

135 1872 194 1911 M.
217 1872 387 1911 Porcina
417 1872 537 1911 multa
568 1873 847 1912 exercitatione
876 1872 1048 1912 firmatus
1078 1879 1242 1926 propter
1269 1875 1533 1915 vehementem

137 1943 174 1978 et
203 1949 388 1978 canoram
419 1940 633 1979 orationem
666 1944 702 1978 et
724 1939 993 1978 admirabilem
1017 1941 1233 1979 animorum
1255 1942 1532 1982 movendorum

136 2010 259 2044 artem
288 2017 453 2056 magnus
483 2012 620 2047 orator
647 2006 803 2047 habitus
835 2011 892 2046 est
907 2003 992 2057 (5⁰).
1042 2006 1122 2048 Sed
1150 2007 1263 2046 unius
1294 2007 1531 2049 defensionis

228 2125 290 2168 43)
326 2126 398 2161 Cic.
426 2124 538 2172 Legg.
565 2126 622 2161 111.
652 2126 715 2169 16,
747 2126 802 2160 35.
918 2128 977 2170 44)
1016 2127 1088 2162 Cic.
1119 2127 1165 2160 de
1190 2124 1254 2161 Or.
1283 2126 1327 2160 11.
1356 2127 1420 2169 40,
1455 2127 1532 2161 170.

137 2183 199 2224 215)
234 2181 452 2216 Plutarchus
482 2188 680 2226 praeceptt.
707 2183 822 2227 politt.
854 2195 889 2226 p.
917 2183 993 2216 144.
1021 2183 1078 2216 ed.
1104 2182 1202 2215 Hutt.
1239 2181 1320 2215 Liv.
1350 2193 1406 2226 ep.
1434 2181 1530 2216 LIX.

137 2237 212 2271 Cic.
230 2237 334 2270 Lael.
353 2237 407 2270 25.
525 2236 584 2279 46)
612 2237 691 2270 Liv.
713 2248 768 2281 ep.
789 2237 887 2271 Lxl.
925 2237 998 2271 Cic.
1018 2237 1064 2270 (le
1084 2235 1148 2271 Or.
1169 2236 1213 2271 11.
1235 2235 1290 2277 25,
1315 2236 1388 2271 106.
1425 2236 1529 2274 Brut.

137 2292 200 2334 34⁴,
229 2292 302 2326 1⁶28.
419 2293 480 2334 47)
506 2292 580 2327 Cic.
604 2292 715 2337 Legg.
736 2292 794 2326 ΙΙΙ.
820 2292 881 2335 16,
903 2293 958 2328 35.
1075 2291 1134 2335 48)
1159 2292 1327 2326 Valerius
1346 2292 1532 2328 Maximus

137 2348 199 2382 111.
217 2348 251 2389 7,
267 2348 299 2382 6.
322 2349 358 2382 in
375 2349 536 2382 exsilium
556 2348 675 2382 abisse
694 2353 835 2391 narrat,
855 2349 920 2383 sed
936 2361 1007 2383 non
1027 2349 1224 2394 persuadet
1239 2354 1388 2394 propter
1407 2349 1531 2383 melio-

139 2416 216 2438 rum
235 2406 379 2439 testium
398 2405 614 2438 dissensum:
642 2417 675 2439 v.
697 2404 769 2438 Cic.
788 2404 890 2441 Brut.
910 2405 967 2448 27,
990 2405 1063 2440 103.
1097 2406 1244 2440 Divers.
1262 2404 1325 2440 IX.
1343 2405 1398 2440 21.
1437 2405 1532 2439 Hinc

140 2461 185 2495 de
213 2466 327 2494 morte
357 2466 519 2502 constat,
553 2461 598 2494 de
630 2461 753 2495 mortis
784 2473 938 2506 genere,
974 2462 1070 2507 quod
1094 2462 1281 2507 inopinato
1312 2467 1347 2496 et
1378 2466 1531 2506 repente

139 2517 288 2559 accidit,
313 2517 475 2551 homines
498 2517 680 2552 dubitasse
700 2518 881 2552 credibile.
920 2517 1116 2555 Quaesitor
1140 2519 1175 2552 in
1199 2530 1242 2552 ea
1263 2530 1374 2553 causa
1397 2518 1444 2555 Q.
1464 2517 1532 2552 Fa-

138 2572 218 2606 bius
243 2572 425 2608 Maximus
449 2573 616 2608 Eburnus
649 2574 758 2608 fuisse
782 2574 946 2609 videtur:
981 2587 1018 2610 v.
1043 2575 1116 2611 Cic.
1147 2575 1193 2609 de
1218 2572 1282 2610 Or.
1308 2574 1334 2608 1.
1359 2574 1425 2617 26,
1453 2574 1530 2609 121.

139 2628 200 2671 49)
224 2629 300 2664 Cic.
324 2629 370 2663 de
391 2628 455 2665 Or.
483 2630 510 2665 1.
539 2630 601 2672 lo,
627 2629 683 2666 40.
799 2630 858 2673 50)
888 2630 961 2665 Cic.
984 2630 1088 2666 Brut.
1108 2631 1165 2674 25,
1189 2630 1245 2665 96.
1282 2630 1339 2673 27,
1361 2630 1428 2664 103
1448 2640 1527 2675 sqq.

140 2684 186 2720 de
211 2682 277 2720 Or.
305 2685 330 2721 l.
362 2685 423 2730 10,
450 2686 506 2722 40.
555 2685 653 2721 Inter
679 2687 858 2733 :antiquos
885 2693 1093 2722 recensetur
1127 2688 1162 2722 in
1193 2687 1340 2732 dialogo
1375 2686 1422 2721 de
1448 2696 1531 2721 ora-
