1835 3126
322 232 404 276 AD
438 232 549 276 CIC.
578 231 848 277 BRUTUM
880 235 998 280 GAP.
1023 237 1089 278 23.
1116 236 1184 279 24.
1208 236 1275 279 25.
1362 238 1490 283 383

105 345 155 387 ad
183 345 335 387 Divers.
364 346 470 387 XIII.
500 349 589 396 29„
627 348 666 387 in
697 348 836 400 quihus
874 354 911 388 et
948 357 1013 388 ant
1043 355 1080 390 et
1109 364 1158 389 an
1195 351 1283 403 pari
1319 351 1404 390 iure
1433 350 1493 390 di-

104 424 219 454 versa
246 414 286 453 vi
317 413 516 454 dicuntur:
547 427 583 455 v.
615 414 665 454 ad
695 412 730 467 ξ.
757 417 852 456 294.

216 482 283 521 90.
339 484 443 531 isque
478 495 517 520 sc
547 488 623 519 tum
653 485 788 532 eripuit
815 482 985 533 flmmna]
1022 482 1310 522 damnationem
1347 484 1493 531 evasit;

102 550 144 585 ut
176 559 256 584 sese
290 548 427 586 iudicio
467 552 606 599 eripere
645 548 786 588 dictum
824 554 880 589 est
916 550 1054 590 Aecus.
1091 549 1202 590 Verr.
1240 549 1288 590 11.
1321 551 1393 597 31,
1425 552 1491 589 77.

102 612 162 652 De
192 615 371 664 eripiendi
404 616 524 655 verbo
563 616 636 656 hoc
675 621 741 655 aut
771 616 963 656 consimili
1000 615 1221 667 significatu
1249 617 1359 657 varie
1390 616 1492 656 dicto

102 679 189 720 vide
218 681 354 733 Expll.
385 683 424 721 in
455 682 502 722 de
532 684 598 723 Or.
627 683 658 722 Ι.
689 684 762 731 52,
788 684 904 731 225..
942 684 1080 735 quibus
1116 683 1207 723 addi
1235 689 1364 736 potest
1392 683 1492 723 Her-

102 758 191 798 zog.
222 748 262 786 in
293 748 407 789 Caes.
437 749 483 788 B.
516 750 559 789 G.
590 762 627 801 p.
662 752 726 789 17.

214 815 282 854 91.
340 816 479 864 «inquit,
518 822 571 853 est
600 830 754 862 causae,
797 816 949 866 Brutus]
994 815 1040 855 de
1069 816 1190 856 verbo
1220 819 1340 866 inquit
1381 828 1404 855 a
1435 815 1493 855 di-

101 879 222 918 centis
251 881 405 920 nomine
427 882 666 935 interpositis
688 884 778 923 aliis
800 884 961 923 vocibus
985 882 1174 934 dirempto
1199 883 1280 922 dixi
1300 883 1340 921 in
1361 883 1492 934 Expll.

101 946 141 985 in
179 946 226 986 de
265 948 330 988 Or.
362 948 411 988 II.
445 951 510 997 17,
541 952 629 998 71.;
671 950 718 989 de
757 950 938 996 Graecis,
980 948 1084 1000 apud
1120 960 1217 999 quos
1255 948 1357 987 idem
1397 961 1494 996 mos,

101 1013 347 1055 Heindorfius
377 1016 417 1054 in
445 1016 547 1056 Plat.
578 1016 722 1056 Phaed.
752 1029 791 1068 p.
818 1018 886 1056 98.
929 1019 966 1053 et
993 1015 1286 1054 Boi-nemannus
1323 1016 1362 1054 in
1391 1015 1493 1055 Xen.

100 1080 218 1120 Mem.
249 1093 286 1132 p.
318 1083 410 1120 187.

211 1146 352 1188 XXIV.
409 1147 623 1185 scribuntur
648 1150 836 1186 orationes
860 1147 1023 1198 habitae]
1055 1160 1137 1187 rem
1167 1149 1339 1188 exsecuti
1362 1161 1491 1188 sumus

98 1215 138 1254 in
167 1214 356 1265 Prolegg.
388 1211 424 1266 ξ.
452 1215 521 1253 42.

213 1283 280 1322 92.
339 1281 659 1330 existimantium]
695 1282 873 1334 κριτῶν,
905 1293 1002 1333 quos
1032 1293 1102 1320 nos
1132 1292 1315 1320 vocamus
1345 1284 1494 1319 Kunst-

98 1350 248 1389 richter.
305 1347 389 1388 Hac
418 1348 456 1387 vi
494 1353 531 1387 et
561 1348 721 1388 verbum
752 1348 786 1387 82
816 1360 953 1388 nomen
988 1349 1028 1387 in
1056 1348 1178 1387 Bruto
1215 1348 1494 1400 perfrequens;

99 1416 205 1456 velut
227 1417 476 1453 existmnator
498 1417 713 1453 metuendus
743 1427 774 1455 c.
801 1417 875 1463 39,
904 1417 996 1455 146.
1056 1415 1271 1464 intelleyens
1299 1415 1372 1462 54,
1395 1417 1490 1456 200.

98 1483 229 1521 doctus
257 1483 332 1530 93,
364 1483 459 1521 320.
518 1483 679 1532 prudens
710 1486 748 1520 in
779 1482 1040 1520 cxistunmndo
1073 1483 1148 1529 68,
1180 1483 1274 1522 239.
1333 1486 1495 1520 Eae-istn-

99 1556 224 1588 mator
254 1561 275 1589 e
301 1550 464 1600 regione
494 1552 667 1598 magistri
694 1550 852 1602 ponitur
882 1550 920 1589 in
943 1550 1110 1590 Oratore
1135 1550 1206 1596 31,
1233 1551 1324 1589 112.
1382 1549 1494 1589 Male

99 1621 338 1656 ιιεειὶιηατονσ
368 1617 472 1656 dedit
500 1618 701 1657 Manutius
734 1629 766 1656 c.
798 1620 872 1665 72,
904 1618 1021 1664 252.;
1052 1630 1087 1656 v.
1121 1617 1311 1656 Goerenz.
1341 1617 1381 1655 in
1407 1617 1492 1657 Fin.

97 1684 166 1725 ΙΙΙ.
197 1687 243 1732 2,
269 1686 307 1724 6.

212 1753 279 1793 93.
338 1751 525 1789 naturalis
546 1750 697 1799 quidam
721 1750 838 1801 dolor]
870 1751 910 1790 in
935 1755 1094 1790 oratore
1117 1750 1222 1788 dolor
1252 1761 1282 1788 s.
1304 1750 1495 1787 namt-alis

100 1821 206 1858 dolor
242 1819 276 1858 is
315 1818 433 1857 animi
469 1818 623 1857 habitus
655 1817 814 1866 dicitur,
854 1829 929 1869 quo
961 1816 1131 1856 dicentes
1162 1816 1300 1855 alienis
1333 1816 1494 1855 calami-

100 1887 243 1926 tatibus
260 1885 449 1936 augendis
473 1886 528 1923 ita
549 1884 823 1932 incenduntur,
848 1890 890 1923 ut
907 1896 973 1922 eas
994 1888 1180 1934 tanquam
1200 1894 1290 1921 snas
1315 1882 1493 1922 sentiant.

100 1954 194 1994 Rem
222 1953 372 1993 oratori
392 1952 727 2003 pernecessariam
751 1950 978 2002 exsequitur
1002 1950 1081 1990 Cic.
1109 1949 1155 1988 de
1174 1950 1240 1989 Or.
1257 1949 1305 1988 II.
1322 1951 1393 1997 46,
1415 1950 1495 1989 189

100 2021 150 2060 ad
173 2021 240 2067 47,
262 2021 354 2060 197.
400 2018 581 2058 Conferri
606 2018 721 2057 etiam
742 2024 906 2071 possunt
924 2017 970 2057 de
987 2016 1117 2058 01:11.
1139 2019 1202 2064 17,
1219 2018 1284 2056 73.
1313 2017 1381 2064 45,
1401 2017 1493 2056 188.

98 2088 167 2128 111.
194 2087 266 2134 25,
292 2087 360 2126 96.
400 2086 467 2126 Or.
490 2087 562 2133 38,
594 2088 687 2125 130.
749 2087 862 2124 Calor
890 2086 982 2132 hoc,
1022 2083 1123 2123 unde
1162 2083 1314 2133 egressi
1353 2095 1495 2131 sumus,

98 2155 188 2195 loco
218 2152 457 2195 Schneidero
494 2152 660 2204 placuit,
701 2152 816 2190 ardor
841 2151 1121 2191 Billerheckio.
1179 2150 1230 2190 Ut
1265 2151 1339 2190 hoc
1370 2151 1496 2201 magis

100 2222 150 2262 ad
179 2221 457 2261 vehementiam
497 2219 706 2265 orationis,
745 2231 860 2270 quam
898 2219 947 2258 ad
986 2218 1245 2258 miserationis
1284 2217 1498 2257 movendae

101 2288 306 2328 artificium
335 2287 522 2339 pertinet,
554 2286 611 2324 ita
633 2286 732 2325 illud
762 2286 879 2338 plane
903 2285 1132 2333 absurdum,
1164 2285 1257 2336 quia
1283 2286 1496 2323 natm-alem

101 2356 263 2394 calorem
293 2366 403 2393 nemo
434 2353 690 2404 intelligeret,
722 2354 797 2392 nisi
827 2354 1005 2406 corporis
1037 2358 1076 2392 et
1101 2353 1370 2391 membrorum.

212 2422 336 2463 XXV.
393 2422 460 2461 94.
519 2423 566 2457 L.
586 2426 619 2457 et
636 2423 700 2470 Sp.
717 2422 909 2471 Mummii]
933 2420 1003 2460 ille
1025 2420 1161 2460 consul
1184 2432 1220 2459 a.
1239 2421 1333 2467 608,
1358 2430 1497 2458 censor

103 2502 188 2530 cum
210 2489 395 2541 Scipione
417 2488 575 2527 Minore
598 2488 773 2538 graviter
798 2488 1027 2528 dissentiens
1055 2501 1092 2527 a.
1120 2490 1222 2535 612,
1253 2488 1302 2526 ah
1326 2486 1495 2526 Achaeis

100 2557 214 2597 victis
246 2561 282 2595 et
306 2555 491 2595 Corintho
517 2555 649 2594 excisa
673 2567 888 2605 cognomen
910 2556 1069 2593 Achaica
1098 2555 1232 2594 traxit.
1276 2556 1341 2603 Sp.
1363 2556 1496 2590 Mum-

102 2626 218 2661 mtnm
260 2623 395 2662 fratris
439 2622 611 2673 legatum
655 2622 694 2660 in
733 2622 901 2662 Graecia
943 2622 1066 2661 fuisse
1108 2633 1179 2661 nec
1222 2619 1497 2672 philosophiae

103 2690 250 2739 solum,
292 2689 361 2729 sed
399 2690 512 2729 etiam
549 2694 715 2741 poeseos
757 2689 893 2729 studiis
924 2688 1092 2728 deditum
1132 2687 1326 2738 significat
1357 2686 1495 2726 Cicero

104 2756 155 2796 ad
190 2758 268 2798 Att.
299 2756 404 2797 XIII.
436 2759 474 2796 6.
535 2755 613 2797 Sed
655 2757 720 2808 qui
766 2756 868 2809 apud
910 2756 1129 2796 Charisium
1171 2760 1208 2795 et
1249 2753 1497 2794 Mac-rubium
