1835 3126
341 224 468 284 '346
770 232 1296 278 EXPLchTmNEs

341 347 517 389 Menelai
543 345 728 385 facundia
751 346 911 386 Homeri
938 347 1060 386 verba
1089 352 1175 386 sunt
1202 348 1247 388 ll.
1271 348 1338 389 ΙΙΙ.
1361 348 1455 388 213.
1499 359 1535 387 v.
1567 346 1724 396 Quintil.

341 415 428 454 XII.
461 414 532 461 10,
561 413 629 452 64.
674 412 773 452 Gell.
802 412 888 452 XII.
916 414 955 451 2.

452 480 519 520 51.
578 492 597 516 e
622 479 789 528 Piraeeo]
820 479 995 529 tangitur
1019 477 1222 517 Aeschinis
1250 478 1510 518 voluntarium
1538 478 1726 525 exsilium,

342 559 454 600 quem
483 550 570 598 post
593 545 699 584 litem
729 545 776 585 de
801 557 948 585 corona
972 545 1152 584 amissam
1172 543 1348 583 Rhodum
1370 546 1578 595 navigasse
1600 545 1728 584 ferunt

340 615 473 665 ibique
518 612 692 651 scholam
738 613 951 652 oratoriam
997 612 1222 650 instituisse.
1292 611 1430 650 Asiani
1473 615 1599 650 autem
1639 616 1728 664 post

339 677 602 720 Alexandrum
631 679 688 718 M.
712 678 837 718 literis
869 683 906 718 et
932 678 1100 717 sermoni
1125 677 1284 718 Graecis
1309 681 1573 716 assueverant.
1616 677 1729 726 Quod

339 759 455 796 paene
493 746 595 795 loqui
629 745 846 783 dedidicisse
884 745 1060 784 (licuntur
1090 749 1268 784 oratores
1296 744 1481 790 Asiatici,
1525 743 1608 782 noli
1646 755 1730 782 cum

340 813 504 863 Meyero
540 811 692 850 referre
727 811 777 850 ad
807 824 940 852 vocem
970 811 1195 851 inclinatam
1232 811 1345 862 quasi
1374 810 1545 849 canentis
1578 814 1614 849 et
1644 809 1729 849 ulu-

339 880 476 927 lantis,
508 878 611 930 quod
641 891 734 919 sane
758 878 837 918 illis
861 879 1045 918 tribuitur
1068 879 1134 918 Or.
1159 879 1205 926 8,
1231 879 1320 926 27„
1351 876 1419 916 sed
1444 876 1493 916 ad
1517 888 1731 916 sermonem

339 947 447 986 inani
484 947 691 987 verborum
730 946 857 985 sonitu
893 945 1103 997 repletum,
1149 956 1261 996 quem
1301 949 1337 984 et
1373 944 1502 983 statim
1538 943 1731 994 significat

341 1013 480 1054 Cicero
513 1019 549 1052 et
580 1024 611 1051 c.
640 1012 714 1060 95,
747 1012 840 1052 325.
898 1013 981 1052 Hoc
1020 1011 1172 1051 dicendi
1200 1023 1320 1062 genus
1350 1011 1507 1050 Asianis
1535 1010 1732 1049 familiare

339 1079 637 1120 Atheniensibus
676 1080 841 1118 maxime
877 1080 1128 1131 peregrinum
1164 1083 1201 1116 et
1240 1091 1264 1117 a
1295 1078 1532 1117 Graecorum
1567 1089 1730 1117 consue-

339 1146 471 1186 tudine
501 1147 716 1184 abhorrens
746 1145 971 1194 videbatur,
1014 1146 1127 1197 quasi
1156 1145 1211 1183 sic
1240 1144 1444 1196 loquentes
1476 1155 1524 1182 ne
1554 1155 1730 1183 sermone

341 1213 493 1264 quidem
525 1212 675 1251 Graeco
704 1216 916 1250 uterentur.
973 1211 1032 1249 De
1063 1212 1248 1248 celeritate
1282 1211 1415 1250 confer
1447 1211 1515 1250 Or.
1548 1212 1617 1257 16,
1649 1212 1729 1258 53.,

340 1279 439 1319 unde
480 1278 605 1318 disces
649 1272 748 1314 nihil
789 1288 874 1315 esse
917 1277 993 1314 nisi
1035 1287 1188 1315 cursum
1232 1281 1269 1314 et
1306 1277 1458 1315 flumen.
1517 1277 1730 1315 Salubritas

341 1352 468 1385 autem
507 1349 544 1383 et
579 1345 728 1381 sanitas
766 1343 971 1382 coniuncta
1009 1342 1107 1381 nihil
1142 1342 1286 1380 habent
1325 1341 1563 1381 offensionis.
1629 1343 1731 1382 Illud

340 1412 391 1451 ad
427 1423 491 1450 res
529 1414 708 1449 externas
746 1409 935 1458 refertur,
982 1409 1122 1461 quibus
1150 1409 1232 1448 vita
1269 1413 1377 1447 recte
1405 1413 1576 1455 constat3
1616 1421 1730 1460 quam

341 1478 391 1518 ob
429 1489 510 1516 rem
541 1487 660 1527 saepe
691 1477 891 1513 utilitatem
929 1475 1123 1526 significat
1159 1475 1241 1515 sive
1275 1475 1516 1512 commodmn.
1574 1475 1633 1514 Ita
1663 1489 1731 1514 sa-

340 1544 499 1581 lubritas
534 1542 653 1582 saluti
688 1542 897 1594 opponitur
927 1541 1006 1582 Cic.
1033 1542 1139 1582 Mur.
1167 1543 1238 1589 14,
1264 1543 1352 1588 29.;
1390 1541 1591 1579 salubriter
1614 1555 1730 1580 emere

339 1611 367 1650 i.
400 1622 432 1649 e.
471 1609 541 1650 vili
578 1609 726 1661 pretio,
762 1609 1005 1646 saluberrime
1042 1608 1191 1657 reficere
1227 1608 1336 1645 aedes
1375 1612 1412 1647 et
1446 1608 1731 1646 saluberrimam

338 1679 615 1726 naviyutionem
657 1675 754 1714 dixit
791 1675 941 1715 Plinius
981 1675 1081 1727 Epp.
1112 1675 1140 1714 I.
1170 1674 1237 1714 24.
1289 1674 1352 1715 VI.
1384 1675 1449 1714 30.
1502 1675 1552 1714 X.
1584 1676 1658 1723 28,
1692 1679 1727 1715 1.

338 1744 437 1783 Hinc
466 1743 708 1783 inoratione
729 1742 882 1783 videtur
910 1747 1056 1782 rectum
1079 1740 1272 1794 quoddam
1301 1740 1483 1780 iudicium
1509 1742 1730 1792 significare

341 1811 471 1849 omnIa
515 1814 608 1861 apta
654 1809 848 1849 tractandi
890 1810 1042 1863 ration-e
1096 1814 1314 1861 temperans
1359 1806 1729 1860 (Anyemessenhett).

341 1878 499 1913 Sanitas
528 1880 654 1913 autem
686 1888 709 1914 a
737 1877 913 1927 corporis
943 1876 1079 1914 habitu
1108 1867 1132 1914 a
1155 1876 1290 1915 morbo
1322 1880 1358 1914 et
1382 1875 1602 1915 infirmitate
1632 1876 1730 1915 alie-

339 1942 498 1981 nissimo
530 1946 718 1993 sumptum
749 1942 861 1993 quasi
891 1942 1082 1980 cumulum
1110 1941 1219 1980 laudi
1248 1941 1373 1988 addit,
1404 1943 1665 1994 incorruptum
1694 1949 1730 1983 et

340 2008 446 2048 virili
486 2008 665 2047 firmitate
705 2009 859 2060 plenum
899 2008 1051 2047 dicendi
1091 2019 1213 2058 genus
1253 2007 1440 2047 indicans.
1498 2009 1645 2048 Locum
1683 2009 1729 2049 de

339 2075 523 2115 Asiaticis
555 2071 778 2113 oratoribus
808 2075 999 2125 expressit
1028 2074 1288 2123 Quintilianus
1316 2074 1403 2113 XII.
1438 2076 1506 2122 10,
1541 2077 1604 2115 18.

453 2142 520 2180 52.
579 2154 626 2177 ex
657 2141 918 2189 monumentis]
961 2152 1009 2179 ex
1037 2141 1213 2179 historia.
1255 2153 1287 2179 c.
1316 2141 1389 2187 49,
1424 2142 1523 2180 181:
1562 2143 1649 2191 quid
1677 2150 1729 2180 est

340 2211 456 2253 enim,
497 2207 593 2257 quod
626 2207 737 2244 scribi
775 2211 893 2257 possit
931 2207 974 2243 de
1010 2210 1078 2252 iis,
1122 2207 1165 2243 de
1194 2207 1324 2257 quibus
1360 2207 1464 2244 milla*
1493 2214 1729 2246 momementa

341 2275 543 2323 loquuntur
573 2287 636 2310 nec
666 2274 826 2311 aliorum
857 2287 922 2311 vec
950 2272 1148 2323 ipsorum?

449 2340 550 2380 XIV.
612 2339 677 2379 53.
737 2343 783 2377 L.
823 2341 953 2389 Bruto]
999 2340 1193 2392 plebeium
1232 2340 1352 2379 fuisse
1392 2340 1572 2391 probavit
1609 2352 1728 2391 argu-

342 2408 476 2446 mentis
514 2406 747 2446 Niebuhrius
777 2407 874 2446 Hist.
905 2407 1014 2446 Rom.
1045 2407 1121 2446 vol.
1153 2407 1182 2446 I.
1220 2419 1259 2458 p.
1290 2408 1406 2454 579.;
1446 2420 1480 2447 v.
1520 2406 1566 2446 de
1603 2409 1728 2457 gentis

339 2474 473 2513 Iuniae
503 2474 720 2524 originibus
749 2473 1005 2525 disputantem
1027 2473 1290 2513 Drumamuuu
1314 2474 1412 2513 Hist.
1432 2474 1542 2514 Rom.
1567 2474 1644 2514 vol.
1665 2474 1727 2516 IV.

340 2552 379 2593 p.
410 2543 434 2579 2
457 2552 540 2592 sqq.

452 2609 746 2656 potentissimum
789 2630 843 2634 -—
884 2608 1096 2656 clarissimi]
1145 2619 1262 2659 saepe
1307 2607 1443 2647 Cicero
1490 2607 1729 2646 cumulandis

342 2674 591 2726 superlativis
620 2674 696 2714 vim
726 2675 937 2714 sententiae
967 2680 1096 2724 auget.
1155 2675 1264 2713 Infra
1293 2686 1324 2713 c.
1357 2674 1430 2722 25,
1460 2674 1534 2714 95:
1573 2677 1663 2712 civis
1692 2678 1729 2712 in.

343 2744 492 2790 oplimis
531 2741 638 2779 rebus
678 2745 1000 2780 constmttissimus
1038 2745 1095 2780 M.
1131 2743 1329 2779 Octavius..
1379 2741 1456 2782 Inv.
1487 2741 1534 2781 ΙΙ.
1576 2742 1623 2790 8,
1653 2740 1725 2780 25;
