1835 3126
301 146 430 191 292
827 132 1168 180 CICERONIS

303 268 393 297 cnm
418 251 555 306 gratia
578 255 617 291 et
641 248 780 303 gloria
804 248 856 289 ad
879 261 1076 289 summam
1101 246 1405 303 amplitudinem
1422 243 1690 301 pervenisset,

303 329 536 374 ascendens
573 325 773 381 gradibus
803 325 1139 378 magistratuum,
1182 331 1225 365 ut
1254 331 1370 379 pater
1400 324 1489 365 eius
1523 322 1693 370 fecerat,

303 416 345 450 ut
366 407 516 462 reliqui
541 404 742 447 clariores
765 403 856 444 viri.
905 400 1021 451 Quae
1040 400 1204 456 quidem
1228 402 1350 442 etiam
1367 414 1456 443 cum
1473 400 1516 442 P.
1536 398 1692 441 Crasso

304 485 363 528 M.
396 484 461 533 F„
504 495 594 525 cum
634 482 751 523 initio
791 480 938 521 aetatis
979 478 1031 520 ad
1074 478 1296 519 amicitiam
1337 490 1381 518 se
1423 490 1555 519 meam
1598 489 1696 519 con-

304 564 485 611 tulisset,
524 572 648 615 saepe
688 559 827 612 egisse
868 570 931 598 me
964 556 1161 605 arbitror,
1199 568 1287 596 cum
1317 567 1408 596 eum
1435 556 1698 596 vehementer

306 642 513 688 hortarer,
553 645 595 678 ut
638 649 728 678 eam
772 634 909 676 laudis
938 635 1048 675 viam
1076 634 1362 676 rectissumam
1393 645 1486 673 esse
1519 631 1697 682 duceret,

307 731 431 775 quam
458 717 638 758 maiores
670 715 760 756 eius
790 714 830 754 ei
858 712 996 754 tritam
1026 711 1305 766 reliquissent.
1350 709 1445 751 252.
1479 715 1568 751 erat
1592 709 1700 750 enim

310 811 400 839 cum
440 795 646 836 institutus
686 798 844 848 optume
886 796 967 831 ttnn
1008 790 1131 831 etiam
1157 788 1339 845 perfecte
1373 787 1577 843 planeque
1608 799 1702 828 eru-

312 875 418 917 ditus
455 874 669 925 ineratque
709 876 748 911 et
787 868 996 921 ingenium
1035 869 1138 909 satis
1174 879 1271 909 acre
1307 872 1346 907 et
1382 866 1583 907 orationis
1620 877 1702 906 non

312 952 531 1004 inelegans
555 948 701 1003 copia3
731 952 1029 1002 praetereaque
1057 947 1146 987 sine
1173 944 1416 998 arrogantia
1440 944 1583 997 gravis
1608 955 1703 984 esse

313 1028 530 1072 videbatur
567 1032 605 1067 et
636 1026 725 1067 sine
755 1024 935 1077 segnitia
963 1022 1234 1065 verecundus.
1294 1020 1380 1063 Sed
1409 1020 1514 1062 hunc
1544 1033 1704 1075 quoque

315 1104 529 1148 absorbuit
558 1109 697 1143 aestus
729 1101 893 1156 quidam
934 1100 1127 1142 insolitae
1160 1097 1494 1142 adolescentibus
1524 1098 1706 1152 gloriae3

316 1185 385 1240 qui
417 1182 515 1237 quia
549 1184 725 1221 navarat
765 1176 885 1218 miles
918 1189 1086 1231 operam
1116 1178 1378 1231 imperatori,
1419 1177 1707 1231 imperatorem

317 1274 363 1304 se
389 1260 524 1302 statim
549 1269 643 1299 esse
673 1254 885 1311 cupiebat:
919 1255 985 1296 cui
1010 1254 1169 1295 muneri
1193 1266 1281 1295 mos
1306 1254 1507 1295 maiorum
1532 1259 1709 1295 aetatem

319 1344 487 1386 certam,
511 1341 663 1378 sortem
689 1335 888 1375 incertam
913 1331 1091 1387 reliquit.
1136 1333 1195 1373 ita
1217 1333 1478 1386 gravissumo
1504 1343 1578 1373 suo
1596 1343 1709 1380 casu,

320 1417 414 1459 dum
445 1413 544 1468 Cyri
575 1419 614 1454 et
637 1410 867 1453 Alexandri
894 1409 1042 1451 similis
1073 1423 1164 1452 esse
1195 1409 1343 1460 voluit,
1375 1410 1443 1466 qui
1474 1422 1588 1450 suum
1620 1421 1712 1451 cur-

321 1507 410 1536 sum
439 1496 790 1539 transcurrerant‚
826 1495 864 1530 et
895 1486 944 1530 L.
976 1487 1121 1530 Crassi
1152 1495 1190 1531 et
1220 1489 1433 1531 multorum
1466 1486 1712 1529 Crassorum

320 1575 505 1615 inventus
537 1575 600 1611 est
629 1566 954 1610 dissimillumns.

435 1645 653 1689 LXXXII.
692 1645 788 1687 283.
828 1643 912 1686 Sed
953 1644 1006 1686 ad
1039 1643 1229 1691 Calvum,
1269 1645 1305 1685 is
1335 1645 1443 1685 enim
1471 1642 1593 1685 nobis
1627 1649 1715 1684 erat

324 1727 581 1784 proposituS‚
622 1730 899 1766 revertamur:
939 1724 1007 1778 qui
1046 1729 1187 1765 orator
1220 1721 1295 1764 fuit
1332 1735 1421 1763 cum
1458 1721 1591 1763 literis
1622 1733 1715 1763 eru-

413 1848 473 1874 282.
510 1844 667 1878 insolitae]
688 1851 746 1869 non
765 1843 910 1869 insolitae.

327 1939 393 1984 Lg.
420 1936 512 1971 Ven.
533 1936 562 1970 l.
589 1931 664 1969 Ott.
689 1951 735 1960 —-
768 1931 972 1979 qratlibus]
999 1932 1151 1978 yrarlus
1177 1932 1243 1967 Gn.
1264 1934 1292 1967 1.
1317 1950 1364 1959 ·—
1396 1932 1452 1968 M.
1476 1933 1536 1977 R]
1563 1932 1618 1967 M.
1646 1944 1715 1968 om.

328 1995 393 2040 Lg.
418 1994 472 2028 70.
497 2012 541 2016 —-
573 2002 662 2025 eum
688 1990 818 2033 initio]
848 1999 938 2024 cum
965 2000 1033 2023 orn.
1060 1988 1124 2034 Lg.
1147 2000 1200 2033 pr.
1224 1989 1278 2023 53.
1298 1988 1354 2024 68.
1376 1989 1430 2024 70.
1451 2010 1495 2014 —
1529 1989 1716 2033 arbitror]

330 2061 397 2085 om.
426 2048 494 2082 Gn.
521 2047 553 2081 l.

420 2103 497 2138 282.
548 2112 636 2136 eum
656 2100 873 2142 institutas]
900 2103 983 2133 tum
1006 2102 1095 2134 inst.
1123 2100 1178 2133 ed.
1195 2111 1248 2145 pr.
1267 2120 1312 2125 ——
1338 2102 1505 2147 optume]
1528 2102 1579 2135 sic
1601 2100 1665 2146 Lg.
1686 2100 1717 2134 S.

330 2161 385 2196 35.
406 2160 459 2195 51.
484 2158 539 2194 53.
565 2158 619 2192 58.
644 2157 700 2191 68.
726 2156 780 2191 70.
820 2154 945 2191 Ottob.
974 2175 1019 2179 —-
1044 2155 1255 2201 planeque]
1279 2156 1466 2203 pleneque
1498 2157 1564 2202 Lg.
1594 2157 1648 2191 56.
1673 2175 1719 2182 ——

330 2217 514 2264 seqnitia]
529 2215 695 2261 seqnitie
709 2211 773 2258 Lg.
786 2212 841 2246 70.
857 2232 899 2235 -
917 2212 1116 2255 insolitae]
1131 2223 1208 2246 non
1222 2213 1404 2247 insolitae
1418 2213 1510 2247 coni.
1525 2214 1673 2247 Ascens.
1688 2212 1718 2246 2.

330 2274 437 2318 idque
469 2277 551 2317 post
582 2269 793 2304 Lambinnm
827 2266 907 2302 edd.
944 2269 1147 2313 occupavit.
1195 2268 1328 2303 Verum
1364 2269 1450 2311 erit,
1485 2270 1515 2303 si
1549 2269 1720 2315 (storiam

331 2331 573 2374 interpretere
598 2327 856 2361 iactationem
881 2325 943 2358 sui
967 2324 1028 2358 vel
1044 2324 1198 2369 9Ιονῑαε
1219 2325 1485 2372 cupiditatem.
1525 2325 1601 2359 Sed
1622 2331 1722 2359 recte

331 2385 431 2426 libri3
459 2383 647 2428 sequentia
665 2382 757 2416 enim
782 2381 941 2415 indicant
963 2381 1176 2414 sententiam
1199 2392 1279 2415 esse
1304 2381 1348 2415 ad
1375 2382 1525 2427 gloriam
1544 2381 1721 2422 bellicam,

333 2453 412 2475 cum
429 2438 704 2485 imperatoribus
717 2442 835 2472 certos
849 2447 963 2470 annos
977 2446 1056 2469 esse
1077 2447 1152 2470 mos
1174 2443 1209 2471 et
1222 2436 1281 2471 lex
1297 2437 1454 2480 iuberet,
1472 2438 1722 2472 adolescentes

334 2497 498 2542 aspirare
516 2506 588 2529 non
608 2506 687 2529 esse
706 2494 844 2528 solitos.
862 2513 904 2517 —
941 2491 1077 2535 votuit]
1104 2494 1184 2527 volt
1204 2492 1381 2536 Orellius3
1402 2495 1507 2528 mire:
1530 2505 1607 2528 cnm
1629 2495 1721 2527 enim

335 2564 437 2587 casus
455 2551 575 2587 Crassi
592 2551 707 2586 verbo
725 2554 912 2595 tangatur,
932 2559 1003 2582 non
1022 2555 1227 2593 exponatur
1246 2550 1379 2593 fusius,
1400 2551 1601 2595 praesentis
1621 2550 1721 2585 locus

336 2610 394 2643 hic
410 2608 527 2642 nullus
541 2612 606 2641 est.
640 2606 757 2641 Paulo
777 2611 861 2640 ante
876 2606 1123 2650 aravi-§sumo
1142 2605 1208 2651 Lg.
1224 2606 1278 2642 51.
1293 2606 1348 2642 56.
1375 2605 1499 2642 Ottob.
1525 2607 1616 2641 Ven.
1635 2607 1662 2642 l.
1675 2624 1722 2632 —

337 2663 670 2707 transcurrerunt]
697 2665 986 2698 transcurrerat
1011 2659 1172 2698 Orellius
1196 2663 1242 2698 ad
1265 2663 1434 2699 Crassum
1457 2663 1629 2700 referens.
