1835 3126
311 193 398 239 68
520 186 717 232 BREVIS
748 184 1143 239 ELOQUENTIAE
1174 185 1308 229 ROM.
1339 185 1484 228 HIST.

311 317 404 346 sura
442 313 525 342 cum
555 300 624 342 Gn.
654 300 825 340 Domitio
855 300 1117 340 Ahenobarbo
1153 306 1266 352 gesta
1303 313 1338 340 a.
1370 300 1472 347 6613
1514 298 1579 350 qui
1611 303 1700 337 cen-

311 382 421 411 sores
452 380 528 421 quo
561 367 685 407 edicto
712 368 888 406 rhetores
910 368 1072 406 Latinos
1104 379 1152 407 ex
1181 368 1336 407 civitate
1366 366 1591 406 sustulerint
1620 364 1700 403 alio

309 439 399 478 loco
441 435 747 474 memoravimus.
808 433 887 473 Sed
929 434 1072 473 nobilis
1116 445 1280 473 censura
1322 434 1395 473 illa
1440 437 1496 472 est
1540 436 1702 484 propter

311 502 547 544 discordiam
586 512 669 540 cum
708 499 866 549 collega
904 501 989 539 viro
1029 512 1106 540 non
1140 500 1357 552 spernenda
1399 500 1630 539 auctoritate
1667 501 1703 536 et

310 569 516 610 facundia:
549 568 656 607 cuius
688 564 909 606 discordiae
940 577 1097 605 causam
1126 567 1374 617 ignoramus,
1406 568 1545 606 scimus
1576 570 1702 604 autem

312 637 488 676 maximis
525 634 846 674 altercationibus
884 632 1017 685 palam
1054 632 1217 680 factam3
1254 634 1295 671 in
1325 645 1400 684 quo
1438 644 1582 682 genere
1619 642 1702 670 cum

312 704 478 744 Crassus
511 700 739 741 adversario
765 711 834 739 suo
865 699 984 749 longe
1015 704 1117 738 esset
1145 699 1343 750 superior,
1376 698 1587 745 clamores,
1618 697 1703 748 qui-

311 771 502 810 husaeste
525 768 712 808 Cicerone
734 766 902 818 populus
928 766 1221 805 altercationem
1247 765 1356 804 illam
1381 769 1610 817 prosecutus
1634 768 1704 810 est,

313 836 457 878 Crasso
486 834 751 888 plaudentium
783 837 819 871 et
849 833 1136 872 assentientium
1167 832 1290 871 fuisse
1319 832 1482 884 putandi
1512 836 1598 871 sunt
1616 828 1704 887 (¹3),

311 903 543 957 praesertim
588 912 672 940 cum
714 899 840 938 inanis
880 900 1041 940 Domitii
1086 904 1122 938 et
1164 900 1297 938 innata
1338 899 1513 938 familiae
1551 898 1704 939 vanitas

312 970 435 1009 multa
463 968 631 1008 ridicula
659 967 840 1014 haberet,
872 967 912 1005 in
936 967 1074 1018 quibus
1103 967 1365 1018 reprehensor
1393 966 1488 1004 satis
1518 964 1706 1004 ioculari-

313 1042 373 1076 ter
408 1035 560 1076 versari
595 1038 729 1086 posset
755 1030 837 1083 (¹4).
895 1033 1060 1072 Praeter
1098 1034 1169 1072 hos
1207 1034 1375 1072 honores
1420 1036 1551 1083 gestos
1591 1031 1706 1070 etiam

314 1106 511 1153 auguratu
557 1100 723 1140 Crassus
767 1099 934 1149 insignis
979 1104 1063 1138 erat
1095 1096 1179 1149 (¹5).
1250 1099 1344 1139 Post
1388 1110 1588 1138 censuram
1636 1097 1706 1137 ad-

314 1169 588 1216 ministratam,
633 1167 673 1205 in
713 1178 791 1218 qua
832 1171 994 1219 propter
1034 1165 1269 1206 discordiam
1310 1178 1393 1205 cum
1434 1165 1591 1217 collega
1635 1175 1706 1203 nec

315 1247 473 1276 censum
513 1235 593 1285 egit
631 1244 701 1272 nec
740 1233 903 1272 lustrum
942 1233 1111 1272 condidit
1138 1230 1230 1284 (¹⁶),
1270 1245 1353 1272 cum
1389 1233 1555 1272 liberum
1589 1232 1707 1271 otium

314 1303 517 1343 habiturus
546 1301 661 1340 etiam
691 1312 739 1339 ex
761 1305 897 1339 senatu
918 1300 1120 1352 paulisper
1151 1299 1288 1339 cedere
1320 1305 1356 1339 et
1381 1312 1519 1339 causas
1542 1298 1706 1338 iudicia-

315 1368 374 1408 les
405 1368 590 1407 abdicare
616 1367 893 1415 constituisset,
924 1368 991 1406 vix
1020 1367 1381 1418 quinquagesimum
1411 1367 1611 1416 ingressus
1637 1378 1708 1404 an-

314 1447 405 1474 num
441 1438 692 1486 praematura
727 1437 849 1471 morte
888 1433 1073 1484 abreptus
1112 1438 1180 1471 est.
1239 1433 1432 1482 Fregerat
1463 1432 1562 1472 enim
1590 1432 1708 1470 nimia

317 1501 562 1541 contentione
593 1498 744 1539 dicendi
772 1499 897 1547 vires,
931 1510 1015 1538 cum
1046 1504 1218 1538 senatum
1248 1498 1433 1538 adversus
1461 1499 1506 1538 L.
1536 1498 1708 1551 Philippi

318 1568 488 1608 consulis
522 1566 687 1606 iniurias
725 1570 910 1605 tueretur.
969 1566 1079 1606 Hunc
1107 1566 1183 1606 viri
1214 1566 1367 1618 egregii
1397 1566 1539 1604 exitum
1569 1565 1706 1606 Cicero

316 1646 484 1674 narrans
524 1638 560 1672 et
587 1632 725 1672 laudes
757 1632 838 1671 eius
866 1645 1012 1672 summa
1043 1632 1194 1673 dicendi
1222 1633 1399 1671 ubertate
1430 1632 1642 1673 celebravit
1672 1637 1709 1672 et

318 1701 561 1741 calamitates
601 1700 662 1739 rei
700 1699 901 1751 publicae,
948 1700 1087 1751 quibus
1126 1700 1239 1752 quasi
1275 1699 1472 1739 fortunato
1514 1711 1607 1739 casu
1640 1700 1709 1740 ille

320 1773 476 1820 ereptus
503 1772 579 1815 est,
611 1766 667 1805 eis
690 1767 897 1805 verborum
919 1766 1154 1818 ponderibus
1177 1766 1414 1817 deploravit,
1437 1771 1498 1814 ut,
1522 1767 1555 1806 si
1580 1767 1708 1807 omnia

318 1834 520 1876 Ciceronis
560 1833 707 1885 scripta
748 1832 1000 1885 perlusa-em,
1044 1834 1117 1872 hac
1160 1833 1387 1872 narratione
1427 1833 1708 1884 elegantiorem

318 1906 386 1942 aut
416 1901 636 1952 graviorem
667 1899 814 1939 nullam
842 1900 1037 1952 reperiam
1053 1898 1139 1951 (Π).

431 1968 555 2008 Plnra
581 1967 803 2006 testimonia
826 1966 1016 2016 efficiunt,
1045 1972 1087 2007 ut
1114 1965 1296 2007 Crassum
1321 1967 1481 2019 antiqua
1502 1967 1709 2008 severitate

317 2034 536 2090 praeditum
560 2034 682 2073 fuisse
702 2034 898 2085 vitamque
922 2034 1003 2073 eius
1026 2034 1329 2086 reprehensione
1355 2036 1508 2074 omnino
1535 2036 1708 2075 caruisse

319 2101 537 2141 credamus.
596 2099 711 2140 Certe
748 2097 943 2139 luxuriosi
982 2112 1059 2139 non
1101 2105 1175 2149 est,
1217 2100 1320 2152 quod
1355 2102 1500 2141 aeratis
1528 2102 1708 2141 tricliniis

319 2180 413 2208 usus
444 2178 530 2207 esse
560 2171 597 2206 et
621 2166 696 2206 duo
719 2166 807 2205 sola
828 2166 972 2218 pocula
996 2172 1185 2218 argentea
1207 2168 1400 2207 Mentoris
1421 2181 1535 2208 manu
1557 2169 1710 2222 sculpta

320 2247 392 2275 nec
431 2234 638 2286 quicquam
670 2237 879 2286 praeterea
909 2233 1052 2272 caelati
1085 2233 1269 2273 habuisse
1298 2233 1442 2285 fertur,
1481 2240 1518 2276 et
1551 2247 1600 2275 ne
1627 2236 1709 2275 illis

324 2301 478 2353 quidem
506 2301 563 2340 uti
591 2312 708 2340 ausus
740 2311 825 2339 esse
853 2304 1015 2352 propter
1042 2300 1314 2340 verecundiam
1338 2299 1418 2353 (¹⁸).
1476 2303 1644 2352 Rursus,
1676 2304 1711 2342 si

322 2366 417 2407 fides
455 2367 583 2408 Plinio
622 2367 755 2408 varios
795 2371 831 2406 et
872 2366 1043 2406 incertos
1079 2372 1260 2407 auctores
1305 2371 1498 2421 sequenti,
1546 2370 1710 2410 balneas

324 2434 473 2474 calidas
509 2435 549 2473 in
588 2434 674 2486 ipso
710 2434 829 2483 mari,
869 2433 903 2473 si
939 2444 1015 2473 non
1044 2433 1156 2484 fecit,
1197 2440 1237 2475 at
1266 2436 1439 2488 possedit
1466 2442 1593 2478 tamen
1618 2435 1710 2488 (¹⁹);

418 2598 475 2640 13)
490 2597 563 2633 Cic.
576 2596 678 2632 Brut.
693 2598 753 2640 44,
772 2596 847 2633 164,
952 2598 1007 2641 14)
1022 2597 1095 2633 Cic.
1110 2598 1155 2633 de
1171 2596 1236 2634 Or.
1251 2600 1292 2636 11.
1307 2602 1351 2637 59
1362 2628 1371 2645 ,
1385 2601 1461 2637 242.
1567 2602 1622 2645 15)
1637 2602 1710 2638 Cic.

324 2656 370 2690 de
396 2653 462 2691 Or.
487 2654 514 2690 l.
540 2654 603 2697 10,
627 2653 683 2688 39.
806 2654 862 2697 16)
890 2653 985 2689 ΡΙίη.
1007 2654 1051 2689 H.
1067 2654 1115 2690 N.
1133 2655 1243 2691 XVII.
1266 2659 1294 2692 1.
1414 2659 1468 2701 17)
1495 2659 1540 2693 de
1565 2656 1630 2693 Or.
1649 2658 1708 2703 lll-

329 2711 357 2747 l.
375 2722 451 2757 sqq.
560 2711 615 2754 18)
640 2710 734 2748 Plin.
752 2710 794 2746 H.
814 2711 862 2747 N.
880 2710 1045 2747 XXXIV.
1065 2710 1096 2747 3.
1204 2713 1260 2757 19)
1284 2714 1379 2750 Plin.
1402 2715 1445 2752 H.
1460 2715 1508 2753 N.
1527 2714 1657 2750 XXXI.
1675 2716 1707 2751 2.
