1835 3126
357 177 552 222 BREVIS
582 176 976 230 ELOQUENTIAE
1008 178 1142 223 ROM.
1172 180 1315 224 IIIST.
1426 183 1534 228 121

150 291 300 345 gendae
330 303 449 331 causa
474 293 617 332 crimen
646 294 783 333 veneni
811 294 849 332 in
873 299 1138 334 accusatorem
1163 294 1355 336 Calidium
1385 297 1533 338 tentati.

150 359 350 400 Ciceronis
388 364 514 398 autem
551 359 661 398 locus
693 360 797 412 apud
829 361 1107 410 Quintilianum
1143 362 1335 402 luxuriosi
1369 364 1536 404 convivii

147 425 444 477 descriptionem
474 426 607 474 habet,
651 439 751 478 quae
791 428 825 466 si
855 440 997 468 causae
1027 429 1291 469 defendendae
1334 442 1409 469 non
1440 431 1535 469 satis

145 492 287 532 idonea
313 492 483 540 videtur,
519 494 812 545 intelligendum
844 500 900 534 est
927 497 1160 545 pertinuisse
1190 509 1274 536 eam
1304 496 1353 535 ad
1384 497 1535 536 diluen-

145 558 233 598 dum
281 560 424 598 crimen
467 561 603 600 veneni
621 593 631 609 ‚
684 567 725 600 ut
771 562 919 602 Gallius
966 563 1223 602 alienissimus
1268 563 1536 603 ostenderetur

146 638 171 665 a
195 626 386 665 struendis
414 627 564 666 insidiis
594 629 633 667 in
659 640 706 667 ea
730 631 1034 681 compotatione,
1066 631 1104 669 in
1136 643 1213 682 qua
1242 632 1316 669 sibi
1345 631 1428 683 ipse
1458 643 1535 670 non

145 694 240 732 satis
271 694 437 733 cavisset
475 706 499 733 a
526 696 760 735 temulentia.
819 696 942 735 Huius
975 697 1094 736 Gallii
1128 702 1216 736 tunc
1255 699 1331 736 iam
1369 699 1535 738 senioris

144 760 234 809 filii,
272 765 360 813 post
391 772 512 800 annos
544 762 834 812 quatuordecim
863 762 1055 802 Calidium
1096 763 1318 802 consulatus
1350 765 1535 804 candida-

146 833 244 876 tum,
276 828 343 866 sed
367 827 584 878 repulsum,
616 827 662 866 de
684 828 829 866 ambitu
857 839 965 866 reum
988 828 1165 867 videntur
1190 829 1353 876 fecisse;
1385 830 1431 868 de
1457 843 1535 881 qua

145 907 264 934 causa
295 894 452 934 Caelius
485 893 664 932 Ciceroni
693 894 865 932 scribens
897 893 1089 932 Calidium
1123 895 1163 932 in
1193 894 1420 934 defensione
1451 896 1535 935 elo-

146 966 343 1013 quentem,
387 960 426 997 in
470 960 718 999 accusatione
760 959 946 1010 frigidum
984 960 1106 1000 fuisse
1150 961 1242 1001 dicit
1273 959 1353 1013 (9⁴⁴²).
1413 962 1535 1014 quue

143 1029 308 1068 maxime
331 1025 434 1066 cadit
456 1027 495 1065 in
513 1025 720 1075 Calidium,
753 1039 866 1079 quem
883 1027 1021 1068 Cicero
1049 1029 1224 1068 omnibus
1247 1029 1330 1068 fere
1353 1028 1534 1068 laudibus

143 1095 328 1135 oratoriis
366 1094 593 1132 instructum
621 1093 743 1133 fuisse
773 1093 959 1142 affirmat,
993 1094 1222 1134 inveniendo
1263 1101 1300 1135 et
1328 1095 1533 1148 partiendo

142 1163 302 1210 bonum,
343 1161 560 1201 elocutione
597 1172 643 1199 ac
672 1161 879 1201 verborum
915 1161 1112 1212 elegantia
1142 1163 1342 1211 eximium,
1381 1169 1533 1202 struen-

143 1230 279 1269 darum
309 1234 345 1268 et
373 1239 576 1267 numerose
606 1227 955 1280 componendarum
987 1230 1260 1269 sententiarum
1290 1230 1407 1282 plane
1438 1231 1534 1269 arti-

143 1296 274 1344 ficem,
319 1295 388 1335 sed
426 1295 474 1333 ab
515 1296 617 1334 omni
651 1295 892 1335 vehementia
936 1307 1020 1335 cum
1056 1297 1174 1335 rebus
1215 1301 1251 1335 et
1286 1297 1415 1337 verbis
1454 1302 1535 1336 tum

145 1364 296 1403 actione
323 1362 610 1402 alienissimum.
656 1362 834 1415 Denique
854 1363 924 1403 ille
947 1366 1005 1402 M.
1023 1365 1209 1402 Scaurum
1233 1363 1534 1416 repetundarum

144 1441 252 1471 reum
281 1429 451 1470 defendit
470 1426 551 1480 (93).

803 1561 811 1570 .
841 1532 909 1571 49.

258 1605 312 1641 Μ.
338 1606 549 1641 Marcellus.
596 1605 651 1641 M.
678 1530 798 1640 Οεῑῐο.ἓ
829 1606 884 1641 M.
911 1607 1104 1642 Favonius.
1153 1606 1191 1642 C.
1217 1606 1419 1641 Memmius.

256 1677 299 1717 In
324 1681 382 1715 M.
398 1678 583 1715 Marcello
611 1679 670 1713 M.
690 1677 827 1714 Catone
855 1680 913 1715 M.
932 1680 1100 1715 Favonio
1133 1677 1171 1715 G.
1187 1680 1368 1714 Memmio
1397 1678 1533 1728 paucis

144 1743 305 1795 defungi
346 1744 449 1783 licet.
505 1744 641 1790 Illum,
687 1754 770 1781 cum
811 1747 973 1794 propter
1014 1743 1168 1793 insigne
1207 1742 1535 1783 Caesarianarum

144 1812 312 1863 partium
339 1811 468 1850 odium
492 1810 602 1849 exsul
630 1814 709 1848 tum
731 1808 932 1859 Mitylenis
954 1815 1198 1857 versaretur,
1229 1810 1383 1849 summis
1406 1810 1535 1849 laudi-

143 1879 215 1917 bus
245 1878 412 1917 cumulat
433 1877 570 1917 Cicero
600 1877 640 1915 in
663 1876 804 1924 Bruto,
834 1875 972 1916 iisdem
1003 1877 1346 1916 exercitationibus
1378 1888 1424 1916 ac
1454 1882 1536 1916 stu-

144 1986 264 2032 Pighii
297 1997 432 2030 sequor
461 1985 676 2020 sententiam
713 1985 992 2030 subscriptorem
1026 1985 1132 2019 Gallii
1164 1985 1323 2020 Lollium
1354 1985 1465 2020 fuisse
1499 1991 1536 2020 et

145 2054 168 2077 a
192 2043 369 2078 Cicerone
397 2043 524 2077 dietum
549 2041 743 2086 aliquando
768 2041 979 2075 honestiore
1002 2043 1157 2078 nomine.

238 2099 297 2143 92)
323 2099 464 2134 Caelius
491 2098 537 2132 ad
558 2098 772 2134 Ciceronem
792 2097 887 2132 Vlll.
908 2099 948 2140 4,
971 2099 1000 2132 l.
1029 2099 1070 2141 9,
1089 2099 1121 2132 5.
1170 2098 1387 2142 Quanquam
1411 2100 1535 2143 priore

144 2156 226 2191 loco
251 2156 362 2202 vulgo
389 2156 555 2200 leguntur
589 2155 814 2199 ignotissima
845 2154 990 2187 nomina
1016 2153 1074 2188 M.
1102 2155 1286 2188 cuiusdam
1316 2155 1475 2190 Claudii
1499 2161 1534 2190 et

147 2213 297 2246 duorum
327 2212 532 2245 Gallorum
556 2222 622 2255 pro
645 2209 787 2243 Galliis
812 2213 848 2241 et
875 2208 1052 2249 Calidio,
1077 2210 1192 2243 altero
1218 2216 1336 2243 autem
1361 2211 1533 2251 Canidia

147 2279 253 2313 quem
289 2268 382 2301 inter
416 2273 579 2300 oratores
613 2272 648 2299 et
681 2266 933 2299 disertissimos
959 2265 1101 2309 quidem
1135 2265 1211 2299 eius
1244 2272 1400 2301 aetatem
1426 2267 1534 2302 fuisse

115 2355 121 2358 ,
145 2336 251 2358 nemo
270 2324 383 2357 novit.
419 2322 618 2366 Utrumque
637 2321 755 2355 locum
781 2334 826 2355 ex
847 2321 1019 2355 Mediceo
1040 2322 1165 2356 codice
1185 2323 1343 2357 correxit
1364 2322 1534 2359 Orellius.

145 2380 270 2414 Simile
294 2380 420 2414 vitium
436 2378 593 2413 Nonium
619 2379 811 2422 occupavit
835 2391 870 2413 v.
894 2378 993 2423 logi,
1019 2379 1115 2423 apud
1140 2390 1244 2423 quem
1268 2379 1398 2424 legitur
1423 2380 1534 2415 Clau—

146 2438 240 2472 clins
276 2439 315 2470 z'n
352 2436 557 2477 Quintium
595 2433 770 2475 Gallum5
805 2436 961 2468 correxit
992 2434 1170 2480 Meyerus
1205 2447 1239 2480 p.
1263 2436 1341 2470 200.
1375 2437 1431 2471 ed.
1458 2443 1532 2472 vet.

145 2493 244 2527 Idem
280 2498 400 2526 tamen
431 2491 607 2537 Meyerus
638 2492 902 2525 accusationem
931 2492 1060 2525 Calidii
1092 2504 1114 2526 a
1139 2491 1263 2527 Caelio
1297 2499 1531 2527 memoratam

146 2549 193 2587 Q.
219 2549 326 2583 Gallii
358 2548 469 2593 patris
502 2548 585 2582 dicit
616 2559 714 2589 esse3
749 2548 850 2593 quasi
877 2548 1022 2582 Caelius
1052 2548 1097 2582 de
1123 2560 1167 2582 ea
1187 2548 1352 2583 Ciceroni
1388 2550 1421 2583 in
1448 2561 1531 2593 pro-

146 2606 301 2641 vinciam
324 2605 484 2639 scribere
509 2606 685 2650 potuisset
714 2605 986 2650 quatuordecim
1013 2606 1115 2639 annis
1143 2611 1226 2650 post
1255 2611 1290 2639 et
1316 2606 1348 2639 ei
1377 2606 1530 2650 quidem,

147 2664 205 2707 qui
240 2663 439 2697 adversarii
472 2667 645 2706 patronus
678 2661 823 2696 fuisset!
938 2662 996 2706 93)
1030 2662 1104 2699 Cic.
1135 2660 1239 2697 Brut.
1267 2661 1322 2699 79.
1348 2662 1404 2699 80.
1444 2663 1528 2699 Asa

147 2719 194 2755 ad
218 2719 344 2756 Scaur.
370 2731 404 2766 p.
429 2718 484 2755 20.
523 2718 670 2757 Quintil.
696 2719 742 2756 Χ,
772 2718 807 2763 1,
831 2718 887 2755 23.
