1835 3126
296 217 412 262 312
821 212 1162 256 CICERONIS

298 327 404 369 alter
441 323 641 365 remissus
685 329 724 364 et
752 323 860 365 lenis
892 332 930 365 et
959 326 1134 379 propriis
1166 323 1303 366 verbis
1335 322 1684 379 comprehendens

297 402 430 444 solute
480 406 520 443 et
556 399 683 442 facile
727 402 994 451 sententiam·⁷
1036 401 1140 442 alter
1179 407 1346 443 ornatus
1387 414 1484 443 acer
1523 407 1561 442 et
1603 413 1685 442 non

296 479 417 529 talis,
458 478 623 534 qualem
650 485 692 520 tu
724 491 835 528 eum,
864 477 1010 529 Brute,
1050 478 1132 519 iam
1165 477 1499 520 deflorescentem
1531 491 1686 532 cogno-

298 558 415 608 visti,
448 556 523 598 sed
555 555 774 599 verborum
805 562 844 598 et
871 556 1045 597 actionis
1073 567 1227 609 genere
1256 557 1506 597 commotior.
1544 556 1684 612 Itaque

299 649 391 678 eum
414 633 635 676 Hortensio
668 634 766 676 mihi
810 635 944 688 magis
978 633 1213 675 arbitrabar
1240 646 1327 674 rem
1356 645 1473 682 esse,
1511 634 1618 687 quod
1648 641 1684 675 et

300 712 465 755 dicendi
508 712 656 755 ardore
696 726 808 754 eram
849 713 1016 769 propior
1060 718 1099 753 et
1135 717 1269 753 aetate
1313 712 1579 753 coniunctior.
1639 709 1689 752 Et

300 792 408 833 enim
436 790 623 833 videram
652 791 695 832 in
728 791 885 833 eisdem
915 792 1077 839 causis,
1116 796 1155 831 ut
1185 802 1258 846 pro
1290 788 1348 829 M.
1384 787 1585 831 Canuleio
1614 802 1687 845 pro

301 868 374 910 Cn.
410 867 635 911 Dolabella
680 869 910 919 consulari,
958 882 1047 911 cum
1087 867 1206 910 Cotta
1247 869 1436 924 princeps
1484 867 1689 909 adhibitus

301 954 434 996 esset,
478 949 639 1004 priores
681 954 818 989 tamen
863 961 990 1002 agere
1034 947 1163 1003 partis
1204 945 1476 988 Hortensium.
1552 959 1688 988 acrem

301 1026 410 1067 enim
435 1032 641 1068 oratorem
670 1027 880 1068 incensum
906 1033 945 1067 et
971 1032 1158 1079 agentem
1182 1031 1220 1066 et
1243 1037 1436 1066 canorum
1464 1037 1689 1066 concursus

301 1102 508 1146 hominum
547 1104 708 1158 forique
748 1105 939 1158 strepitus
979 1103 1200 1144 desiderat.
1268 1101 1364 1143 318.
1401 1100 1528 1143 Unum
1567 1103 1691 1156 igitur

302 1193 472 1231 annum,
505 1194 595 1222 cum
624 1181 893 1222 rediissemus
928 1193 977 1221 ex
1001 1181 1127 1229 Asia,
1152 1192 1312 1221 *causas
1340 1178 1493 1221 nobilis
1518 1183 1688 1233 egimus,

302 1271 391 1300 cum
424 1264 688 1314 quaesturam
717 1269 794 1298 nos
825 1256 1080 1298 consulatum
1109 1254 1230 1297 Cotta
1253 1256 1504 1297 aedilitatem
1534 1264 1690 1312 peteret

299 1335 558 1378 Hortensius.
626 1333 791 1377 Interim
836 1347 899 1376 me
948 1340 1208 1389 quaestorem
1250 1331 1487 1375 Siciliensis
1532 1337 1689 1391 excepit

302 1425 453 1463 annus⁷
486 1412 606 1455 Cotta
635 1426 685 1455 ex
711 1412 929 1455 consulatu
957 1418 1019 1453 est
1048 1411 1255 1467 profectus
1283 1414 1324 1453 in
1349 1410 1548 1463 Galliam3
1579 1416 1689 1469 prin-

301 1503 400 1546 ceps
440 1497 480 1533 et
519 1498 607 1534 erat
639 1497 678 1533 et
706 1490 939 1533 habebatur
967 1489 1223 1532 Hortensius.
1284 1489 1384 1531 Cum
1417 1497 1550 1533 autem
1582 1505 1689 1534 auno

298 1575 393 1625 post
432 1582 483 1611 ex
526 1568 678 1612 Sicilia
707 1583 770 1612 me
812 1570 1085 1625 recepissem,
1131 1569 1215 1610 iam
1254 1568 1472 1611 videbatur
1508 1570 1610 1612 illud
1647 1573 1688 1612 in

300 1659 386 1697 me,
417 1648 611 1704 quicquid
641 1654 770 1698 esset,
803 1660 897 1690 esse
925 1647 1147 1703 perfectum
1180 1653 1219 1688 et
1240 1646 1395 1689 habere
1418 1650 1689 1691 maturitatem

301 1725 508 1780 quandam
545 1740 675 1768 suam.
734 1725 865 1768 Nimis
905 1726 1033 1768 multa
1062 1725 1209 1768 videor
1248 1725 1297 1767 de
1329 1739 1413 1776 me,
1448 1727 1537 1783 ipse
1568 1741 1691 1783 prae-

301 1803 461 1844 sertim:
507 1804 582 1845 sed
621 1805 730 1846 omni
769 1803 865 1846 huic
899 1805 1079 1847 sermoni
1114 1806 1365 1860 propositum
1410 1810 1490 1853 est,
1529 1817 1611 1847 11011
1649 1814 1689 1847 ut

301 1881 510 1934 ingenium
556 1887 595 1922 et
637 1881 913 1936 eloquentiam
958 1895 1091 1923 meam
1128 1883 1376 1936 perspicias,
1422 1883 1527 1925 uude
1565 1883 1689 1938 longe

385 2013 444 2040 318.
482 2020 515 2039 ex
535 2012 658 2047 Sicilia]
679 2022 693 2040 e
714 2014 825 2041 Sicilia.

391 2123 502 2158 XCII.
551 2124 627 2158 317.
675 2130 712 2159 et
746 2124 867 2167 enim]
902 2123 967 2169 Lg.
1001 2124 1057 2158 39.
1090 2124 1144 2159 56.
1178 2125 1232 2159 58.
1280 2125 1370 2159 Ven.
1400 2126 1427 2160 l.
1474 2126 1529 2160 ed.
1564 2138 1615 2171 pr.
1645 2147 1689 2152 —-

305 2179 508 2224 Canuleio]
546 2179 757 2226 Canuleqio
790 2180 858 2213 Gu.
886 2179 914 2215 l.
951 2186 1055 2214 sueto
1085 2180 1188 2215 vitio.
1214 2199 1259 2206 —
1293 2182 1445 2227 partis]
1477 2184 1528 2217 sic
1559 2183 1625 2229 Lg.
1653 2185 1685 2219 S.

301 2236 356 2271 35.
382 2236 436 2272 39.
462 2236 517 2272 51.
542 2236 596 2272 53.
623 2236 678 2271 56.
703 2236 756 2271 70.
794 2236 886 2271 Ven.
911 2236 939 2271 l.

393 2314 471 2349 318.
518 2314 791 2358 rediissemus]
810 2314 1048 2349 redissemus
1071 2313 1137 2360 Lg.
1157 2314 1212 2350 20.
1238 2314 1294 2349 ed.
1312 2326 1364 2359 pr.
1383 2334 1430 2342 ·-
1455 2315 1614 2360 nobilis]
1639 2318 1690 2351 sic

300 2369 368 2415 Lg.
391 2369 424 2404 8.
448 2370 504 2405 35.
529 2371 585 2406 39.
610 2371 664 2406 51.
689 2370 744 2406 53.
771 2370 825 2404 56.
852 2371 906 2405 58.
932 2371 986 2405 68.
1013 2370 1067 2404 70.
1108 2368 1183 2405 Ott.
1208 2391 1252 2395 -—
1289 2382 1339 2405 ex
1363 2369 1522 2416 Sicilia]
1547 2373 1598 2407 sic
1621 2372 1687 2418 Lg.

302 2436 393 2471 quos
416 2427 524 2461 niodo
550 2428 703 2462 diximus
728 2432 765 2461 et
789 2427 844 2462 ed.
872 2438 943 2473 pr.;
977 2426 1153 2472 Meyerus
1178 2439 1209 2463 e.
1234 2446 1278 2452 —
1316 2428 1517 2473 quiequid]
1541 2430 1592 2462 sic
1620 2428 1686 2474 Lg.

301 2493 444 2525 omnes,
470 2482 564 2519 Ven.
581 2484 610 2517 l.
639 2482 714 2519 Ott.
742 2483 826 2519 Vat.

393 2549 470 2586 319.
517 2549 731 2597 plurumis]
764 2551 815 2586 sic
839 2549 904 2596 Lg-
928 2549 960 2586 8.
985 2549 1040 2584 51.
1074 2547 1151 2586 Ott.
1184 2562 1268 2585 mox
1294 2562 1479 2586 mamume
1511 2552 1545 2586 hi
1573 2558 1606 2586 et
1630 2552 1685 2587 35

302 2606 356 2640 53.
382 2606 438 2641 58.
465 2606 520 2641 68.
547 2607 601 2641 70.

395 2683 523 2720 XCIII.
575 2686 813 2729 oratoriam]
850 2690 1052 2721 oratorum
1087 2683 1212 2718 Lamb.
1247 2685 1440 2719 secundum
1476 2687 1684 2729 Corradum,

305 2738 411 2781 Sela,
436 2751 507 2775 non
533 2740 767 2777 dissentiente
790 2742 959 2787 Meyero.
1009 2741 1090 2776 Iure
1116 2741 1295 2787 improbat
1318 2741 1549 2787 Bernhardy.
1574 2763 1617 2768 -—
