1835 3126
282 242 371 287 20
492 213 687 281 enetos
718 235 1111 289 ELOQUENTlAE
1142 237 1277 282 ROM.
1309 238 1454 281 lusr.

281 366 366 394 nem
394 352 606 393 Asiaticum
622 349 713 401 (5⁷),
744 351 801 390 M.
827 350 1003 393 Fulvium
1029 353 1271 394 Nobiliorem
1291 352 1520 393 Aetolorum
1548 351 1674 392 victo·

282 433 362 460 rem
392 417 484 469 (⁵⁸),
525 418 663 469 quihus
695 418 869 457 omnibus
898 419 1118 471 peculatum
1149 426 1215 460 aut
1242 421 1346 461 vitae
1376 419 1571 459 luxuriam
1603 418 1673 457 ob-

284 487 392 534 iecit3
434 485 525 536 quin
563 484 626 524 vel
664 495 739 536 quo
777 497 877 524 anno
916 492 1087 525 mortuus
1121 487 1262 536 fertur,
1300 499 1335 526 a.
1374 500 1410 525 u.
1450 486 1550 532 605,
1590 495 1674 523 cum

282 554 367 594 Ser.
402 552 529 592 Galba
565 556 725 603 propter
753 551 962 592 Lusitanos
1000 554 1250 593 iniustissime
1285 553 1510 593 interfectos
1543 551 1606 591 vel
1635 551 1675 589 in

283 620 504 658 servitutem
538 617 714 658 venditos
751 630 774 656 a
803 619 848 658 L.
879 620 1028 659 Libone
1069 621 1224 659 tribuno
1259 621 1298 658 in
1326 620 1464 672 populi
1492 619 1674 658 iudicium

283 685 470 724 adductus
510 690 631 733 esset,
678 685 912 735 gravissima
951 686 1128 725 oratione
1165 686 1293 736 legem
1333 688 1454 725 suasit
1481 684 1564 737 (39).
1632 685 1675 724 In

284 764 450 792 censura
488 756 614 791 autem
653 763 730 790 non
760 752 872 791 modo
898 753 943 792 L.
974 752 1232 792 Flamininum
1263 753 1526 800 consularem,
1563 763 1675 802 quem

285 824 421 858 senatu
442 819 570 867 movit,
599 820 841 869 gravissimis
867 819 1089 858 criminibus
1112 820 1273 870 ingestis
1294 820 1504 859 insectatus
1522 824 1578 857 est
1594 813 1678 868 (9⁰),

285 885 353 925 sed
382 886 427 924 L.
461 897 615 936 quoque
639 886 818 934 Veturio,
845 886 907 924 cui
939 897 1077 937 equum
1108 886 1250 925 ademit
1267 884 1355 938 (9¹),
1389 892 1425 925 et
1446 886 1506 925 Ti.
1531 885 1678 925 Neroni

285 953 415 992 nescio
448 953 510 991 cui
529 950 601 1002 (⁹²)
633 952 787 991 easdem
817 965 964 991 morum
994 958 1105 992 notas
1136 954 1285 993 inussit.
1330 954 1545 994 Praeterea
1574 951 1678 1004 apud

286 1030 487 1066 censores,
519 1019 584 1070 qui
609 1030 684 1070 quo
716 1031 815 1058 anno
839 1019 985 1058 fuerint
1009 1020 1235 1070 ignoratur,
1267 1021 1306 1058 in
1329 1019 1533 1059 Lentulum
1558 1030 1678 1070 quen-

286 1086 374 1125 dam
418 1086 518 1135 egit,
565 1085 668 1136 apud
709 1085 894 1137 populum
934 1087 974 1124 in
1012 1086 1235 1126 Cornelium
1279 1086 1410 1125 nescio
1451 1096 1563 1136 quem
1585 1082 1678 1136 (9³);

285 1156 546 1192 memorantur
591 1152 706 1190 etiam
750 1153 948 1192 orationes
992 1153 1031 1191 in
1077 1153 1347 1204 Sempronium
1384 1153 1562 1203 Longum
1598 1153 1679 1192 An-

285 1220 387 1258 nium
414 1216 483 1270 (⁹⁴)
524 1218 715 1270 Lepidum
753 1220 921 1271 Oppium
955 1219 1164 1259 Manilium
1201 1216 1408 1259 Nasicam:
1453 1230 1554 1271 quae
1592 1230 1680 1257 num

288 1297 418 1326 omnes
451 1286 653 1325 censoriae
682 1286 826 1325 suerint
855 1287 1074 1337 ignoratur.
1130 1286 1209 1327 Sed
1238 1287 1491 1339 praecipuam
1521 1297 1680 1338 operam

285 1353 470 1405 Hispanis
499 1353 716 1405 praestitit,
749 1354 888 1405 quibus
917 1354 991 1392 boc
1020 1359 1182 1405 propter
1211 1365 1274 1393 res
1305 1353 1407 1405 apud
1433 1365 1500 1393 eos
1524 1353 1565 1392 in
1588 1364 1681 1392 con-

288 1420 419 1460 sulatu
458 1424 590 1470 gestas
635 1424 672 1458 et
713 1419 856 1459 famam
895 1421 1113 1460 severitatis
1151 1426 1303 1472 partam
1344 1421 1509 1459 maxime
1548 1419 1681 1458 deberi

286 1487 461 1540 putabat.
519 1486 570 1525 Hi
607 1486 706 1524 enim
744 1499 768 1525 a
804 1487 1093 1538 provinciarum
1128 1487 1375 1538 praesidibus
1413 1498 1532 1538 saepe
1562 1496 1682 1526 avare

289 1560 326 1594 et
362 1552 572 1593 crudeliter
607 1553 731 1592 habiti
769 1553 882 1592 modo
923 1553 972 1592 ad
1009 1565 1136 1601 arma,
1182 1553 1295 1592 modo
1336 1553 1386 1592 ad
1423 1553 1569 1592 iudicia
1606 1552 1684 1591 acti

289 1626 387 1660 sunt.
431 1620 595 1660 Praeter
621 1620 771 1659 Galbae
802 1631 959 1659 causam
989 1620 1269 1659 nobilissimam
1295 1621 1376 1671 egit
1396 1621 1435 1659 in
1455 1621 1499 1660 P.
1523 1620 1683 1660 Furium

289 1693 452 1742 propter
488 1688 719 1726 frumentum
756 1687 897 1726 acerbe
928 1688 1190 1735 aestimatum,
1231 1688 1292 1726 cui
1331 1688 1571 1727 accusationi
1601 1686 1683 1725 alia

290 1756 479 1806 graviora
517 1754 679 1793 crimina
715 1752 887 1792 admixta
920 1752 1042 1792 fuisse
1079 1765 1128 1792 ex
1155 1754 1268 1794 Livio
1307 1755 1447 1794 coniici
1474 1754 1566 1793 licet
1592 1750 1682 1803 (9⁵);

291 1824 424 1874 itaque
464 1820 684 1860 damnatum
713 1820 903 1859 hominem
935 1820 1147 1859 Praeneste
1179 1821 1396 1860 exsulatum
1427 1821 1558 1860 abisse
1589 1832 1681 1860 con-

292 1894 368 1928 stat
387 1886 469 1939 (⁹⁶).
515 1887 649 1926 Iuncta
676 1887 765 1926 huic
793 1886 866 1925 fuit
889 1886 932 1926 P.
954 1886 1121 1926 Matieni
1152 1899 1290 1934 causa,
1324 1889 1389 1939 qui
1418 1888 1502 1940 ipse
1529 1899 1684 1939 quoque

293 1956 494 1995 damnatus
526 1959 583 1994 est
604 1952 685 2004 (97).
731 1953 858 1994 Etiam
887 1953 933 1994 L.
958 1953 1139 1994 Pisonem
1169 1966 1376 1994 accusasse
1404 1966 1453 1994 ex
1481 1955 1685 2007 provincia

407 2142 467 2184 87)
493 2141 572 2176 Liv.
593 2141 798 2177 XXXVIII.
824 2143 880 2177 54.
907 2142 952 2177 (le
977 2154 1047 2187 qua
1072 2155 1180 2178 causa
1204 2144 1336 2178 rectius
1357 2142 1516 2188 Meyero
1542 2143 1682 2188 (fragm.

294 2195 359 2233 Or.
386 2197 464 2231 Lat.
498 2209 533 2242 p.
559 2198 630 2239 50.)
667 2198 885 2233 existimavit
919 2199 1112 2234 VVesterm.
1146 2200 1169 2235 I.
1197 2211 1225 2235 e.
1263 2212 1298 2245 p.
1324 2199 1379 2234 46.
1494 2198 1554 2242 88)
1589 2199 1684 2236 Gell.

294 2253 339 2289 V.
366 2253 398 2289 6.
435 2253 479 2288 cf.
507 2252 590 2288 Liv.
615 2253 785 2288 XXXIX.
810 2255 843 2287 5.
960 2254 1021 2298 89)
1047 2256 1121 2290 Cic,
1147 2254 1248 2289 Brut.
1273 2255 1327 2291 23.
1370 2255 1515 2289 Muren.
1539 2254 1602 2296 28,
1628 2255 1683 2289 58.

296 2310 396 2344 Suet.
414 2309 517 2344 Galb.
535 2309 567 2344 3.
589 2309 648 2344 ubi
666 2321 701 2343 v.
720 2309 874 2346 Casaub.
900 2309 983 2346 Liv.
1005 2312 1089 2356 epit.
1107 2310 1238 2345 XLIX.
1264 2310 1346 2347 Val.
1364 2311 1466 2347 Max.
1489 2311 1587 2347 VIII.
1610 2310 1638 2353 l,
1652 2310 1683 2346 2.

295 2365 390 2400 Plut.
413 2366 489 2399 Cat.
510 2366 561 2399 15.
588 2366 617 2399 is
643 2366 785 2410 quidem
805 2366 938 2409 Livio,
966 2372 1003 2401 ut
1023 2373 1147 2402 cetera
1166 2368 1362 2413 pleraque,
1390 2369 1495 2403 etiam
1518 2368 1608 2402 haec
1629 2378 1685 2401 ac·

297 2428 402 2465 cepta
419 2421 556 2455 referre
576 2422 726 2456 videtur.
843 2423 903 2466 90)
928 2422 1009 2458 Liv.
1026 2424 1191 2459 XXXIX.
1211 2424 1254 2458 42
1266 2437 1343 2470 sqq.
1371 2426 1444 2461 Cic.
1463 2427 1541 2461 Cat.
1561 2424 1615 2467 12,
1632 2424 1685 2458 42.

296 2478 355 2520 91)
382 2477 509 2511 Festus
534 2490 569 2512 v.
596 2483 702 2513 stata
728 2479 939 2524 sacrificia.
1057 2479 1116 2523 9²2)
1141 2480 1254 2515 Prisc.
1283 2481 1307 2516 l.
1342 2494 1376 2527 p.
1402 2482 1480 2515 2214.
1528 2480 1687 2514 Dubium

299 2540 352 2567 est
372 2534 447 2577 quis
470 2533 575 2568 suerit
601 2536 629 2569 is
646 2535 766 2578 Nero,
793 2549 827 2571 v.
845 2535 985 2581 Meyer.
1007 2537 1028 2571 I.
1049 2547 1078 2571 c.
1106 2548 1139 2582 p.
1157 2537 1212 2573 68.
1331 2539 1390 2581 93)
1421 2538 1550 2572 Festus
1573 2549 1605 2572 v.
1626 2549 1686 2570 re·

296 2590 449 2636 puls-ior
465 2590 702 2625 Cornelianae
718 2594 837 2635 testis,
861 2593 906 2627 de
919 2592 1075 2627 Lentulo
1092 2604 1125 2628 V.
1143 2593 1234 2629 Gell.
1249 2594 1293 2629 V.
1310 2595 1360 2630 13.
1478 2594 1537 2637 94)
1560 2594 1687 2629 Festus

299 2657 333 2681 v.
359 2648 597 2692 samaras-cit,
622 2654 657 2682 et
681 2660 716 2683 v.
743 2649 992 2694 quadrantal.
1040 2649 1176 2684 Fronto
1202 2650 1251 2684 de
1276 2651 1405 2696 feriis.
1457 2650 1529 2685 Cic.
1556 2650 1601 2684 de
1621 2647 1685 2684 Or.

300 2702 343 2736 II.
377 2702 441 2744 64,
472 2703 560 2744 2603
601 2715 801 2749 quanquam
836 2707 975 2741 incerta
1006 2717 1064 2741 res
1097 2706 1143 2741 de
1178 2708 1353 2742 oratione.
1402 2707 1497 2742 Plut.
1524 2707 1600 2743 Cat.
1633 2705 1684 2741 17.

299 2759 359 2803 95)
384 2758 465 2796 Liv.
490 2758 617 2795 XLIII.
642 2760 673 2796 2.
714 2760 847 2798 Charis.
867 2762 892 2800 I.
919 2775 953 2809 p.
974 2762 1026 2798 98.
1146 2763 1206 2809 97)
1232 2763 1312 2801 Liv.
1340 2763 1362 2799 I.
1388 2776 1416 2800 c.
