1835 3126
556 195 815 241 BRUTUS
855 195 974 239 GAP.
1005 197 1071 240 39.
1102 197 1172 245 40..
1438 199 1556 243 221

171 308 353 353 sellendo
382 307 526 364 'magis
561 310 829 352 existumator
863 309 1102 352 metuendus
1139 322 1259 366 quam
1291 309 1556 352 admirandus

168 394 320 430 orator.

278 463 371 506 XL.
404 463 497 507 147.
528 463 678 507 Verum
703 465 755 508 ad
779 465 976 508 Crassum
1003 472 1270 509 revertamur.
1324 464 1429 507 Tum
1451 464 1555 506 Bru-

166 549 251 593 tus,
295 541 385 585 Etsi
426 544 552 593 satis,
598 545 750 600 inquit,
794 544 892 586 mihi
935 544 1110 586 videbar
1152 544 1306 587 habere
1348 544 1555 598 cognitum

167 619 418 664 Scaevolam
443 635 493 664 ex
524 623 575 664 iis
605 623 751 673 rebus,
783 636 886 679 quas
917 623 1136 665 audiebam
1168 636 1293 678 saepe
1325 635 1375 664 ex
1403 620 1555 662 (12101-

167 699 275 750 tilio,
314 714 393 756 quo
424 700 570 743 utebar
598 708 763 757 propter
792 701 1117 743 familiaritatem
1147 700 1382 743 Scaevolae
1411 700 1554 748 nostri,

164 784 302 820 tamen
338 780 421 821 ista
459 779 558 820 mihi
598 782 687 821 eius
724 779 888 821 dicendi
923 786 1039 820 tanta
1075 779 1169 820 laus
1206 785 1305 820 nota
1339 791 1420 819 non
1453 783 1552 818 erat.

163 853 306 911 Itaque
346 858 436 912 cepi
472 856 722 912 voluptatem
765 863 848 898 tam
888 863 1073 898 ornatum
1110 858 1243 898 virum
1280 861 1444 909 tamque
1485 867 1556 896 ex-

165 933 323 976 cellens
360 936 571 988 ingenium
607 934 738 975 fuisse
775 935 816 975 in
853 940 998 975 nostra
1031 947 1076 976 re
1106 933 1285 989 publica.
1346 930 1440 972 148.
1478 929 1555 989 llic

165 1025 263 1066 ego,
296 1010 414 1061 Noli,
435 1010 816 1074 ,11111110111ΆΒΥιιῐω
858 1013 1106 1065 existumare
1145 1010 1210 1053 his
1251 1009 1416 1067 duobus
1441 1009 1556 1068 quic-

164 1085 467 1155 Qafflffflsffe
503 1091 751 1142 igr-„nostra
779 1091 945 1137 civitate
983 1091 1281 1146 praestantius
1338 1101 1465 1142 ynam,
1514 1092 1557 1129 ut

161 1168 286 1225 paulo
320 1174 414 1210 ante
446 1168 551 1218 dixi,
592 1169 872 1211 consultorum
905 1168 1078 1210 alterum
1109 1169 1456 1216 disertissumum‚
1494 1165 1557 1207 di-

164 1253 368 1290 sertorum
410 1246 584 1288 alterum
616 1247 975 1290 consultissumum
1002 1247 1162 1290 fuisse:
1203 1248 1265 1288 sic
1306 1247 1348 1287 in
1382 1244 1557 1299 reliquis

163 1325 288 1368 rebus
331 1327 391 1367 ita
428 1325 654 1368 dissimiles
684 1333 802 1368 erant
840 1327 947 1368 inter
977 1339 1091 1375 sese,
1130 1330 1310 1367 statuere
1348 1329 1391 1364 ut
1419 1329 1557 1365 tamen

162 1416 246 1445 non
287 1415 436 1458 posses
478 1405 607 1445 utrius
647 1410 687 1445 te
728 1404 877 1446 malles
923 1403 1178 1446 similiorem.
1249 1401 1428 1444 Crassus
1468 1406 1558 1442 erat

165 1481 416 1535 elegantium
446 1483 748 1536 parcissumuS‚
789 1480 1001 1524 Scaevola
1028 1494 1248 1537 parcorum
1278 1480 1557 1534 elegantissu-

165 1573 269 1601 mus.
331 1558 511 1601 Crassus
548 1561 590 1601 in
621 1573 780 1602 summa
810 1561 1001 1602 comitate
1034 1559 1215 1601 habebat
1246 1560 1370 1600 etiam
1400 1558 1557 1600 severi-

161 1639 259 1680 tatis
282 1639 404 1688 satis‚
432 1636 667 1680 Scaevolae
692 1638 820 1680 multa
839 1639 883 1680 in
906 1640 1126 1680 severitate
1148 1651 1232 1679 non
1254 1637 1396 1678 deerat
1417 1642 1556 1677 tamen

165 1718 352 1759 comitas.
413 1715 507 1759 149.
547 1714 667 1759 Licet
706 1717 845 1759 omnia
878 1715 959 1758 hoc
995 1716 1140 1758 modo:
1183 1714 1258 1757 sed
1292 1727 1463 1766 vereor,
1502 1725 1554 1755 ne

250 1873 310 1899 147.
344 1871 463 1907 utebar]
483 1872 630 1899 utebatur.

164 1984 230 2030 Lg.
257 1983 302 2020 53
321 1996 412 2021 corr.
439 1984 494 2020 58.
534 1984 604 2020 Gu.
626 1986 656 2020 l.
677 2005 722 2010 —
756 1985 1036 2030 existumator]
1060 1985 1112 2020 sic
1134 1984 1202 2031 Lg.
1226 1984 1258 2020 S.
1280 1982 1335 2017 35.
1357 1982 1412 2018 68.
1437 1981 1491 2017 70.
1511 2001 1556 2008 -

163 2042 440 2086 admirandus]
467 2041 720 2078 admirabilis
742 2042 808 2110 G'u.
833 2043 862 2077 l.

255 2131 333 2168 XL.
386 2131 461 2167 147.
511 2134 562 2166 iis
594 2131 722 2175 rebus]
757 2130 820 2165 his
852 2130 967 2165 rebus
997 2130 1064 2175 Lg.
1091 2130 1123 2165 8.
1159 2129 1213 2164 39.
1242 2128 1296 2163 51.
1331 2127 1385 2161 53.
1417 2127 1472 2162 56.
1499 2128 1555 2163 58.

164 2187 218 2221 68.
239 2188 295 2222 70.
324 2188 391 2222 Gu.
418 2190 445 2222 l.
462 2207 507 2212 —
532 2199 605 2232 quo
630 2187 780 2229 utebar]
807 2186 1005 2220 Gebhardti
1030 2186 1141 2230 (obss.
1167 2186 1203 2218 in
1230 2185 1303 2220 Cic.
1322 2183 1426 2218 Brut.
1452 2196 1486 2228 p.
1506 2183 1555 2227 5.)

166 2244 409 2279 coniecturam
432 2243 636 2277 utebamur
659 2243 818 2287 sequitur
842 2241 1040 2288 Meyer-us,
1067 2241 1292 2287 redarguitur
1316 2245 1435 2274 autem
1460 2240 1557 2273 clare

164 2300 278 2335 verbo
302 2300 494 2334 coniuncto
518 2298 738 2333 audiebam.
781 2297 911 2334 Orellii
930 2298 1088 2343 suspicio
1108 2297 1257 2337 utebar,
1283 2308 1388 2341 quam
1408 2307 1556 2341 sequor,

163 2355 328 2390 firmatur
347 2356 452 2390 codd.
474 2354 542 2400 Lg.
561 2355 615 2390 35.
635 2355 688 2389 51.
713 2353 837 2390 ottob.
875 2355 966 2390 Cett.
990 2355 1073 2388 libri
1099 2365 1172 2399 quo
1193 2352 1389 2388 utebatur.
1427 2352 1556 2386 Arnol-

165 2413 231 2447 dus
258 2419 292 2447 et
316 2412 519 2446 VVetzelius
551 2411 752 2446 malebant:
790 2411 970 2446 Rutz‘lz‘o:
1002 2422 1078 2457 qua
1106 2409 1294 2445 utebatur
1315 2413 1436 2456 pater
1462 2408 1555 2453 (Ru-

163 2469 266 2512 tilii),
292 2468 620 2513 familiaritatem
641 2466 856 2502 Scaevolae
880 2470 1006 2507 ⁷zosti5
1029 2468 1211 2502 sententia
1232 2467 1386 2511 abrupta
1408 2471 1443 2499 et
1461 2465 1556 2498 male

163 2536 270 2560 nexa.
295 2545 342 2550 —
366 2524 585 2560 Scaevolae
607 2525 750 2569 nostri]
775 2525 848 2560 inv.
873 2523 941 2570 Lg.
966 2524 1022 2560 20.

258 2615 335 2650 148.
383 2616 610 2661 quiequam]
635 2615 686 2650 sic
709 2616 814 2650 codd.
840 2626 985 2656 omnes3
1010 2625 1046 2649 v.
1066 2614 1204 2649 Comm.
1225 2612 1284 2648 Cr.
1314 2613 1350 2647 in
1375 2612 1420 2647 (le
1440 2609 1504 2647 Or.
1527 2610 1552 2645 1.

163 2672 205 2714 8,
230 2672 284 2708 30.
310 2692 356 2697 —
384 2674 680 2719 parcissumus]
710 2675 997 2720 paratissimus
1028 2670 1096 2717 Lg.
1115 2671 1170 2706 70.
1193 2690 1238 2696 ——
1272 2672 1393 2706 etiam
1419 2669 1554 2704 severi-

165 2729 276 2773 tatis]
302 2730 374 2766 inv.
401 2729 458 2766 ed.
481 2741 536 2776 pr.
