1835 3126
263 214 395 258 440
814 208 1019 252 INDEX
1076 211 1107 252 1.

271 322 409 357 Macri
434 319 561 353 Licinii
592 330 650 353 res
676 321 864 365 expositae
889 320 944 354 44.

270 375 499 413 Macrobius
524 381 705 409 correctus
733 376 784 409 14.
810 380 884 409 not.
908 374 965 410 87.

270 435 305 468 in
332 431 538 466 Maenium
563 431 680 466 oratio
708 431 748 467 C.
772 431 925 466 Gracchi
949 431 1005 466 20.

274 489 313 523 C.
338 487 477 522 Mallii
499 487 678 522 Maximi
701 489 966 523 commiseratio
993 488 1048 523 26.

271 546 307 579 in
331 544 565 579 Mancinum
591 546 710 579 oratio
736 544 788 581 Ti.
816 544 971 579 Gracchi
999 545 1051 579 18.

272 603 306 636 in
333 600 536 636 Manlium
561 600 795 637 Mancinum
820 602 937 636 oratio
962 600 1104 635 Metelli
1128 600 1308 637 Numidici
1332 603 1386 639 23.
1414 610 1487 640 not.
1512 606 1566 641 32.

274 658 334 693 Μ.
362 657 584 692 Marcellus
610 664 734 692 orator
758 658 812 694 49.

273 713 318 750 L.
345 714 498 750 Marcii
521 713 706 761 Philippi
732 726 790 749 res
816 714 1005 760 expositae
1029 714 1083 748 28.

273 771 425 806 Marcii
454 771 573 817 Bessis
600 772 863 806 commiseratio
889 772 1094 805 Antoniana
1118 770 1174 805 26.

273 827 330 863 M.
358 827 520 863 Marius
551 827 813 863 Gratidianus
841 827 886 861 ab
909 828 1067 862 Antonio
1092 827 1260 862 defensus
1284 827 1338 863 26.

273 896 341 931 pro
368 883 578 919 Mas-inilia
604 885 720 919 oratio
746 885 914 919 Caesaris
937 885 992 919 47.

273 940 319 975 P.
346 940 548 978 Matienus
571 954 593 976 a
617 942 757 976 Catone
783 941 984 986 postulatus
1012 940 1064 975 13.

279 998 318 1033 C.
351 1001 383 1032 δι
415 998 459 1032 L.
489 997 770 1032 Memmiorum
803 1009 862 1031 res
894 998 950 1033 24.
981 1017 1026 1022 —-
1067 999 1108 1032 in
1144 997 1183 1032 C.
1211 996 1443 1032 Memmium
1472 999 1590 1033 oratio
1620 999 1663 1034 L.

320 1055 439 1090 Crassi
456 1055 510 1090 27.
526 1075 571 1079 —-
601 1054 636 1089 G.
653 1054 870 1089 Memmius
888 1054 932 1089 L.
948 1054 986 1088 F.
1011 1053 1065 1088 49.
1083 1075 1124 1081 -
1151 1055 1185 1087 in
1201 1066 1281 1088 eum
1295 1054 1459 1090 Caesaris
1478 1057 1594 1090 oratio
1608 1056 1661 1091 47.

276 1110 482 1145 Menelaus
506 1111 746 1145 Mai-amenus
772 1111 810 1145 C.
834 1110 988 1144 Gracchi
1012 1110 1179 1156 magister
1207 1110 1257 1145 ll.
1284 1110 1338 1145 ⁴20.

275 1165 491 1200 Messallae
515 1167 670 1200 oratoris
692 1178 750 1200 res
775 1178 809 1201 v.
850 1167 1036 1201 Valerius.

274 1223 309 1256 in
329 1222 563 1256 Messallam
590 1223 771 1255 accusatio
796 1220 939 1256 Metelli
957 1222 1139 1256 Numidici
1161 1222 1214 1256 23.
1233 1243 1278 1247 —
1305 1223 1397 1258 alius
1416 1223 1594 1260 Messalla
1619 1226 1664 1261 ab

321 1278 519 1313 Hortensio
548 1278 717 1314 defensus
742 1277 797 1312 43.

279 1335 320 1377 Q.
346 1334 531 1370 Metellus
554 1334 597 1370 L.
624 1335 662 1369 F.
691 1346 762 1369 cos.
787 1334 855 1368 548
880 1334 912 1369 7.

274 1392 310 1426 in
337 1391 380 1425 L.
408 1391 610 1426 Metellum
635 1391 922 1426 Diadematum
949 1390 1066 1425 oratio
1092 1391 1131 1426 C.
1155 1390 1309 1425 Gracchi
1333 1391 1388 1426 20.

280 1448 325 1489 Q.
350 1447 529 1483 Metellus
557 1448 843 1483 Macedonicus
874 1447 926 1483 17.

279 1504 322 1546 Q.
349 1504 534 1540 Metellus
562 1505 695 1551 Nepos
721 1517 743 1539 a
769 1505 924 1540 Curione
950 1508 1136 1538 accusatus
1160 1504 1216 1538 32.

279 1561 323 1603 Q.
346 1561 500 1597 Metelli
525 1561 733 1596 Numidici
757 1573 814 1595 res
842 1561 1032 1606 expositae
1057 1560 1110 1594 23.

276 1629 344 1663 pro
369 1617 530 1653 Metello
556 1617 744 1665 Scipione
769 1619 886 1652 oratio
912 1617 1078 1653 Caesaris
1103 1617 1155 1651 47.

277 1675 323 1709 ad
348 1675 495 1709 milites
522 1676 641 1709 oratio
666 1675 832 1710 Caesaris
857 1675 911 1709 47.

278 1730 383 1765 Milo
409 1731 453 1765 ab
477 1731 671 1766 Hortensio
697 1732 865 1766 defensus
890 1730 945 1766 43.
963 1750 1008 1755 —
1039 1741 1107 1776 pro
1128 1742 1173 1765 eo
1197 1732 1332 1777 scripta
1351 1732 1466 1766 oratio
1487 1732 1589 1768 Bruti
1611 1735 1664 1769 52.

278 1786 464 1832 Ἀΐιμήσεις
487 1789 636 1823 aliorum
661 1790 695 1822 in
719 1788 820 1822 libris
839 1788 1113 1822 Rhetoricorum
1139 1789 1186 1822 ad
1205 1788 1421 1824 Herennium
1439 1789 1493 1824 20.
1520 1796 1593 1824 not.
1611 1791 1665 1825 52.

278 1843 483 1879 Minucius
513 1844 700 1878 Thermus
725 1857 746 1878 a
771 1845 910 1878 Catone
937 1849 1123 1878 accusatus
1151 1844 1202 1880 13.

280 1899 544 1934 libies-arelius
569 1900 805 1945 philosophus
831 1912 852 1933 a
879 1901 1010 1935 Crasso
1036 1901 1176 1934 auditus
1199 1901 1255 1934 27.

279 1957 324 1990 cle
350 1955 472 1990 Modo
499 1956 775 2001 aedificiorum
803 1957 918 1990 oratio
945 1956 987 1990 P.
1012 1957 1137 1990 Rutilii
1161 1956 1214 1988 22.

280 2012 439 2047 Moschi
462 2025 570 2047 causa
595 2014 639 2047 ab
664 2013 786 2046 Asinio
808 2012 978 2045 Pollione
1005 2018 1086 2045 acta
1109 2012 1164 2046 53.

283 2069 327 2111 Q.
366 2068 496 2104 Mucii
530 2068 748 2103 Scaevolae
783 2079 843 2101 res
880 2068 1083 2112 explicatae
1116 2066 1170 2102 33.
1211 2088 1254 2093 -
1299 2069 1373 2103 eius
1408 2069 1667 2105 intercessione

326 2125 477 2160 Crassus
502 2125 681 2170 triumpho
705 2124 818 2158 caruit
845 2124 899 2158 27.

286 2182 325 2218 L.
353 2189 388 2217 et
413 2182 484 2230 Sp.
511 2182 699 2217 Mummii
725 2180 854 2215 fratres
881 2180 931 2214 17.

280 2362 348 2397 pro
374 2351 460 2386 Ser.
490 2352 638 2386 Naevio
667 2352 784 2385 oratio
809 2350 976 2385 Curionis
1004 2348 1115 2393 patris
1140 2349 1175 2382 in
1201 2347 1367 2383 Titiniam
1395 2349 1448 2385 32.

282 2407 553 2443 Narbonensis
577 2408 743 2442 coloniae
767 2418 875 2442 causa
899 2418 921 2439 a
944 2405 1076 2440 Crasso
1103 2411 1184 2438 arta
1207 2405 1262 2439 27.

281 2464 426 2499 Nestor
452 2471 488 2499 et
512 2465 641 2499 Ulixes
666 2464 851 2499 Homerici
877 2462 1105 2507 eloquentiae
1129 2462 1297 2507 exempla
1324 2461 1352 2494 1.

281 2534 350 2567 pro
377 2522 592 2556 Nicomede
615 2523 732 2556 oratio
758 2519 944 2555 Hortensii
967 2518 1024 2552 43.

282 2578 330 2613 Ρ.
360 2577 546 2625 Νιῃῖάἰιιε
571 2577 739 2624 Firmius
763 2579 821 2612 vir
845 2576 970 2611 doctus
996 2574 1051 2609 35.

284 2636 436 2670 Nonius
460 2635 661 2682 Asprenas
686 2647 707 2668 a
727 2634 898 2669 Pollione
924 2632 1091 2666 defensus
1114 2631 1168 2667 53.

286 2692 467 2727 Norbani
491 2704 601 2726 causa
627 2691 672 2726 ab
702 2690 861 2725 Antonio
888 2690 984 2724 (licta
1006 2688 1060 2724 26.

284 2760 351 2793 pro
381 2749 488 2793 Nysa
514 2750 631 2784 oratio
657 2747 822 2783 Caesaris
846 2747 899 2783 47.
