1835 3126
355 222 552 266 BREVIS
582 220 977 275 ELOQUENTIAE
1006 221 1140 266 ROM.
1172 221 1315 266 HlST.
1488 224 1530 268 9
1590 195 1599 202 l

794 369 829 423 ς.
860 372 898 410 6.

562 445 641 480 Viri
666 446 792 481 diserti
820 446 946 481 aetatis
971 446 1119 492 primae.

259 527 502 568 Disertorum
551 528 665 568 huius
711 528 850 568 aetatis
892 529 1086 568 hominum
1128 528 1325 581 pertenuis
1370 526 1421 567 ad
1462 539 1533 568 nos

147 596 321 647 pervenit
363 595 562 636 memoria.
630 595 746 645 Quis,
790 596 915 648 inquit
957 597 1015 637 M.
1060 596 1213 636 Tullius
1256 596 1296 634 in
1338 595 1441 635 libro
1486 594 1534 635 de

150 662 268 702 claris
308 663 530 702 oratoribus
549 660 637 713 (¹⁸),
676 675 753 703 non
782 669 890 716 putet
918 664 964 703 L.
994 664 1155 703 Brutum
1185 663 1306 702 fuisse
1337 662 1533 711 disertum,

147 729 251 780 quod
286 730 445 781 regibus
483 730 607 782 pulsis
645 731 838 770 civitatem
873 731 1027 781 legibus
1065 731 1437 782 magistratibusque
1467 729 1535 769 de-

146 796 342 836 vinxerit?
377 809 580 848 possumus
619 794 667 837 L.
698 798 897 838 Valerium
925 798 1111 844 Potitum,
1152 797 1219 847 qui
1255 801 1344 847 post
1382 796 1533 835 decem-

145 862 308 902 viralem
343 862 526 902 invidiam
564 863 718 913 plebem
745 863 786 901 in
812 867 943 913 patres
972 862 1171 900 incitatam
1198 861 1354 912 legibus
1386 863 1536 901 contio-

143 928 332 978 nibusque
370 928 624 978 mitigaverit;
665 933 702 968 et
733 940 833 980 quae
863 933 1086 980 sequuntur.
1146 927 1375 981 Quanquam
1404 929 1537 980 legum

142 993 391 1035 Valeriarum
419 995 458 1034 in
480 996 560 1035 hac
589 995 794 1046 mitigandi
821 996 1027 1048 provincia
1056 996 1224 1035 maiores
1254 1001 1386 1048 partes
1419 1008 1535 1047 quam

144 1062 363 1101 contionum
392 1062 560 1103 fuerunt.
618 1062 661 1102 In
681 1063 738 1103 M.
763 1063 944 1112 Valerio,
975 1075 1088 1115 quem
1118 1063 1280 1103 dicendo
1305 1063 1533 1103 seditionem

142 1128 182 1168 in
219 1133 346 1168 monte
383 1129 507 1169 Sacro
547 1129 706 1170 sedasse
744 1131 882 1171 Cicero
920 1130 1056 1179 tradit,
1095 1143 1179 1171 cum
1214 1131 1349 1171 Livius
1388 1131 1536 1183 aliique

143 1207 229 1236 eam
264 1196 420 1236 laudem
456 1197 661 1250 Agrippae
690 1198 875 1237 Menenio
910 1199 1134 1247 tribuerint,
1173 1210 1250 1238 non
1289 1199 1453 1247 erravit,
1497 1203 1536 1238 ut

143 1276 221 1304 non
264 1264 381 1304 nullis
419 1265 543 1304 visum
568 1262 656 1315 (¹⁹),
712 1265 781 1304 sed
824 1265 924 1304 alios
969 1266 1130 1305 annales
1176 1271 1327 1305 secutus
1368 1271 1425 1305 est
1450 1263 1534 1316 (²⁰).

141 1331 269 1371 Etiam
305 1331 346 1371 C.
385 1331 607 1371 Fabricium
644 1333 702 1372 M.
732 1333 929 1385 Popilium
966 1334 1023 1373 Μ’
1056 1333 1213 1373 Curium
1244 1333 1451 1373 Dentatum
1489 1334 1532 1374 G.

140 1398 373 1439 Flaminium
407 1392 599 1438 hominem
634 1399 860 1439 seditiosum
897 1400 944 1450 Q.
975 1400 1139 1440 Fabium
1168 1401 1384 1441 Maximum
1421 1402 1535 1453 quin-

143 1517 335 1563 collegium
356 1518 602 1552 Romanorum
625 1526 709 1553 aute
734 1519 930 1554 Caesarum
956 1525 1130 1561 aetatem,
1157 1531 1228 1564 qua
1254 1521 1431 1554 exstincta
1456 1526 1535 1555 erat

144 1572 378 1607 Etruscorum
413 1585 500 1619 gens
534 1580 568 1607 et
606 1586 651 1609 ne
684 1587 802 1609 sermo
837 1575 978 1620 quidem
1011 1582 1216 1621 superstes3
1253 1577 1319 1610 sed
1348 1577 1536 1623 disciplina

145 1629 373 1674 haruspicum
399 1630 443 1664 ab
461 1632 623 1676 augurali
649 1632 774 1666 divelli
800 1644 871 1666 non
893 1638 1024 1678 potest,
1051 1644 1122 1677 qua
1138 1623 1292 1666 Rom'ani
1318 1645 1441 1668 carere
1462 1646 1534 1669 non

144 1690 335 1730 poterant,
375 1687 459 1731 quia
492 1688 709 1722 cerimoniae
746 1700 870 1723 omnes
906 1689 960 1722 rei
994 1689 1161 1733 publicae
1196 1690 1398 1723 rationibus
1434 1702 1536 1736 rege-

144 1742 282 1777 bantur.
332 1742 373 1777 Id
407 1749 442 1778 et
468 1743 520 1778 Ti.
549 1744 704 1778 Gracchi
732 1745 889 1779 consulis
914 1746 1082 1790 exemplo
1115 1745 1212 1790 apud
1237 1745 1310 1781 Cic.
1337 1746 1382 1780 de
1411 1747 1534 1783 Divin.

144 1800 187 1835 11.
206 1800 261 1835 35.
296 1800 381 1835 Nat.
402 1800 515 1834 Deor.
534 1799 576 1834 ll.
595 1802 626 1835 4.
647 1806 682 1835 et
699 1801 817 1836 Servii
837 1801 871 1835 in
887 1802 979 1837 Aen.
998 1801 1022 1836 Ι.
1044 1801 1122 1837 422.
1154 1801 1216 1837 111.
1235 1803 1312 1838 597.
1340 1803 1435 1839 vlu.
1455 1804 1532 1839 398.

143 1863 178 1890 et
196 1856 292 1890 Festi
310 1869 344 1901 p.
361 1856 438 1891 216.
459 1856 670 1891 testimoniis
688 1856 863 1900 efficitur,
891 1870 935 1892 ex
956 1859 1084 1903 quibus
1099 1859 1336 1904 perspicimus
1364 1872 1409 1893 ne
1428 1860 1536 1895 urbes

143 1913 286 1958 quidem
325 1913 391 1946 rite
431 1913 559 1955 condi,
595 1914 707 1948 aedes
737 1916 893 1958 sacrari‘,
929 1916 1043 1950 tribus
1075 1921 1111 1950 et
1146 1917 1326 1950 centurias
1360 1917 1535 1959 distribui,

142 1970 321 2004 exercitus
349 1969 510 2003 ordinari
536 1971 697 2015 potuisse
724 1973 802 2005 sine
829 1971 1004 2006 Etruscae
1029 1972 1238 2018 disciplinae
1263 1973 1407 2014 notitia3
1436 1974 1536 2008 cuius

142 2027 226 2071 quia
257 2027 293 2060 in
326 2027 476 2061 ostentis
510 2032 544 2061 et
576 2028 750 2074 prodigiis
783 2028 1063 2074 interpretandis
1091 2030 1308 2075 praecipuus
1336 2042 1418 2064 usus
1446 2036 1535 2074 erat,

140 2083 394 2129 haruspicinae
409 2083 589 2118 vocabulo
615 2085 750 2130 quippe
773 2096 794 2119 a
811 2086 946 2130 potiori
967 2086 1156 2121 commode
1176 2086 1314 2121 dicitur.
1330 2107 1374 2112 —
1400 2087 1535 2122 Mirum

142 2145 214 2182 est,
248 2141 277 2174 si
301 2151 391 2174 vera
415 2146 516 2183 sunt,
553 2135 645 2185 (suae
670 2142 716 2176 de
742 2148 957 2187 portentosa
980 2154 1120 2177 morum
1146 2143 1243 2188 apud
1267 2143 1442 2178 Etruscos
1474 2145 1536 2178 im-

141 2197 298 2242 puritate
328 2208 373 2231 ex
404 2197 645 2242 Theopompo
680 2198 784 2232 affert
815 2198 1022 2233 Athenaeus
1046 2198 1125 2233 XII.
1160 2211 1194 2243 p.
1222 2199 1298 2234 517.
1325 2200 1380 2242 (1.,
1413 2205 1535 2235 tantae

142 2253 234 2287 labis
269 2264 336 2298 per
370 2259 424 2286 tot
458 2253 582 2286 secula
620 2264 666 2286 ne
696 2253 888 2298 vestigium
925 2255 1068 2299 quidem
1099 2255 1251 2288 Romam
1288 2267 1533 2300 permanasse.

142 2309 360 2353 Quanquam
391 2319 484 2353 qnae
508 2309 628 2342 statim
654 2308 699 2342 de
723 2310 972 2343 communione
999 2311 1209 2345 seminarum
1239 2313 1335 2356 apud
1360 2312 1534 2348 Etruscos

142 2372 177 2400 et
208 2365 254 2399 de
276 2375 380 2399 more
414 2364 579 2409 corporis
604 2365 763 2400 vellendi
789 2377 811 2399 a
834 2365 1033 2412 Messapiis
1063 2374 1098 2402 et
1124 2368 1344 2403 Samnitibus
1369 2370 1535 2415 gentibus

141 2433 321 2456 armorum
345 2433 409 2455 usu
434 2420 669 2456 duratissimis
694 2429 840 2468 reperto
867 2423 962 2458 idem
987 2424 1245 2471 Theopompus
1269 2431 1391 2460 narrat
1418 2427 1532 2471 primo

141 2480 261 2513 statim
295 2478 417 2513 obtutu
451 2478 639 2513 mendacio
673 2479 798 2515 deberi
831 2481 963 2515 clarum
996 2487 1061 2517 est.
1120 2481 1164 2517 V.
1196 2481 1374 2519 Niebuhr.
1410 2483 1452 2519 Π.
1488 2485 1530 2520 R.

142 2535 216 2570 vol.
243 2535 268 2570 1.
299 2547 332 2581 p.
362 2535 437 2570 159.

236 2591 292 2635 18)
326 2592 398 2627 Cic.
430 2590 535 2627 Brut.
573 2593 633 2635 14,
666 2593 721 2628 53.
842 2594 897 2637 19)
930 2594 1093 2641 Buriguy
1126 2596 1161 2630 in
1193 2596 1384 2631 Memoriis
1420 2599 1529 2633 Arad.

144 2648 253 2683 lnscr.
272 2648 386 2684 Paris.
405 2649 478 2685 vol.
492 2649 659 2685 XXXVI.
680 2662 714 2695 p.
732 2650 787 2686 35.
908 2651 968 2695 20)
994 2665 1028 2687 v.
1047 2652 1223 2688 Niebuhr.
1241 2653 1329 2689 Hist.
1349 2654 1391 2688 R.
1416 2655 1486 2689 vol.
1507 2654 1530 2688 l.

143 2718 176 2750 p.
200 2705 279 2741 (369.
328 2705 395 2739 Rei
425 2707 632 2742 memoriam
665 2713 813 2743 testatur
845 2709 1032 2756 inscriptio
1056 2710 1228 2746 Arretina
1251 2724 1310 2758 ap.
1355 2709 1531 2747 Orellium

144 2762 216 2796 vol.
239 2762 264 2798 l.
291 2762 369 2798 535.
397 2774 431 2808 p.
460 2762 536 2799 146.
1224 2774 1226 2776 '
