1835 3126
278 1000 311 1045 I.
342 1002 381 1044 l.
416 972 564 1050 cum
595 1014 616 1044 e
650 999 802 1043 Cilicia
833 999 1039 1043 decedens
1062 998 1251 1044 Rhodum
1279 999 1489 1043 venissem
1520 1005 1560 1041 et

165 1097 215 1127 eo
252 1085 352 1128 mihi
397 1087 446 1130 de
486 1085 535 1138 Q.
565 1085 761 1129 Hortensi
805 1091 934 1127 morte
973 1090 1086 1128 esset
1130 1084 1319 1136 allatum,
1366 1086 1559 1141 opinione

167 1164 346 1207 omnium
391 1166 593 1208 maiorem
631 1166 768 1207 animo
807 1164 898 1219 cepi
936 1163 1135 1206 dolorem.
1201 1161 1308 1205 Nam
1349 1170 1388 1205 et
1425 1165 1560 1206 amico

167 1244 324 1286 amisso
362 1257 454 1286 cum
496 1242 794 1287 consuetudine
832 1241 1012 1284 iucunda
1040 1247 1124 1283 tum
1154 1241 1372 1284 multorum
1403 1241 1563 1285 officio-

164 1332 255 1363 rum
291 1322 580 1364 coniunctione
617 1334 682 1364 me
718 1322 921 1377 privatum
949 1319 1162 1370 videbam,
1201 1326 1241 1362 et
1269 1321 1436 1362 interitu
1463 1320 1563 1363 talis

168 1400 339 1453 auguris
365 1400 607 1455 dignitatem
628 1400 761 1442 nostri
785 1397 940 1452 collegi
964 1397 1213 1440 deminutam
1237 1397 1450 1449 dolebam;
1482 1411 1564 1454 qua

167 1476 211 1517 in
248 1478 500 1531 cogitatione
540 1483 580 1520 et
617 1467 850 1532 cooptatum
885 1489 950 1518 me
990 1475 1042 1517 ab
1080 1489 1132 1518 eo
1162 1477 1206 1517 in
1236 1475 1460 1531 collegium
1496 1490 1564 1519 re-

170 1554 395 1606 cordabar,
431 1557 475 1597 in
506 1568 584 1611 quo
611 1556 768 1597 iuratus
791 1553 987 1596 iudicium
1011 1554 1224 1609 dignitatis
1247 1567 1366 1596 meae
1393 1554 1564 1606 fecerat,

169 1638 210 1674 et
245 1633 537 1689 inauguratum
575 1633 626 1676 ab
666 1632 831 1683 eodem3
873 1645 923 1673 ex
954 1645 1033 1687 quo
1065 1645 1266 1686 augurum
1295 1633 1491 1675 institutis
1522 1634 1565 1675 in

167 1712 353 1767 parentis
389 1725 481 1755 eum
516 1712 613 1755 loco
651 1710 790 1754 colere
828 1709 1044 1752 debebam.
1102 1711 1143 1751 2.
1181 1708 1403 1764 Augebam
1441 1711 1566 1753 etiam

170 1789 425 1841 molestiam,
470 1789 580 1846 quod
622 1800 777 1844 magna
813 1788 1060 1844 sapientium
1097 1788 1247 1831 civium
1282 1787 1565 1845 bonorumque

258 1958 282 1985 1.
318 1957 511 1992 deminutam]
532 1957 712 1984 diminutam.

256 2004 282 2030 2.
318 2001 479 2038 augebam]
499 2003 637 2037 augebat.

263 2128 292 2164 1.
343 2129 372 2162 l.
420 2127 603 2171 allatum]
627 2126 810 2162 adlatum
826 2125 919 2161 Ven.
941 2126 969 2159 l.
1002 2125 1069 2170 Lg.
1089 2125 1122 2160 8.
1141 2125 1195 2159 51.
1214 2142 1261 2150 —-
1286 2124 1492 2169 Hortensi]
1515 2127 1568 2160 sic

175 2184 239 2229 Lg.
266 2189 408 2230 praeter
429 2184 504 2226 20.‚
529 2185 612 2217 item
639 2183 733 2216 Ven.
762 2182 791 2216 l.
830 2181 896 2216 Gu.
926 2181 956 2216 l.
985 2201 1025 2206 —
1059 2180 1213 2225 colleqi]
1238 2181 1291 2214 sic
1317 2187 1379 2215 aut
1404 2181 1568 2228 conleqi,

176 2240 275 2284 quod
300 2246 355 2274 est
378 2240 414 2273 in
438 2239 506 2284 Lg.
530 2239 562 2273 8.
587 2238 666 2280 5l.‚
696 2242 842 2282 praeter
865 2235 932 2270 hos
957 2235 1012 2271 39.
1039 2236 1094 2271 53.
1119 2235 1174 2271 58.
1201 2236 1256 2271 68.
1282 2236 1336 2272 70.
1376 2249 1412 2273 v.
1440 2238 1479 2273 C.
1507 2238 1567 2274 Cr.

176 2296 224 2331 ad
249 2296 294 2330 de
320 2294 384 2331 Or.
410 2295 434 2330 1.
461 2295 503 2337 9,
528 2295 582 2329 35.
606 2312 652 2320 --
686 2293 949 2336 deminutam]
984 2293 1037 2326 sic
1060 2292 1126 2338 Lg.
1153 2292 1186 2328 8.
1215 2293 1269 2326 51.
1295 2293 1349 2328 53.
1372 2293 1426 2328 58.
1451 2294 1507 2330 68.
1535 2299 1571 2328 et

177 2364 200 2387 a
224 2364 318 2387 corr.
338 2351 393 2387 39.
429 2351 522 2386 Ven.
546 2351 575 2387 l.
612 2352 704 2386 Cett.
728 2349 803 2385 cli-.
851 2349 927 2384 Has
952 2349 1086 2384 formas
1107 2349 1145 2384 vi
1170 2349 1314 2383 differre
1338 2361 1405 2385 nec
1424 2348 1571 2386 Ouden-

178 2409 309 2453 dorpio
342 2408 453 2443 credo
484 2408 531 2442 ad
556 2407 656 2442 Suet.
682 2407 785 2442 Caes.
812 2406 844 2440 5.
880 2417 949 2440 nec
973 2404 1164 2442 Ochsnero
1191 2406 1257 2441 ecl.
1284 2406 1356 2442 Cic.
1383 2419 1418 2453 p.
1448 2407 1500 2443 13.
1525 2426 1572 2434 —-

179 2465 404 2511 colleqium]
439 2464 656 2510 conlegium
685 2462 752 2509 Lg.
778 2463 810 2498 8.
835 2462 888 2497 51.
914 2483 959 2488 --
1001 2466 1044 2498 in
1066 2464 1270 2510 parentis]
1302 2474 1372 2499 om.
1400 2466 1441 2499 in
1464 2463 1571 2499 Lam-

180 2511 284 2555 binus
307 2521 416 2556 solus.
464 2520 511 2556 V.
536 2520 730 2566 Explicatt.
757 2520 804 2554 ad
828 2519 873 2554 de
899 2517 964 2555 Or.
991 2519 1052 2556 111.
1079 2520 1120 2562 9,
1145 2520 1200 2557 33.

272 2577 305 2613 2.
356 2576 562 2624 auqebam]
599 2579 651 2612 sic
675 2576 801 2618 codd.‚
833 2582 871 2610 ut
893 2575 1056 2619 videtur,
1090 2589 1237 2613 omnes:
1271 2582 1369 2611 certe
1394 2575 1462 2622 Lg.
1489 2576 1572 2619 mei,

182 2633 273 2667 Ven.
294 2633 324 2669 l.
361 2633 444 2669 Vat.
467 2631 592 2670 ottob.
616 2634 710 2670 Gud.
734 2634 762 2669 l.
800 2633 919 2679 Vulgo
945 2632 1124 2680 auqebat.
1154 2655 1195 2660 —
1221 2633 1479 2680 sapientium]
1505 2643 1571 2667 ,ςα-

176 2691 359 2736 pientum
390 2690 446 2728 ed.
473 2702 547 2738 pr.;
581 2691 652 2728 hoc
682 2696 718 2727 et
750 2689 940 2727 bonorum
972 2691 1064 2727 locis
1094 2690 1265 2727 confundi
1297 2691 1334 2725 in
1359 2688 1571 2734 quibusdam
