1835 3126
302 161 374 205 24
509 153 705 198 BREVIS
735 151 1128 207 ELOQUENTIAE
1159 154 1293 200 ROM.
1324 156 1468 199 HIST.

300 270 529 312 accesserim
560 279 760 319 annosque
787 273 899 308 natus
929 282 1044 309 unum
1075 275 1112 310 et
1141 270 1279 322 viginti
1305 271 1584 311 nobilissimum
1613 272 1684 311 ho-

298 340 438 378 minem
463 341 499 375 et
524 335 877 387 eloquentissimum
906 336 945 374 in
966 336 1148 376 iudicium
1171 338 1362 386 vocarim3
1394 339 1455 377 cui
1478 337 1686 390 disciplina

297 404 415 443 fuerit
440 403 588 449 forum,
628 402 816 451 magister
843 415 935 441 usus
967 408 1004 442 et
1031 403 1141 454 leges
1172 409 1209 443 et
1235 404 1410 443 instituta
1437 406 1574 457 populi
1603 406 1684 445 Ro-

297 471 401 509 mani
423 480 583 520 mosque
605 469 804 507 maiorum.
816 469 840 486 “
882 469 969 509 Non
991 472 1117 522 potuit
1143 470 1240 510 adeo
1270 471 1511 523 impudenter
1534 472 1686 511 mentiri

297 538 457 584 Cicero,
501 541 542 575 ut
580 536 772 575 hominem
809 536 875 576 vix
915 536 1035 576 initiis
1073 538 1275 577 literarum
1318 538 1500 578 imbutum
1539 551 1684 578 summo

296 604 419 656 patris
460 602 587 642 studio
625 602 777 642 doctum
819 602 984 651 diceret3
1029 603 1099 643 sed
1139 609 1245 643 recte
1289 604 1475 645 iudicavit
1517 607 1685 645 sensisse

295 669 480 710 Crassum
520 669 694 721 perlecto
742 670 892 709 oratori
935 674 1039 709 artes
1078 682 1208 709 omues
1253 670 1415 709 scientia
1457 682 1541 710 esse
1581 684 1684 711 com-

293 736 541 789 plectendas,
586 737 823 788 temporibus
861 741 988 776 tamen
1026 742 1063 776 et
1101 737 1181 776 suis
1221 742 1258 776 et
1300 736 1359 776 rei
1394 737 1576 788 publicae
1613 738 1685 776 im-

293 803 463 855 peditum
492 803 531 842 id
561 804 718 854 assequi
747 815 823 842 non
852 804 1038 856 potuisse.
1085 804 1260 856 Ineptum
1291 808 1391 843 esset
1419 804 1458 842 in
1488 803 1687 843 laudanda

294 871 367 911 viri
394 871 629 922 praestantis
657 870 880 921 eloquentia
911 871 1137 911 Ciceronem
1170 882 1357 923 superare
1386 870 1508 911 velle:
1548 871 1683 922 paucis

292 939 414 988 igitur
442 943 483 977 ut
506 937 784 987 defungamur,
814 937 972 987 ingemo
1003 949 1205 986 summum,
1237 937 1363 977 studio
1394 937 1696 987 indefatigabili,

292 1010 438 1044 tantum
468 1009 684 1043 assecutum
715 1005 1016 1043 existimabimus
1053 1005 1093 1043 in
1129 1004 1357 1044 inveniendo
1389 1003 1594 1055 partiendo
1625 1003 1684 1042 di-

293 1072 413 1110 cendo
453 1070 631 1121 agendo,
675 1076 857 1122 quantum
894 1071 976 1109 sine
1014 1071 1309 1109 accuratissima
1348 1071 1513 1109 omnium
1544 1071 1684 1109 artium

293 1138 514 1188 cognitione
546 1142 582 1176 et
617 1137 878 1187 intelligentia
906 1138 1097 1189 potuerit;
1137 1137 1259 1176 fuisse
1288 1136 1449 1175 eundem
1479 1142 1683 1189 patronum

292 1205 577 1251 acutissimum,
631 1204 856 1243 senatoriae
900 1205 1114 1244 sententiae
1157 1209 1354 1244 auctorem
1398 1204 1681 1254 gravissimum,

291 1272 597 1311 contionatorem
622 1271 852 1310 acerrimum
876 1276 930 1318 et,
963 1272 997 1309 si
1021 1284 1044 1310 a
1066 1271 1143 1310 reis
1168 1271 1397 1310 manifestae
1421 1271 1559 1322 culpae
1588 1282 1681 1310 eon-

289 1339 399 1379 victis
438 1350 515 1376 non
552 1338 607 1376 ita
645 1339 835 1390 expetitus
875 1338 942 1385 sit,
986 1343 1028 1377 ut
1056 1338 1264 1385 Antonius,
1306 1349 1463 1376 causam
1500 1339 1581 1377 eius
1622 1338 1682 1376 rei

289 1416 367 1444 non
396 1405 436 1442 in
465 1404 673 1452 facultate,
712 1404 780 1443 sed
820 1405 858 1442 in
886 1405 1084 1443 voluntate
1116 1405 1267 1443 dicendi
1298 1404 1559 1455 quaerendam
1593 1416 1681 1443 esse

287 1472 528 1523 putabimus,
563 1469 666 1520 quod
690 1471 749 1509 rei
771 1470 956 1521 publicae
984 1470 1170 1522 opitulari
1200 1482 1315 1521 quam
1343 1471 1515 1509 homines
1540 1471 1680 1510 noxios

289 1537 444 1578 debitae
481 1548 633 1589 poenae
667 1537 897 1576 subtrahere
937 1537 1118 1576 maluerit
1137 1534 1219 1588 (5⁰).
1278 1536 1398 1576 Nemo
1428 1538 1587 1587 gravius
1617 1549 1680 1577 se-

288 1611 400 1645 natus
433 1605 703 1644 auctoritatem
742 1616 766 1642 a
799 1603 974 1643 lubidine
1004 1604 1174 1643 consulis
1205 1604 1324 1643 tutari
1345 1600 1416 1654 (⁶⁰)
1454 1616 1564 1643 nemo
1596 1616 1680 1643 cum

288 1673 437 1711 maiore
464 1672 586 1723 ipsius
609 1670 797 1721 dIgnitate
826 1671 992 1710 irridere
1019 1670 1285 1711 adversarium
1308 1671 1433 1722 potuit
1449 1668 1536 1722 (⁶¹),
1567 1683 1677 1711 nemo

288 1737 524 1778 emendatius
554 1739 726 1789 pressius
761 1738 979 1788 elegantius
1011 1738 1185 1788 cogitata
1216 1738 1368 1789 eloqui;
1408 1738 1536 1777 omnia
1562 1737 1677 1778 Cice-

287 1806 394 1845 ronis
434 1805 580 1855 scripta
609 1795 896 1855 perscrutatus,
934 1817 1011 1844 non
1048 1805 1221 1856 reperies
1253 1805 1478 1856 quicquam,
1520 1816 1596 1856 quo
1637 1805 1677 1843 iu

286 1873 366 1912 illis
395 1871 546 1911 dicendi
575 1872 751 1923 partibus
777 1869 944 1910 Crassus
975 1871 1163 1912 Cicerone
1191 1872 1355 1911 inferior
1383 1871 1573 1912 videatur.
1633 1872 1678 1911 Si

381 2014 440 2056 59)
469 2013 543 2048 Cic.
562 2011 664 2046 Brut.
688 2011 742 2047 38.
762 2012 927 2046 42—44.
948 2012 1002 2046 53.
1029 2013 1071 2047 cs.
1092 2013 1137 2046 de
1156 2011 1220 2048 Or.
1239 2013 1264 2048 1.
1282 2014 1338 2054 26,
1359 2013 1432 2046 122.
1459 2012 1502 2048 11.
1523 2013 1579 2055 45,
1603 2011 1677 2045 188.

285 2069 350 2110 54,
376 2069 456 2104 220.
491 2069 551 2103 111.
570 2068 612 2110 9,
637 2068 692 2103 33.
731 2069 793 2110 12,
818 2069 873 2102 47.
911 2068 981 2104 Off.
1004 2068 1028 2102 1.
1052 2069 1116 2110 30,
1141 2068 1214 2103 108.
1265 2068 1322 2102 De
1348 2069 1475 2112 lepore
1500 2068 1679 2102 consentit

285 2125 528 2162 Quintilianus
545 2124 606 2157 Vl.
628 2124 668 2165 3,
688 2124 741 2157 43.
754 2150 763 2166 ,
789 2125 835 2158 (le
861 2125 1037 2170 gravitate
1055 2130 1175 2170 gestus
1193 2123 1255 2159 XI.
1277 2125 1298 2158 3
1312 2151 1322 2167 ,
1339 2124 1393 2158 94.
1436 2124 1677 2158 Artificiosum

287 2180 607 2225 compositionem,
644 2191 714 2224 qua
750 2186 852 2224 parte
886 2185 969 2214 ante
995 2181 1209 2215 Ciceronem
1234 2180 1519 2221 clamlicabatur,
1554 2180 1677 2215 laudat

286 2237 359 2272 Cic,
385 2235 449 2271 Or.
469 2237 531 2277 65,
546 2236 625 2270 219.
657 2235 702 2270 cf.
719 2235 868 2272 Quintil.
887 2236 947 2270 lx.
968 2236 1007 2278 4,
1026 2236 1102 2270 109.
1145 2236 1237 2269 Hinc
1257 2247 1387 2269 nomen
1412 2237 1488 2269 eius
1506 2241 1675 2280 tanquam

284 2294 409 2326 sumini
427 2293 567 2336 patroni
590 2292 767 2334 habitum,
793 2292 864 2326 Cic.
884 2304 918 2337 p.
941 2291 1112 2328 Quinctio
1129 2292 1183 2326 26.
1217 2292 1301 2327 Div.
1318 2292 1353 2326 in
1372 2291 1502 2327 Caecil.
1524 2291 1556 2327 8.
1593 2292 1672 2326 Ser.

286 2349 332 2381 ad
357 2348 511 2382 llerenn.
540 2347 601 2382 lv.
628 2348 659 2383 2.
701 2348 796 2383 vell.
828 2348 871 2382 11.
899 2347 930 2382 9.
958 2354 993 2381 et
1017 2348 1072 2382 36.
1114 2348 1207 2382 Plin.
1234 2349 1277 2382 ll.
1302 2347 1350 2382 N.
1374 2347 1488 2382 XVII.
1517 2348 1545 2381 l.
1589 2347 1673 2382 dial.

285 2405 330 2438 de
357 2403 419 2437 Or.
444 2403 499 2437 ²26.
540 2402 705 2438 Blacrob.
732 2404 776 2439 V.
808 2405 835 2438 l.
862 2416 895 2449 p.
921 2404 997 2437 483.
1022 2404 1133 2438 Zeun.
1180 2404 1358 2448 Sulpicius
1383 2404 1527 2449 ingenio
1554 2403 1673 2437 diver-

284 2460 441 2494 sissimus
467 2459 631 2493 Crassum
657 2462 786 2495 imitari
810 2460 976 2495 volebat:
1003 2460 1077 2494 Cic.
1105 2459 1207 2495 Brut.
1233 2461 1299 2499 55,
1324 2460 1402 2495 203.
1452 2460 1543 2497 Quis
1567 2459 1674 2493 suerit

285 2516 479 2560 Septimius
503 2515 582 2557 ille,
608 2517 652 2549 ‹le
678 2528 749 2560 quo
776 2518 869 2552 idem
897 2516 1041 2550 tradunt
1059 2515 1208 2552 Quintil.
1230 2516 1326 2551 Vlll.
1345 2516 1385 2557 3,
1406 2516 1460 2552 22.
1494 2516 1670 2550 Priscian.

284 2584 330 2605 ex
350 2572 422 2607 Cic.
446 2584 480 2616 p.
500 2571 647 2606 Vareno
662 2572 719 2607 111.
739 2585 773 2619 p.
796 2574 860 2608 136
878 2573 941 2607 Kr.
956 2599 965 2615 ,
986 2572 1041 2616 qui
1065 2577 1192 2606 contra
1210 2572 1381 2607 Erucium
1402 2573 1671 2607 Antoniastrnm

284 2632 412 2669 vocat,
445 2627 641 2671 ignoratur.
680 2662 690 2666 ,
759 2630 819 2673 60)
854 2630 928 2666 Cic.
962 2628 1008 2664 de
1032 2625 1096 2664 Or.
1118 2627 1178 2663 111.
1208 2630 1245 2671 l,
1269 2630 1300 2663 4.
1419 2629 1481 2672 61)
1515 2629 1588 2664 Cic.
1624 2627 1671 2662 de

285 2682 348 2718 ΟΡ.
375 2682 418 2719 11.
442 2683 504 2725 55,
527 2683 593 2718 223
620 2696 697 2730 sqq.
