1835 3126
562 127 820 172 BRUTUS
860 126 979 172 CAP.
1010 129 1076 173 75.
1397 131 1519 176 281

133 256 205 288 sar
241 246 374 285 autem
412 239 614 282 rationem
654 240 856 283 adhibens
887 241 1223 283 consuetudinem
1251 240 1444 283 vitiosam
1479 248 1519 284 et

133 327 360 376 corruptam
390 331 494 375 pura
529 324 568 360 et
598 319 834 375 incorrupta
866 320 1160 361 consuetudine
1189 319 1390 361 emendat.
1435 318 1519 362 Ita-

131 411 206 454 que
233 410 324 439 cum
353 397 407 439 ad
436 396 544 439 hanc
576 396 826 451 elegantiam
856 397 1074 440 verborum
1104 396 1365 447 Latinorum,
1397 411 1518 452 quae⁷

129 477 293 518 etiamsi
331 481 472 518 orator
509 488 592 518 non
631 477 712 526 sis,
753 482 792 517 et
832 477 891 518 sis
929 477 1132 529 ingenuus
1164 476 1267 517 civis
1292 473 1518 526 Romanus,

127 560 266 595 tamen
302 555 548 596 necessaria
586 560 669 604 est,
715 554 901 609 adiungit
937 553 1012 595 illa.
1054 554 1239 596 oratoria
1278 560 1520 596 ornamenta

130 631 315 673 dicendi:
353 639 434 674 tum
468 632 629 674 videtur
666 638 861 688 tanquam
890 631 1055 673 tabulas
1087 631 1192 673 bene
1222 633 1355 687 pictas
1387 632 1519 675 collo-

130 722 226 752 care
258 712 301 752 in
327 710 435 753 bono
465 710 630 753 lumine.
689 708 807 752 Hanc
839 723 927 752 cum
958 709 1109 752 haheat
1134 711 1397 765 praecipuam
1427 710 1520 751 lau-

130 787 222 829 dem
252 790 295 830 in
325 788 626 838 communibus,
656 801 738 830 non
760 788 882 830 video
910 790 974 829 cui
1001 788 1150 829 debeat
1173 787 1334 829 cedere.
1381 788 1520 842 splen-

129 865 267 908 didam
300 866 503 922 quandam
533 868 791 920 minumeque
814 865 1106 906 veteratoriam
1130 865 1331 905 rationem
1355 864 1519 905 dicendi

127 950 260 995 tenet,
288 957 390 986 voce
421 949 531 984 motu
560 942 695 984 forma.
724 942 846 983 etiam
876 941 1099 996 magnifica
1125 948 1164 983 et
1186 954 1395 996 generosa
1419 955 1521 997 quo-

129 1021 222 1063 dam
264 1021 399 1062 modo.
457 1020 553 1062 262.
596 1018 701 1061 Tum
743 1018 919 1061 Brutus:
961 1017 1182 1062 Orationes
1227 1019 1389 1075 quidem
1429 1021 1519 1062 eius

127 1098 227 1141 mihi
263 1097 527 1141 vehementer
566 1098 811 1154 probantum
851 1098 1072 1155 compluriS
1113 1104 1246 1140 autem
1287 1098 1385 1153 legi.
1445 1098 1520 1140 At-

129 1191 206 1233 que
243 1178 366 1219 etiam
398 1178 716 1219 commentar10s
748 1177 949 1232 quosdam
981 1178 1146 1233 scripsit
1175 1190 1310 1218 rerum
1339 1189 1519 1219 suarum.

127 1254 260 1297 Valde
291 1255 476 1311 quidem,
511 1257 699 1311 inquam,
729 1255 988 1311 probandos:
1029 1255 1128 1297 nudi
1157 1256 1264 1296 enim
1295 1261 1388 1296 sunt
1417 1255 1520 1296 recti

129 1340 169 1376 et
195 1335 358 1377 venusti
385 1335 494 1376 omni
525 1341 671 1376 ornatu
706 1335 908 1376 orationis
943 1340 1138 1389 tanquam
1171 1340 1286 1375 veste
1319 1333 1517 1375 detracta.

130 1479 320 1513 concinunt
343 1478 408 1523 Lg.
429 1478 484 1514 20.
510 1478 564 1514 35.
593 1478 647 1514 53.
674 1477 728 1514 58.
756 1476 811 1513 68.
836 1477 889 1512 70.
924 1476 1019 1512 Ven.
1041 1477 1070 1514 l.
1099 1474 1175 1513 Ott.
1202 1476 1287 1513 Vat.
1310 1494 1357 1505 ν-
1391 1476 1519 1522 tilica]

129 1535 210 1569 aad.
237 1534 338 1569 mad
362 1534 427 1580 Lg.
451 1534 507 1571 20.

220 1618 299 1655 261.
350 1618 646 1662 consuetudine]
681 1618 765 1654 Seh.
802 1618 1015 1660 locutione,
1050 1618 1230 1658 barbare3
1269 1616 1391 1651 debuit
1425 1619 1520 1653 enim

132 1675 353 1710 elocutione.
402 1676 546 1710 Dudum
579 1675 735 1720 explicui
767 1676 884 1709 locum
917 1681 952 1709 et
984 1674 1153 1719 probavit
1188 1671 1357 1708 Orellius.
1407 1673 1524 1708 Recta

130 1733 224 1766 enim
253 1738 287 1766 et
311 1744 427 1777 prava
452 1731 673 1765 consuetudo
699 1742 811 1776 saepe
838 1742 909 1764 una
932 1731 967 1764 in
995 1741 1057 1764 usu
1083 1735 1184 1770 sunt3
1210 1729 1272 1762 illo
1299 1729 1395 1774 apud
1421 1729 1523 1763 Cice-

129 1800 238 1822 rones
263 1791 294 1822 <Sc
321 1789 516 1829 Caesares,
545 1787 635 1820 haec
659 1787 755 1831 apud
781 1787 980 1831 Caepasios
1007 1792 1042 1820 et
1069 1786 1259 1826 Staien0s3
1286 1784 1377 1818 haec
1401 1796 1523 1820 emen-

130 1845 233 1879 datur
264 1845 326 1878 illa
350 1845 473 1889 priore
506 1842 802 1877 commendanda.
827 1863 871 1867 —
906 1842 1042 1887 forma
1068 1842 1206 1885 etiam]
1241 1845 1278 1875 et
1310 1853 1376 1886 pro
1402 1845 1523 1877 etiam

128 1900 194 1946 Lg.
219 1907 365 1945 praeter
388 1899 442 1933 20.
469 1899 522 1934 53.
549 1899 603 1933 58.
628 1918 674 1925 ›—
709 1898 926 1945 maqm'fica
962 1904 997 1933 et
1023 1899 1228 1945 (senei-osa]
1270 1897 1451 1932 Corradus
1487 1903 1523 1932 et

128 1957 322 1991 Lambinus
336 1957 596 1990 Suetonianam
613 1955 823 2001 scripturam
841 1955 1099 2001 maqnz'fieam
1111 1976 1152 1980 —
1168 1966 1398 2001 qenerosam
1419 1966 1522 1999 prae-

129 2013 257 2048 serunt.
307 2013 393 2048 Non
428 2013 617 2047 assentior.
667 2012 722 2045 Ad
754 2012 982 2056 splendidum
1017 2011 1105 2045 illud
1137 2017 1172 2045 et
1202 2011 1345 2044 minime
1377 2016 1522 2044 vetera-

130 2071 260 2104 torium
280 2070 473 2103 verborum
497 2080 608 2114 genus
628 2068 730 2102 vocis
752 2074 786 2101 et
807 2068 945 2101 formae
965 2068 1118 2113 dignitas
1137 2065 1329 2112 magnifica
1347 2067 1524 2100 accedere

130 2126 256 2160 dicitur
289 2126 488 2171 principem
518 2124 674 2158 civitatis
707 2129 742 2157 et
777 2124 885 2157 totius
912 2123 1031 2165 orbis,
1066 2123 1125 2167 qui
1158 2129 1241 2156 tunc
1269 2127 1347 2156 erat
1375 2122 1522 2165 Caesar,

130 2182 273 2216 decens.
336 2182 432 2215 Voce
457 2184 570 2213 motu.
592 2178 726 2222 forma
752 2179 900 2213 ablativi
927 2179 1208 2223 consequentiae
1231 2184 1325 2212 sunt.
1350 2196 1397 2204 »-
1431 2190 1523 2224 quo-

132 2238 226 2272 dam
250 2237 382 2279 modo]
413 2236 554 2269 divisim
580 2234 644 2280 Lg.
669 2235 700 2270 8.
723 2234 778 2270 39.
804 2234 860 2270 53.
886 2234 941 2271 68.
969 2235 1022 2269 70.

222 2321 298 2355 262.
348 2318 576 2365 compluris]
612 2318 664 2352 sic
694 2317 759 2364 Lg.
788 2317 820 2353 8.
853 2317 907 2352 20.
937 2317 992 2352 39.
1025 2317 1079 2352 51.
1112 2317 1167 2351 53.
1202 2316 1256 2351 56.
1292 2317 1347 2352 58.
1383 2317 1437 2353 68.
1466 2318 1521 2354 70.

134 2376 228 2419 Ott.;
262 2389 307 2411 ex
334 2388 404 2422 qua
428 2376 605 2420 scriptura
630 2380 835 2419 corruptum
861 2379 914 2408 est
941 2374 976 2407 in
1007 2374 1063 2408 ed.
1090 2385 1142 2419 pr.
1176 2375 1456 2420 eonzplurinzz‘S.
1477 2395 1523 2399 —

135 2434 333 2476 cleo-aeta]
356 2434 425 2475 sic,
451 2432 612 2477 quamvis
632 2431 809 2465 detracto
835 2432 1065 2475 grammatica
1086 2431 1178 2464 ratio
1203 2432 1407 2465 accuratior
1428 2443 1522 2466 com-

132 2491 293 2531 mendet,
317 2490 398 2523 libri
417 2500 540 2523 omnes
561 2494 596 2522 et
617 2488 671 2522 ed.
693 2499 766 2533 pr.;
793 2486 970 2521 deo-acto
993 2493 1074 2532 post
1093 2486 1304 2520 Lambinum
1323 2487 1410 2520 Ern.
1438 2487 1521 2522 Seli.

135 2545 250 2581 Orell.
300 2546 404 2582 Quae
429 2545 602 2590 Meyerus
628 2544 824 2578 secundum
848 2543 1110 2589 Heusinger-um
1143 2543 1189 2576 ad
1216 2542 1311 2587 Nep.
1339 2542 1462 2576 Them.
1489 2544 1520 2578 7.

134 2602 301 2647 exempla
325 2601 434 2635 habet
460 2601 545 2635 Sall.
570 2601 659 2636 Hist.
687 2600 712 2635 1.
741 2612 793 2635 or.
816 2599 977 2644 Philippi
1003 2601 1034 2633 7.
1075 2600 1149 2634 Cic.
1177 2599 1282 2632 Verr.
1309 2597 1333 2631 1.
1357 2598 1413 2632 21.
1448 2597 1521 2633 Off.

134 2658 160 2692 1.
181 2658 235 2693 23.
272 2656 380 2694 Ovid.
395 2657 487 2695 Met.
508 2657 572 2694 XI.
590 2657 664 2702 82,
690 2669 734 2693 ea
756 2658 834 2692 iure
858 2656 1041 2692 dissimilia
1064 2656 1150 2691 dicit
1167 2654 1397 2701 Bernhardy.
1445 2655 1522 2691 Sed
