1835 3126
273 250 313 293 6
484 243 682 289 BREVlS
710 240 1105 293 ELOQUENTIAE
1137 240 1272 285 ROM.
1303 242 1446 285 HIST.

272 360 437 400 nondum
467 357 638 397 studiose
669 361 705 395 et
735 356 899 396 consilio
928 360 1105 408 receptas
1136 362 1345 405 monstrat3
1388 361 1529 409 quarta
1559 368 1659 409 quae

273 428 534 467 Romanorum
582 423 780 474 ingenium
822 423 976 462 efficere
1024 424 1148 475 potuit
1192 425 1357 463 omnium
1402 423 1542 462 artium
1585 435 1659 475 ope

272 498 424 531 auctum
453 490 631 543 perfecit.
689 492 819 527 Prima
851 490 972 540 igitur
1002 495 1142 535 aetate,
1175 502 1258 529 cum
1286 496 1437 531 veteres
1467 489 1661 528 trifariam

272 559 472 600 diviserint
508 562 629 596 artem
668 555 839 605 dicendi,
877 557 992 595 trium
1027 567 1211 606 generum
1240 570 1354 596 unum
1384 557 1662 595 deliberativum

271 638 301 664 s.
334 618 701 676 συμβουλευτικόν
742 624 925 662 usitatum
954 623 1076 662 fuisse
1115 623 1209 662 satis
1247 624 1450 663 manifesto
1483 629 1661 676 apparet.

270 691 369 731 Nam
409 702 490 730 mos
528 690 596 729 ille
632 690 784 729 minime
821 688 1111 742 despiciendus,
1149 694 1190 727 ut
1224 689 1334 739 leges
1372 702 1444 741 pro
1484 691 1662 730 contione

271 757 527 797 suaderentur
566 762 602 796 et
641 756 976 804 dissuaderentur‚
1013 756 1091 794 iam
1129 760 1218 794 ante
1245 755 1398 795 videtur
1436 756 1663 795 observatus

272 836 377 873 esse,
417 837 531 876 quam
570 824 725 874 legibus
761 824 935 864 Publilia
971 823 1005 862 sc
1040 823 1203 863 Maenia
1242 828 1374 874 patres
1413 829 1501 862 ante
1538 824 1663 862 tribus

272 893 310 930 in
335 891 564 941 suffragium
594 891 730 930 missas
762 896 941 930 auctores
972 889 1057 929 lieri
1088 890 1213 928 coacti
1242 895 1340 929 sunt,
1384 891 1507 929 Huius
1536 903 1663 942 popu-

271 958 369 997 laris
390 958 636 1011 eloquentiae
658 958 771 997 initia
802 958 868 1010 qui
894 970 918 996 a
934 956 1235 997 decemvirorum
1260 958 1501 1008 temporibus
1518 958 1663 1009 repeti-

272 1025 392 1072 verit,
424 1025 561 1077 quibus
591 1024 703 1076 plebs
735 1037 759 1063 a
787 1025 963 1076 patribus
988 1023 1053 1062 diu
1082 1024 1236 1074 impune
1265 1028 1409 1062 vexata
1438 1023 1484 1062 de
1505 1025 1664 1062 miseria

272 1091 461 1143 paulatim
483 1101 683 1140 emergere
707 1091 852 1142 coepit,
883 1090 1053 1129 fortasse
1083 1101 1162 1128 non
1189 1089 1392 1128 erraverit.
1436 1090 1528 1129 Utut
1547 1090 1664 1129 rudes

273 1158 373 1196 enim
416 1157 561 1196 fuerint
604 1158 846 1196 tribunorum
882 1156 1228 1197 vetustissimorum
1267 1156 1464 1196 contiones
1495 1154 1580 1208 (3),
1626 1162 1665 1196 at

271 1224 416 1272 fnisse,
457 1223 775 1276 quemadmodum
813 1224 936 1264 evinci
972 1235 1047 1263 non
1078 1227 1223 1275 potest,
1259 1235 1353 1263 vero
1383 1228 1511 1262 tamen
1539 1224 1664 1263 simile

275 1296 344 1330 est.
397 1290 476 1331 Sed
506 1291 728 1330 memoriam
759 1303 891 1330 eorum
920 1290 959 1329 in
988 1290 1204 1330 Annalibus
1234 1295 1427 1331 servatam
1458 1301 1562 1338 esse,
1594 1291 1665 1329 etsi

273 1358 377 1398 Livii
413 1363 507 1398 nota
535 1358 575 1396 in
604 1357 774 1397 fontibus
804 1357 992 1397 historiae
1023 1356 1269 1396 consulendis
1299 1358 1450 1396 incuria
1478 1358 1665 1397 incertum

274 1425 450 1476 reliquit,
481 1430 608 1464 tamen
638 1436 685 1463 ne
715 1423 922 1476 probabile
953 1423 1107 1475 quidem
1127 1423 1291 1463 videtur.
1351 1423 1431 1463 Nec
1461 1425 1663 1463 suasiones

273 1490 391 1539 illae,
419 1503 515 1537 (fuas
541 1491 643 1543 apud
663 1492 815 1532 Livium
837 1491 1021 1541 legimus,
1047 1490 1176 1540 legum
1192 1491 1430 1530 Liciniarum
1447 1488 1532 1540 (⁰),
1563 1491 1665 1541 legis

276 1557 471 1608 Ogulniae
495 1554 584 1608 (¹⁰),
626 1563 663 1597 et
692 1558 811 1597 multo
844 1562 932 1595 ante
963 1556 1205 1595 Terentiliae
1236 1562 1272 1596 et
1303 1556 1515 1596 Canuleiae
1546 1557 1664 1606 aliud,

276 1636 391 1676 quam
420 1625 504 1665 veri
533 1624 792 1664 similitudinis
825 1622 916 1675 quid
945 1622 1021 1662 dici
1049 1624 1240 1674 potuerit,
1279 1623 1565 1664 fundamentum
1594 1626 1665 1664 ha-

275 1691 379 1730 bent.
438 1691 531 1731 Cum
569 1692 667 1730 enim
696 1691 912 1731 Annalibus
943 1690 1193 1740 magistratus
1223 1687 1332 1729 bella
1361 1696 1474 1741 gesta
1502 1691 1666 1731 foedera

276 1758 383 1796 facta
420 1758 529 1808 leges
567 1758 673 1796 latae
706 1769 883 1796 annonae
920 1757 1064 1795 caritas
1102 1757 1325 1807 pestilentia
1361 1757 1546 1809 prodigia
1574 1771 1664 1810 per·

276 1824 447 1863 breviter
483 1835 553 1863 nec
585 1824 669 1863 ulla
696 1824 902 1864 verborum
934 1827 1000 1862 aut
1030 1823 1144 1874 copia
1182 1828 1248 1862 aut
1277 1830 1416 1863 ornatu
1445 1826 1665 1876 perscribe-

278 1896 431 1938 rentur,
468 1891 680 1939 factorum,
724 1903 798 1930 non
835 1890 1024 1929 dictorum
1069 1889 1278 1941 scriptores
1318 1902 1506 1930 memores
1543 1892 1664 1931 fuisse

280 1962 445 2010 oportet.
506 1958 652 1997 Tamen
688 1970 771 1997 cum
800 1958 933 1997 Livius
969 1956 1122 1995 minime
1158 1956 1345 2007 diligens,
1383 1957 1591 2009 Dionysius
1629 1964 1666 1998 et

280 2036 399 2076 saepe
438 2025 589 2077 ineptus
622 2030 658 2064 et
693 2025 912 2077 praeceptis
943 2023 1188 2075 opinionibus
1219 2023 1467 2075 praepeditus
1498 2025 1667 2077 scriptor

279 2091 476 2140 videatur,
500 2097 651 2131 tenuem
672 2092 781 2131 illam
797 2092 943 2132 Romae
968 2090 1258 2141 antiquissimae
1281 2091 1500 2130 accuratius
1519 2103 1665 2143 cogno-

280 2158 446 2198 scendae
475 2159 576 2199 viam
606 2171 689 2198 cum
717 2158 933 2201 Annalibus
964 2157 1044 2196 illis
1076 2157 1256 2196 amissam
1288 2157 1472 2198 dolemus.

927 2268 961 2320 ς.
992 2270 1030 2309 4.

678 2346 832 2390 Reliqua
857 2345 928 2379 duo
955 2344 1097 2378 dicendi
1122 2356 1267 2390 genera.

394 2426 568 2463 ludio-lali
604 2427 752 2466 dicendi
792 2439 936 2479 genere
970 2426 1135 2467 Romani
1176 2431 1263 2465 ante
1303 2425 1462 2466 Catonis
1501 2431 1664 2466 aetatem

284 2492 342 2531 nsi
372 2504 447 2531 non
472 2492 660 2533 videntur.
719 2494 798 2533 Nec
830 2495 929 2534 enim
960 2493 1204 2545 eloquentiae
1233 2505 1323 2532 usus
1355 2499 1439 2533 erat
1468 2494 1506 2532 in
1538 2496 1665 2534 causis

284 2559 466 2610 privatis,
507 2572 608 2611 quae
645 2566 732 2600 tunc
768 2566 872 2601 totae
909 2574 933 2600 a
969 2560 1222 2601 formularum
1261 2561 1345 2599 iure
1375 2561 1594 2612 pendebant
1630 2567 1666 2601 et

373 2712 412 2756 S)
438 2711 475 2745 ld
502 2712 627 2747 Livius
644 2714 836 2749 Voleronis
862 2714 1005 2749 Publilii
1030 2725 1092 2749 ore
1115 2713 1210 2748 haud
1236 2714 1357 2760 inepte
1381 2714 1512 2750 fatetur
1539 2715 1580 2751 ll.
1607 2715 1660 2750 56,

283 2770 318 2811 ¹3)
345 2768 426 2803 Liv.
452 2768 512 2804 Vl.
540 2769 594 2805 37.
716 2770 770 2814 10)
794 2771 874 2807 Liv.
900 2772 944 2806 X.
971 2771 1002 2806 7.
