1835 3126
520 147 769 191 BRUTUS
803 146 922 190 CAP.
952 148 1019 191 53.
1050 148 1117 190 59.
1381 148 1508 194 253

128 261 194 304 Ti.
226 258 403 302 Gracchi
438 261 621 316 privatus
660 262 702 302 in
739 261 971 303 libertatem
1007 274 1093 302 rem
1134 259 1341 316 publicam
1376 260 1510 302 vindi-

124 340 254 388 cavit,
292 337 340 389 Q.
373 337 584 381 Scaevola
622 352 800 393 augure,
840 340 906 395 qui
937 340 1221 395 peritissumus
1250 339 1352 379 iuris
1382 339 1512 380 idem-

122 429 198 472 que
238 418 444 473 percomis
483 424 545 459 est
583 417 759 460 habitus.
818 418 914 459 213.
957 415 1042 458 Iam
1079 417 1247 458 duorum
1286 415 1512 458 abavorum

120 507 241 550 quam
284 502 347 537 est
386 495 546 538 illustre
586 510 754 544 nomen,
798 495 842 537 P.
886 494 1115 551 Scipionis,
1155 495 1222 550 qui
1260 493 1325 535 bis
1364 493 1508 535 consul

119 572 216 622 suit,
259 574 326 628 qui
370 581 431 615 est
473 572 691 617 Corculum
732 575 882 623 (lictus,
924 574 1094 616 alterius
1129 574 1307 615 omnium
1345 573 1511 628 sapien-

116 652 277 692 tissumi
309 649 352 692 G.
384 650 524 693 Laeli!
586 650 620 693 Ο
652 666 918 707 generosam,
957 653 1104 707 inquit,
1145 652 1311 706 stirpem
1351 657 1391 691 et
1419 657 1490 691 tan

120 742 240 783 quam
271 732 313 771 in
343 743 465 772 unam
489 730 679 772 arborem
700 731 820 786 plura
842 743 1018 785 genera,
1050 731 1111 771 sic
1136 730 1179 770 in
1201 730 1322 770 istam
1348 728 1510 771 domum

122 807 338 850 multorum
369 809 535 849 insitam
567 812 702 863 [atque
734 808 1021 857 illuminatam]
1054 807 1319 861 sapientiam!

230 883 340 926 LIX.
378 884 578 927 Similiter
607 887 732 938 igitur
762 886 974 940 suspicor,
1017 890 1058 924 ut
1088 883 1350 924 conferamus
1380 894 1510 937 parva

117 965 304 1016 magnis,
338 961 550 1012 Curionis,
590 964 668 1004 etsi
696 962 875 1018 pupillus
906 961 1075 1003 relictus
1105 967 1186 1010 est,
1215 961 1348 1016 patrio
1379 959 1510 1001 fuisse

115 1040 298 1082 instituto
327 1053 428 1095 puro
465 1053 654 1082 sermone
688 1040 968 1082 assuefactam
1001 1039 1181 1082 domum:
1224 1045 1262 1080 et
1293 1051 1343 1079 eo
1374 1039 1509 1092 magis

116 1117 195 1160 hoc
231 1117 392 1167 iudico,
432 1118 540 1173 quod
568 1119 772 1159 neminem
803 1132 854 1160 ex
883 1118 947 1160 his
978 1117 1161 1173 quidem,
1205 1118 1273 1171 qui
1301 1116 1440 1171 aliquo
1468 1117 1510 1157 in

115 1209 285 1238 numero
330 1196 517 1245 fuerunt,
574 1198 751 1251 cognovi
805 1198 847 1238 in
892 1197 1001 1238 omni
1049 1208 1203 1250 genere
1244 1193 1510 1236 honestarum

120 1276 267 1316 artium
310 1280 393 1315 tam
442 1274 675 1325 indoctum,
727 1281 810 1316 tam
854 1275 1009 1316 rudem.
1081 1271 1178 1314 214.
1223 1271 1387 1314 Nullum
1437 1271 1508 1314 ille

118 1359 281 1409 poetam
326 1359 517 1402 noverat,
562 1353 718 1395 nullum
761 1353 924 1407 legerat
965 1354 1191 1400 oratorem,
1230 1351 1385 1392 nullam
1424 1362 1511 1391 me-

118 1433 292 1473 moriam
338 1432 592 1486 antiquitatis
629 1431 879 1486 collegerat3
923 1444 1007 1473 non
1043 1429 1252 1486 publicum
1295 1430 1382 1479 ius,
1426 1441 1511 1470 non

201 1574 263 1601 214.
299 1574 355 1601 hoc
375 1575 505 1610 quidem]
526 1576 555 1602 id
575 1576 702 1610 quidem.

120 1698 148 1721 s.
175 1686 308 1722 iulum..
334 1688 509 1722 librorum
534 1687 613 1722 sere
637 1689 792 1723 omnium
817 1692 853 1722 et
876 1687 931 1721 ed.
952 1697 1005 1731 pr.
1031 1685 1209 1730 scriptura
1232 1686 1510 1730 corruptissima.

120 1744 377 1779 illiminatam
398 1744 543 1786 Lamb.,
569 1744 676 1788 idque
701 1746 815 1789 ipsum
840 1743 950 1777 habet
975 1742 1041 1787 Lg.
1060 1742 1115 1777 68.
1153 1742 1351 1788 illifflztam
1377 1742 1513 1787 placuit

119 1799 227 1843 Ern.,
251 1800 356 1842 Sch.,
382 1800 550 1845 Meye1·.,
575 1800 786 1835 Fui-lanetto
812 1801 846 1834 in
874 1799 931 1833 ed.
952 1811 1038 1833 nov.
1066 1798 1223 1833 thesauri
1244 1798 1511 1833 Forcelliniani.

118 1855 184 1890 Est
211 1856 280 1889 lioc
305 1857 489 1901 proprium
519 1856 563 1890 de
593 1857 760 1890 insitione
786 1857 974 1891 arborum:
1008 1856 1128 1900 itaque
1160 1866 1220 1888 cur
1246 1854 1431 1888 sordidum
1457 1854 1510 1889 vi-

120 1912 246 1946 deatur
272 1918 306 1946 et
331 1913 513 1958 indignum
540 1912 734 1955 Cicerone,
768 1913 863 1957 quod
890 1918 943 1946 est
967 1910 1198 1956 Bernliardyi
1223 1911 1409 1953 iudicium,
1438 1922 1511 1945 non

118 1969 230 2014 magis
262 1966 443 2014 intelligo,
478 1980 581 2014 quam
617 1969 646 2003 si
679 1969 724 2003 de
757 1969 938 2004 vocabulo
977 1970 1119 2002 insitus
1153 1968 1247 2001 idem
1281 1967 1511 2009 iudicaretur,

120 2025 215 2069 quod
247 2036 352 2058 nemo
387 2025 481 2058 facit.
542 2025 650 2062 Quod
684 2026 762 2070 ipse
796 2026 968 2066 coniecit,
1008 2024 1266 2063 instillatam,
1306 2034 1440 2057 vereor
1473 2027 1512 2056 ut

119 2081 306 2126 quisquam
340 2081 527 2126 intelligat.
586 2081 658 2118 Qui
692 2087 812 2126 potest
844 2081 936 2114 enim
968 2080 1150 2114 hominum
1183 2079 1361 2124 sapientia
1390 2080 1427 2112 in
1460 2078 1510 2111 sa-

118 2137 250 2170 miliam
275 2137 406 2182 ipsam,
433 2137 530 2170 cuius
554 2137 603 2170 illi
628 2137 787 2177 fuerunt,
813 2136 1011 2169 instillata
1037 2136 1128 2169 dici?
1168 2135 1248 2180 Ego
1275 2136 1353 2169 sive
1379 2134 1511 2169 illimi-

120 2197 258 2227 natam
292 2194 371 2226 sive
405 2193 604 2237 ille‘qatam
638 2193 843 2236 interpretis
877 2203 1018 2225 manum
1054 2204 1134 2226 esse
1170 2197 1257 2236 puto
1295 2202 1360 2236 per
1394 2195 1510 2236 atque

121 2249 296 2282 adiectam
315 2248 580 2283 Ciceronianis:
607 2260 641 2283 v.
661 2248 699 2283 C.
721 2248 778 2283 Cr.
798 2249 833 2282 in
851 2248 895 2282 de
913 2246 977 2283 Or.
998 2247 1042 2282 ΙΙ.
1062 2247 1125 2289 33,
1147 2247 1222 2282 144.
1244 2246 1509 2293 etBernhardy

119 2305 165 2339 ad
187 2304 290 2340 Brut.
316 2305 381 2347 46,
409 2304 483 2338 17²2.

210 2382 306 2417 LIX.
356 2383 548 2427 sermone]
577 2385 749 2417 sermoni
766 2382 963 2417 Lambinus
987 2381 1271 2424 commendavit3
1299 2383 1427 2418 Cicero
1448 2395 1508 2417 as-

120 2439 321 2483 suefacere
347 2439 436 2473 dixit
462 2451 538 2473 cum
559 2440 728 2475 ablativo.
746 2459 791 2464 —
817 2451 865 2473 ea:
890 2438 952 2473 his
976 2437 1148 2483 quidem]
1174 2437 1237 2473 lzz’s
1264 2451 1327 2483 pro
1349 2442 1400 2473 iis
1424 2440 1509 2473 dedi

121 2506 167 2529 ex
191 2494 257 2540 Lg.
286 2501 431 2539 praeter
455 2495 508 2529 20.
535 2494 589 2530 35.
615 2496 689 2538 56„
724 2496 807 2530 item
840 2496 906 2530 Gu.
933 2496 963 2530 1.
998 2494 1156 2539 quidem
1190 2495 1347 2529 additum
1375 2495 1509 2529 indicat

118 2550 333 2595 scriptorem
368 2563 445 2585 cum
481 2551 549 2585 illis
580 2551 780 2587 hominibus
815 2552 949 2596 aliquid
979 2550 1249 2584 necessitudinis
1282 2550 1436 2593 habere3
1471 2551 1508 2585 id

120 2606 216 2650 quod
237 2607 363 2641 melius
388 2607 564 2642 iudicatur
587 2610 802 2654 pronomine
826 2607 1122 2643 demonstrativo.

209 2684 288 2720 214.
335 2687 514 2732 noverat]
539 2686 605 2723 Gu.
620 2689 650 2725 1.
675 2688 762 2725 Par.
775 2688 822 2724 D.
842 2687 1009 2724 viderat.
1023 2706 1067 2711 -
1092 2683 1167 2721 hoc
1186 2684 1360 2732 quidem]
1381 2684 1508 2733 scripsi
