1835 3126
289 231 405 283 416
718 229 1242 276 EXPIACATIONES

291 348 445 400 Meyeri
476 345 745 397 interpretatio
769 343 979 385 Caesarem
1003 344 1150 383 illustri
1169 345 1360 386 brevitate
1386 356 1469 385 cum
1488 342 1678 385 Sallustio

292 421 328 455 et
367 414 505 453 Tacito
547 412 781 452 conferentis
828 416 865 450 et
899 411 1083 451 vertentis
1121 411 1280 462 insuper
1314 415 1392 449 etue
1431 415 1581 456 Kitrze,
1623 410 1680 446 dte

291 484 416 519 remen
450 480 676 517 Geschmack
701 478 779 515 111ιά
809 477 1136 515 ansdrucksvolten
1170 479 1331 525 Vortray
1360 477 1540 514 besitztll

402 546 578 587 LXXVI.
640 547 735 584 263.
798 544 836 581 G.
857 544 1032 593 Stctnius]
1059 544 1092 582 is
1116 548 1363 594 quaesturam
1383 544 1504 592 gessit
1526 555 1562 581 a.
1586 543 1666 582 677
1673 572 1680 580 .

404 616 662 661 Hermagorae
700 610 910 660 disciplina]
956 610 1222 660 Hermagoras
1261 608 1389 649 Rhodi
1434 608 1563 647 docuit
1604 609 1682 647 iam

294 685 383 720 ante
426 679 600 719 Molonis
646 683 827 725 aetatem,
875 676 942 715 sed
986 677 1036 716 ad
1079 681 1339 716 senectutem:
1386 675 1539 714 auditus
1585 675 1684 712 enim

293 760 317 786 a
345 746 532 798 Pompeio
569 749 627 784 est
665 749 754 797 post
786 744 1038 795 compositum
1066 744 1212 783 bellum
1243 741 1485 782 Mithridatis
1523 754 1559 780 a.
1589 742 1684 780 692.

291 814 481 864 Magnam
502 812 645 851 famam
671 811 833 863 adeptus
860 815 916 849 est
945 809 1121 850 doctrina
1152 810 1199 849 de
1222 810 1441 850 inventione
1466 807 1685 847 accuratius

293 879 518 920 tractanda:
560 891 595 919 v.
634 878 917 921 Westermann.
952 877 1052 917 Hist.
1087 877 1202 929 Eloq.
1237 877 1302 917 Gr.
1340 889 1379 928 p.
1409 877 1501 915 183.
1558 874 1686 914 Exili-

293 953 411 987 tatem
444 947 581 986 horum
613 950 912 998 praeceptorum
948 943 997 982 ad
1028 944 1223 984 ornandas
1255 944 1452 983 orationes
1485 954 1563 982 non
1592 941 1686 980 satis

295 1012 625 1054 accommodatam
655 1012 770 1050 etiam
801 1023 832 1050 c.
864 1012 938 1058 78,
970 1013 1064 1050 271.
1095 1011 1242 1051 iudicat
1271 1010 1422 1050 Cicero.

409 1079 650 1130 apparatmn]
684 1077 844 1117 dicimus
874 1078 1068 1124 Auswand
1096 1092 1169 1116 von
1200 1078 1364 1115 Mitteln.
1426 1076 1507 1117 Cic.
1541 1074 1588 1114 de
1619 1075 1685 1113 Or.

294 1146 323 1185 I.
354 1147 428 1193 53,
460 1148 563 1184 229:
603 1145 700 1181 dixit
730 1157 884 1181 causam
913 1144 1019 1181 illam
1050 1144 1212 1193 quadam
1242 1156 1288 1181 ex
1321 1149 1429 1193 parte
1462 1144 1506 1188 Q.
1534 1144 1687 1178 Mucius

294 1225 396 1251 more
421 1225 509 1256 sno,
544 1210 647 1247 nullo
676 1215 886 1258 apparata,
920 1222 1011 1257 pure
1040 1223 1084 1246 uc
1115 1209 1284 1246 dtlactde.

410 1279 504 1317 264.
565 1277 603 1313 G.
648 1274 836 1323 Visellius]
888 1274 989 1313 filius
1036 1274 1079 1315 C.
1117 1275 1351 1322 Aculeonis,
1398 1286 1562 1325 quocum
1606 1278 1690 1312 erat

296 1345 497 1387 Ciceronis
530 1348 760 1382 matertera:
793 1341 872 1381 Cic.
904 1340 951 1381 de
982 1342 1049 1382 Or.
1076 1342 1124 1381 II.
1158 1343 1201 1390 1,
1233 1342 1294 1389 3.;
1323 1341 1499 1380 tribunus
1529 1340 1691 1379 militum

297 1413 367 1453 sub
400 1410 442 1452 C.
468 1410 633 1451 Claudio
664 1409 820 1449 Nerone
849 1408 922 1448 suit
948 1409 988 1447 in
1009 1408 1127 1458 Asia,
1157 1408 1268 1450 Verr.
1288 1408 1427 1448 Accus.
1448 1407 1478 1447 I.
1509 1409 1583 1456 28,
1608 1408 1689 1454 71.,

297 1483 482 1532 quaestor
513 1490 549 1518 a.
580 1478 676 1517 677.

412 1546 597 1584 celeritate
641 1543 806 1592 caecata]
861 1541 908 1582 de
951 1542 1172 1594 significatu
1222 1543 1333 1583 verbi
1375 1541 1551 1579 caecandi
1592 1540 1691 1579 hene

297 1612 511 1656 Wetzelius
543 1611 705 1651 contulit
736 1610 816 1651 Cic.
851 1621 883 1650 c.
916 1610 1022 1650 Rull.
1052 1611 1099 1650 ΙΙ.
1134 1611 1206 1650 14;
1240 1623 1304 1647 cur
1332 1610 1400 1647 hoc
1432 1614 1487 1646 est
1515 1614 1593 1646 tam
1625 1608 1691 1645 ob-

296 1693 445 1718 scurum
483 1685 592 1729 atque
631 1690 791 1715 caccum.
851 1676 930 1717 Sed
968 1678 1138 1715 celeritas
1175 1677 1249 1716 illa
1284 1688 1361 1716 non
1396 1680 1475 1714 tam
1511 1680 1567 1714 est
1596 1686 1691 1726 pro-

297 1746 570 1794 nuntiationis,
608 1756 723 1796 quam
760 1744 927 1795 ingenii,
970 1744 1075 1783 cuius
1114 1743 1233 1784 ardor
1272 1748 1309 1783 et
1347 1743 1519 1796 impetus
1548 1752 1620 1794 per
1650 1753 1691 1780 se

297 1812 529 1859 laudabilis,
570 1812 633 1850 hic
673 1811 810 1849 nimius
849 1811 1103 1862 significatur.
1170 1811 1353 1852 Pluribus
1395 1814 1596 1849 exsecutus
1635 1813 1693 1847 est

297 1877 527 1928 Bernhardy
546 1882 770 1929 comparato
792 1878 1027 1917 Graecorum
1044 1874 1174 1928 τάχος
1194 1883 1231 1917 et
1250 1878 1440 1918 Cicerone
1457 1877 1524 1917 Or.
1543 1877 1607 1924 16,
1624 1876 1690 1915 53.

412 1945 506 1985 265.
566 1946 614 1982 L.
641 1943 865 1993 Torquatus]
897 1943 999 1982 filius
1031 1945 1132 1991 eius,
1166 1945 1231 1995 qui
1259 1944 1394 1983 consul
1423 1944 1495 1982 suit
1525 1955 1562 1981 a.
1590 1943 1692 1989 6893

299 2011 521 2064 praetorius
546 2010 585 2048 in
608 2010 762 2057 Africa,
786 2021 870 2048 cum
884 2010 1110 2062 Pompeium
1133 2016 1285 2049 secutus
1311 2014 1430 2056 esset,
1456 2009 1524 2047 sed
1545 2021 1570 2047 a
1590 2009 1691 2049 Cae-

300 2090 389 2118 sare
420 2081 692 2122 conservatus,
723 2076 887 2114 interiit:
919 2088 953 2115 v.
986 2077 1214 2127 scriptorem
1241 2076 1338 2115 belli
1361 2076 1538 2115 Africani
1569 2087 1600 2114 c.
1623 2078 1690 2115 96.

299 2145 501 2196 Ingenium
527 2144 609 2182 eius
632 2142 746 2181 etiam
770 2142 810 2180 iu
828 2142 912 2181 Fin.
928 2142 958 2181 Ι.
982 2144 1020 2191 7,
1039 2142 1104 2183 25.
1138 2148 1174 2182 et
1196 2142 1244 2182 ΙΙ.
1269 2144 1334 2190 34,
1355 2144 1446 2181 113.
1479 2142 1689 2181 extollitur.

410 2218 491 2249 tam
520 2210 605 2259 cito]
637 2209 726 2258 „sic
756 2208 840 2248 fere
870 2209 1046 2261 ponitur,
1077 2214 1118 2249 ut
1147 2210 1248 2248 haud
1276 2210 1402 2256 facile.
1460 2209 1505 2250 V.
1538 2209 1689 2249 Ruhnk.

300 2280 340 2318 in
368 2278 460 2318 Ter.
490 2277 656 2329 Adelph.
688 2276 755 2316 ΙΙΙ.
786 2277 831 2326 3,
862 2277 931 2316 89.
963 2281 1000 2316 et
1029 2276 1154 2316 Hand.
1187 2276 1356 2317 Tursell.
1388 2281 1414 2316 t.
1443 2275 1492 2316 II.
1522 2288 1560 2328 p.
1591 2276 1692 2316 77.“

298 2349 441 2393 Meyer.

417 2411 575 2460 Τνὶανῑὶ]
615 2409 658 2451 C.
688 2409 869 2451 Valerius
899 2410 1078 2450 Triarius
1108 2410 1211 2450 filius
1243 2411 1325 2450 eius
1358 2410 1451 2459 fuit,
1490 2410 1555 2462 qui
1583 2409 1690 2449 bello

300 2478 569 2521 Mithridatico
599 2477 756 2517 Luculli
794 2478 949 2528 legatus
988 2477 1037 2517 ad
1065 2478 1227 2518 Zeleam
1264 2478 1431 2525 interiit;
1472 2489 1567 2529 quos
1599 2489 1690 2516 con-

300 2546 399 2586 fudit
439 2544 660 2593 Corradus,
699 2545 822 2597 probe
863 2545 1036 2584 distinxit
1064 2545 1265 2585 Manutius
1305 2545 1355 2584 ad
1383 2545 1482 2597 Epp.
1523 2544 1573 2583 ad
1601 2544 1689 2585 Div.

301 2612 400 2654 VIII.
432 2614 470 2652 7.
501 2625 538 2664 p.
564 2612 660 2652 865.
721 2611 939 2651 Tribunatu
978 2618 1089 2663 gesto
1129 2625 1164 2652 a.
1197 2614 1290 2652 703.
1348 2612 1524 2663 Pompeii
1553 2610 1691 2650 classis

302 2680 500 2719 Asiaticae
537 2679 760 2731 praefectus
799 2680 916 2731 periit
952 2692 988 2718 a.
1017 2681 1097 2719 707
1108 2694 1118 2728 3
1156 2692 1190 2720 v.
1223 2679 1337 2719 Caes.
1367 2679 1412 2718 B.
1444 2678 1525 2719 civ.
1555 2677 1620 2717 III.
1649 2677 1689 2717 5.

303 2746 461 2786 Literae
499 2746 582 2786 eius
621 2747 761 2786 eximie
790 2746 1063 2798 praedicantur
1093 2747 1208 2787 etiam
1236 2746 1320 2787 Fin.
1351 2747 1379 2787 I.
1409 2745 1457 2797 5,
1488 2746 1554 2785 13.
1612 2742 1691 2786 Sed
