1835 3126
342 256 423 299 AD
457 255 570 298 GlG.
603 255 874 299 BRUTUM
905 257 1024 300 (ΣΛΡ.
1055 259 1122 301 62.
1154 260 1220 301 63.
1343 260 1474 306 403

84 371 244 420 quotidie
282 369 470 420 praebeat.
528 369 620 410 Auli
657 369 759 410 filius
789 372 834 411 L.
866 371 1051 412 Afranius
1095 378 1173 420 est,
1216 373 1352 413 consul
1390 385 1475 413 cum

82 437 127 486 Q.
157 436 324 476 Metello
360 448 397 475 a.
428 437 532 484 694,
570 449 696 489 eoque
727 450 828 477 anno
868 445 905 477 et
933 439 1101 490 epistola
1138 439 1211 477 illa
1240 441 1386 492 scripta
1416 443 1475 480 est

81 508 118 542 et
138 503 348 542 Palicanus
378 504 553 542 tribunus
581 504 702 543 fuisse
725 504 899 552 videtum
929 505 1158 556 quotidIana
1188 506 1287 544 enim
1316 507 1355 544 in
1379 518 1473 546 con-

79 569 201 608 sulem
234 570 410 610 convicia
448 571 593 609 tribuni
631 581 717 609 esse
756 575 937 622 possunt,
977 572 1016 610 in
1047 578 1265 612 senatorem
1296 578 1362 612 aut
1391 586 1473 612 ma-

78 636 283 686 gistratum
314 638 433 676 alium
463 649 538 676 non
567 636 719 675 cadunt.

191 706 286 743 224.
344 706 391 740 L.
431 704 638 752 Appuleius
676 703 916 752 Satur-nimis]
960 703 1134 743 tribunus
1175 717 1211 744 a.
1243 706 1344 754 654,
1386 717 1471 745 cum

76 768 230 819 legibus
256 770 335 808 suis
358 774 513 808 senatus
540 770 808 809 auctoritatem
829 769 945 810 valde
968 770 1194 821 infregisset
1218 777 1253 811 et
1268 773 1472 812 Metellum

75 834 315 875 Numidicum
339 837 588 876 obsistentem
612 837 767 876 civitate
791 837 1022 889 expulisset,
1046 843 1242 890 postremo
1266 852 1290 878 a
1316 840 1359 880 G.
1378 840 1472 880 Mam

75 902 135 941 rio
176 903 335 942 consule
372 915 443 956 per
483 903 684 943 tumultum
714 909 772 943 est
810 904 1038 944 interfectus
1069 917 1148 944 una
1174 917 1258 944 cum
1286 911 1472 957 praetore

78 969 117 1006 G.
148 971 308 1008 Servilio
342 971 523 1016 Glaucia,
565 971 652 1022 qui,
695 975 734 1009 ut
773 971 997 1010 sublevaret
1026 983 1136 1009 suam
1167 972 1390 1010 consulatus
1421 984 1471 1012 ex

74 1041 262 1087 praetura
297 1038 520 1089 petitionem
552 1037 634 1087 legi
666 1036 799 1075 annali
839 1036 1130 1084 adversantem,
1171 1037 1213 1076 G.
1245 1037 1469 1077 Memmium

75 1103 363 1154 competitorem
388 1104 428 1142 in
456 1104 543 1154 ipso
573 1114 710 1154 campo
742 1102 951 1142 occiderat.

181 1175 267 1218 post
304 1170 470 1207 homines
504 1170 626 1219 natos]
668 1169 755 1209 fons
799 1169 994 1210 formulae
1029 1170 1222 1218 Lucilius,
1267 1181 1316 1209 ex
1360 1170 1469 1210 cuius

71 1234 240 1276 lectione
279 1235 460 1276 Ciceroni
494 1237 640 1276 haesit:
679 1249 715 1277 v.
754 1241 832 1288 opt.
874 1248 913 1287 g.
955 1248 1012 1276 or.
1044 1238 1090 1285 6,
1132 1239 1194 1277 17.
1246 1249 1284 1289 p.
1315 1237 1470 1278 Milone

73 1303 146 1351 26,
171 1303 238 1343 69.
284 1303 400 1343 Tusc.
426 1304 489 1345 IV.
521 1306 598 1351 21,
628 1303 694 1343 48.
742 1302 790 1342 cf.
822 1302 988 1343 Nonium
1009 1302 1072 1345 IV.
1097 1305 1164 1344 64.
1224 1307 1315 1342 Post
1343 1305 1467 1343 homi-

72 1383 161 1407 num
192 1383 308 1419 yemis
335 1376 466 1408 παίωνι
495 1370 642 1421 legitur
669 1382 707 1422 p.
738 1369 865 1410 Balbo
900 1372 973 1418 10,
1003 1371 1070 1410 26.

181 1437 335 1493 publice]
385 1436 552 1476 Ernesto
597 1436 843 1476 subditicium
887 1436 1187 1476 additamentum
1232 1437 1354 1477 visum
1398 1443 1468 1477 est.

71 1501 325 1553 Significatur
361 1508 488 1543 autem
524 1508 680 1543 senatus
719 1503 935 1543 consultum
971 1503 1089 1552 illud,
1129 1516 1205 1556 quo
1245 1504 1469 1544 consulibus

73 1568 282 1609 dictatoria
304 1574 479 1622 potestas
504 1569 591 1610 dari
612 1570 786 1619 solebat;
812 1575 948 1622 estque
971 1571 1108 1618 simile,
1131 1570 1235 1622 quod
1258 1571 1319 1611 Ti.
1345 1572 1467 1613 Grac-

72 1636 165 1676 chus
195 1637 241 1674 ab
270 1639 356 1688 ipsa
383 1650 424 1676 ‘rc
452 1638 601 1688 publica
631 1638 849 1685 interfectus
879 1637 1020 1677 dicitur
1053 1649 1085 1677 c.
1119 1639 1194 1685 27,
1228 1639 1320 1678 103.

183 1703 279 1743 225.
340 1706 429 1743 Sex.
459 1704 596 1754 Titius]
629 1704 805 1743 tribunus
828 1716 865 1743 a.
890 1705 996 1754 655,
1029 1705 1091 1744 cui
1115 1705 1304 1745 Antonius
1331 1710 1468 1746 orator

71 1770 207 1810 consul
251 1770 418 1810 obstitit:
456 1783 492 1811 v.
523 1770 570 1810 de
601 1771 667 1811 Or.
697 1771 746 1810 ΙΙ.
779 1773 853 1819 11,
884 1772 952 1811 48.
1008 1772 1154 1812 Postea
1192 1772 1467 1812 condemnatus

71 1842 149 1886 est,
190 1837 293 1889 quod
325 1838 527 1878 Saturnini
565 1838 775 1888 imaginem
814 1837 917 1877 domi
951 1838 1172 1877 habuisset:
1218 1837 1299 1878 Cic.
1329 1839 1467 1879 Rabir.

68 1904 184 1945 Perd.
208 1906 247 1945 9.
305 1905 452 1945 Locum
480 1905 591 1945 Bruti
634 1904 682 1944 de
712 1908 826 1955 gestu
854 1903 885 1943 ’1
891 1904 951 1942 itii
981 1904 1174 1956 expressit
1202 1903 1467 1954 Quintilianus

67 1972 137 2012 XI.
169 1973 214 2017 3,
247 1972 340 2011 128.

179 2038 335 2088 loquax]
361 2036 458 2076 nihil
478 2036 675 2076 infelicius
697 2036 851 2088 Meyeri
874 2036 1098 2076 coniectura
1118 2037 1227 2074 homo
1250 2037 1396 2074 solutus
1410 2059 1466 2064 —

69 2105 133 2142 sed
170 2111 249 2143 tam
284 2105 440 2155 loquax.
498 2103 598 2143 Nam
637 2109 674 2143 et
705 2102 905 2142 audientes
940 2103 1130 2152 loquacem
1169 2108 1203 2139 ct
1241 2103 1388 2140 mollem
1424 2107 1465 2141 in

67 2178 172 2221 9est=a
199 2177 325 2211 mente
353 2171 579 2221 iungerent,
620 2169 733 2221 quasi
763 2170 849 2221 quis
886 2169 926 2208 in
955 2173 1070 2220 gestu
1095 2168 1247 2220 loquax
1281 2169 1350 2218 sit,
1392 2181 1464 2210 nec

67 2243 230 2291 propter
256 2238 533 2289 loquacitatem
560 2237 704 2289 aliquis
735 2236 936 2276 saltationi
963 2235 1183 2288 impudicae
1207 2247 1345 2276 nomen
1367 2236 1465 2277 dare

67 2305 205 2358 potuit.
248 2305 338 2344 Iure
365 2304 548 2357 ascripsit
571 2303 802 2355 Bernhardy
831 2303 1158 2354 loquacitatis
1188 2314 1274 2343 esse
1298 2303 1463 2344 medium

67 2371 319 2421 vocabulum,
342 2376 385 2411 ut
408 2365 582 2427 εὔρους
612 2376 654 2411 ut
678 2372 745 2423 qui
766 2375 902 2410 orator
924 2381 1002 2410 non
1028 2370 1089 2417 sit,
1113 2367 1323 2411 verborum
1346 2383 1463 2412 cursu

69 2438 236 2493 quodam
264 2439 453 2492 imperitis
484 2443 589 2479 certe
617 2437 807 2478 facundus
837 2436 963 2478 videri
987 2437 1124 2490 possit.

181 2505 322 2547 LXIII.
381 2508 475 2547 226.
533 2509 578 2545 P.
608 2505 810 2555 Antistius]
849 2505 1026 2544 tribunus
1068 2517 1104 2543 a.
1143 2504 1239 2544 666.
1299 2502 1465 2544 Caesari

70 2574 220 2615 obstitit
256 2585 306 2613 ex
345 2574 546 2613 aedilitate
577 2572 818 2613 consulatum
845 2576 983 2612 contra
1017 2571 1129 2623 leges
1161 2571 1324 2623 petenti,
1362 2580 1464 2622 quae

70 2647 129 2682 est
155 2654 246 2680 vera
273 2640 346 2680 illa
376 2655 492 2680 causa
522 2641 651 2681 statim
681 2643 998 2688 commemorata3
1029 2638 1169 2679 aedilis
1200 2641 1285 2677 erat
1315 2649 1350 2677 a.
1379 2637 1463 2677 668

68 2708 292 2761 iudicioque
312 2708 494 2761 praefuit,
519 2720 596 2762 quo
623 2706 692 2748 Cn.
715 2708 923 2760 Pompeius
946 2706 994 2746 de
1016 2706 1141 2759 patris
1164 2703 1315 2758 praeda
1338 2705 1463 2745 Ascu-

68 2776 164 2816 lana
184 2787 342 2817 causam
368 2776 465 2818 dixit
487 2781 525 2818 et
547 2775 748 2817 absolutus
774 2780 852 2825 est3
883 2787 919 2815 a.
944 2775 1026 2815 672
1051 2785 1137 2814 cum
1158 2772 1331 2825 reliqua,
1360 2781 1462 2824 quae

1095 2849 1182 2892 26*
