1835 3126
346 165 543 210 BREVIS
574 162 969 216 ELOQUENTIAE
1002 164 1136 208 ROM.
1167 165 1311 209 IIIST.
1441 170 1524 215 63

244 280 331 321 Non
368 279 480 320 modo
519 291 604 318 cum
639 279 685 319 L.
723 278 866 319 Crasso
906 279 953 319 de
991 281 1107 321 laude
1145 282 1322 321 oratoria
1359 282 1525 329 aemulo,

135 349 277 389 Catulo
317 349 464 387 maiore
504 352 540 386 et
570 347 742 387 Caesare
772 347 966 388 Strabone
1001 349 1308 389 familiaritatem
1343 350 1527 389 habuisse

134 417 275 456 scimus
310 415 534 461 Antonium,
575 414 642 453 sed
681 427 765 454 cum
803 416 978 455 omnibus
1013 417 1117 466 fere,
1156 417 1222 468 qui
1260 422 1348 456 tunc
1386 422 1525 464 essent,

133 484 227 524 viris
256 483 474 523 illustribus
505 487 659 521 mutuae
689 483 983 523 benevolentiae
1012 484 1167 524 vinculo
1198 485 1348 523 iunctus
1374 484 1528 524 videtur

133 550 267 591 fuisse.
333 550 469 602 Neque
513 561 633 589 causa
671 550 754 589 ulla
791 551 960 601 cogitari
995 556 1141 603 potest,
1186 563 1256 591 cur
1285 551 1327 591 G.
1357 552 1526 599 Marius,

132 619 241 657 cuius
273 629 451 656 maerore
481 618 520 656 in
551 617 791 657 defendendo
822 619 878 658 Μ’
911 616 1074 670 Aquilio
1104 630 1343 670 magnopere
1373 618 1527 658 adiutus

134 685 292 733 dicitur,
338 690 427 736 post
470 685 509 723 in
554 685 829 724 internecinum
868 686 951 724 eius
988 685 1116 724 odium
1161 686 1365 725 exarserit.
1428 686 1525 725 Nam

134 765 203 792 nec
233 752 501 793 Saturniniani
538 753 723 803 temporis
760 753 947 790 memorIa
982 756 1127 790 tantum
1163 752 1297 791 valere
1329 751 1460 791 debuit
1491 757 1527 791 et

133 819 281 870 Aquilii
320 830 440 858 causa
477 823 644 868 quatuor
682 818 791 856 annis
830 823 917 869 post
958 822 1047 856 acta
1082 823 1153 857 est.
1214 816 1363 857 Gaudet
1400 823 1526 856 autem

133 886 272 925 Cicero
305 896 381 923 non
410 883 676 931 mediocriter,
717 895 801 922 cum
831 889 968 934 gratos
997 883 1120 922 fuisse
1148 884 1317 923 Antonio
1348 889 1527 935 patruum

131 952 253 1004 ipsius
282 952 327 991 L.
360 951 588 991 Ciceronem
626 956 662 989 et
693 950 828 990 affines
858 951 903 991 L.
933 951 1171 991 Aculeonem
1201 956 1238 990 et
1266 951 1325 990 Μ.
1354 952 1528 991 Marium

133 1018 400 1060 Gratidianum
442 1017 643 1058 inculcare
686 1023 814 1071 potest
836 1015 918 1069 (³¹).
978 1019 1162 1059 Moribus
1204 1018 1411 1070 probatum
1446 1019 1527 1058 An-

132 1086 276 1125 tonium
317 1085 438 1124 fuisse
476 1091 589 1137 puto,
633 1098 763 1137 quem,
808 1086 912 1138 quod
949 1091 1036 1126 octo
1072 1097 1206 1126 servos
1243 1086 1442 1133 habuerit,
1488 1086 1527 1124 in

130 1153 315 1205 antiquae
358 1153 623 1204 parsimoniae
667 1153 854 1206 exemplis
898 1158 1019 1206 ponat
1061 1153 1250 1206 Apuleius
1281 1150 1364 1203 (⁸²).
1429 1152 1527 1192 Nam

132 1220 236 1272 quod
264 1219 384 1270 vulgo
408 1219 663 1271 prodigorum
687 1226 790 1269 erat,
820 1225 861 1260 ut
883 1221 1039 1260 tabulas
1070 1220 1260 1260 conficere
1290 1232 1367 1259 non
1393 1219 1528 1259 crede-

132 1292 257 1335 retur,
296 1292 332 1326 et
367 1287 510 1326 falsum
541 1292 625 1326 erat
664 1292 701 1327 et
735 1288 873 1328 Cicero
910 1288 1033 1340 ipsius
1067 1300 1239 1340 persona
1273 1287 1428 1326 indutus
1463 1298 1525 1326 re-

131 1354 230 1393 futat
246 1351 327 1404 (33).
373 1354 472 1394 Sero
505 1359 541 1393 et
569 1354 708 1394 leviter
730 1355 868 1395 literas
891 1356 1070 1406 attigisse
1095 1360 1131 1394 et
1153 1367 1235 1394 mos
1259 1355 1526 1407 plurimorum,

133 1422 199 1472 qni
227 1427 305 1459 tum
335 1421 462 1459 causis
488 1420 659 1460 dicendis
683 1433 843 1474 operam
873 1421 1037 1470 dabant,
1068 1427 1105 1461 et
1133 1422 1256 1474 ipsius
1287 1420 1390 1473 apud
1415 1421 1527 1461 Cice-

133 1500 267 1527 ronem
297 1484 528 1538 dict11m(⁸⁴)
559 1487 736 1527 ostendit.
795 1488 894 1528 Nam
924 1500 1008 1528 cnm
1045 1500 1116 1540 pro
1149 1488 1307 1527 consule
1337 1488 1527 1538 navigans

134 1556 172 1593 in
189 1555 366 1595 Ciliciam
381 1555 552 1594 Athenas
576 1555 808 1607 appulisset,
832 1556 1106 1607 philosophiae
1128 1559 1342 1607 praecepta
1363 1555 1528 1607 primum

133 1633 219 1661 sese
250 1627 430 1672 gustasse
461 1621 640 1660 affirmat.
691 1623 905 1661 Praeterea
933 1623 993 1661 ius
1024 1622 1157 1669 civile,
1190 1622 1297 1660 cuius
1327 1622 1367 1660 in
1399 1622 1527 1661 causis

133 1689 354 1728 forensibus
398 1689 584 1727 maximus
629 1700 721 1727 usus
759 1693 861 1736 erat,
905 1699 983 1727 non
1025 1687 1237 1738 ignorabat
1281 1687 1414 1736 modo,
1459 1688 1528 1728 sed

132 1756 320 1806 ignorare
350 1767 446 1807 prae
476 1766 517 1794 se
547 1755 718 1802 serebat,
757 1766 840 1794 cum
872 1766 949 1794 non
980 1759 1082 1794 esset
1109 1755 1360 1806 peregrinum
1392 1761 1428 1794 et
1458 1755 1527 1795 ad-

132 1823 356 1869 venticium,
387 1821 454 1861 sed
476 1821 691 1862 Romanum
722 1826 759 1861 et
778 1821 1028 1861 domesticum
1055 1822 1150 1860 artis
1174 1833 1309 1872 genus.
1354 1822 1527 1871 Accedit,

131 1888 236 1940 quod
265 1900 313 1928 ne
343 1888 542 1928 emendate
564 1889 717 1941 quidem
745 1889 999 1941 loquebatur,
1030 1888 1100 1929 sed
1131 1890 1185 1929 eis
1206 1890 1355 1937 verbis,
1388 1891 1527 1942 quibus

130 1957 170 1995 in
208 1955 349 2007 vulgus
381 1956 496 1995 etiam
533 1956 655 1996 minus
695 1956 808 1996 cultis
846 1957 903 1995 uti
939 1968 1021 1996 mos
1058 1962 1161 2006 erat,
1202 1956 1446 1997 auditoribus
1477 1958 1527 1997 ab

131 2028 290 2062 oratore
319 2023 414 2062 satis
443 2023 527 2062 fieri
556 2035 674 2076 posse
702 2025 878 2077 putabat.

246 2090 384 2130 Cicero
421 2102 515 2129 sane
552 2091 592 2129 in
620 2091 733 2130 libris
772 2091 820 2131 de
852 2092 1022 2132 Oratore
1055 2089 1095 2128 id
1126 2101 1247 2140 agere
1274 2090 1446 2139 videtur,
1485 2096 1528 2130 ut

131 2157 320 2197 Antonius
350 2157 486 2196 literas
510 2158 680 2196 Graecas
712 2158 855 2209 optime
886 2168 1077 2207 cognosse
1106 2161 1143 2195 et
1175 2161 1287 2195 acute
1317 2157 1526 2205 iudicasse,

131 2223 201 2262 sed
236 2228 397 2275 propter
436 2223 659 2274 aequalium
701 2223 1014 2276 superstitionem
1057 2234 1082 2261 a
1116 2224 1337 2274 peregrinis
1375 2224 1527 2264 artibus

133 2399 287 2444 Appian.
312 2397 358 2434 B.
386 2397 463 2434 Civ.
498 2397 524 2432 1.
557 2398 608 2432 72.
653 2398 732 2433 val.
765 2397 867 2435 Max.
902 2398 999 2433 V111.
1033 2398 1073 2442 9,
1107 2398 1139 2434 2.
1187 2397 1250 2432 IX.
1280 2398 1322 2441 2,
1355 2397 1388 2433 2.
1429 2397 1525 2434 Vell.

133 2455 177 2492 ΙΙ.
203 2455 258 2491 22.

224 2535 285 2578 81)
319 2535 390 2570 Cic.
419 2534 464 2568 de
490 2532 553 2570 Or.
584 2533 626 2569 ll.
654 2535 691 2577 1,
719 2535 747 2569 l.
861 2534 920 2577 82)
954 2533 1057 2580 Apul.
1091 2533 1137 2568 de
1161 2544 1255 2580 mag.
1288 2546 1322 2579 p.
1354 2533 1409 2569 31.
1437 2533 1522 2579 Βὶρ.

132 2591 193 2633 83)
228 2590 300 2627 Cic.
326 2591 372 2625 de
397 2589 462 2626 Or.
488 2590 531 2626 ΙΙ.
557 2591 620 2635 23,
646 2591 701 2627 97.
752 2591 867 2626 Vetus
899 2592 1078 2636 interpres
1104 2589 1340 2624 Verrinarum
1371 2590 1417 2624 de
1445 2589 1522 2624 filio

132 2648 294 2682 Antonio
326 2648 467 2684 Cretico
503 2648 699 2694 intellexit,
732 2650 792 2694 qui
824 2660 912 2682 sane
946 2647 1129 2693 prodigus.
1177 2647 1346 2682 Correxit
1381 2646 1524 2694 Lipsius

133 2703 218 2739 Var.
237 2703 352 2742 Lectt.
375 2704 400 2740 1.
420 2705 451 2739 7.
477 2716 511 2751 p.
530 2704 609 2742 803.
732 2706 793 2752 84)
822 2706 895 2743 Cic,
915 2704 961 2740 de
977 2702 1041 2741 Or.
1066 2703 1090 2739 1.
1110 2702 1171 2747 18,
1189 2703 1244 2741 82.
