1835 3126
363 140 560 186 BREVIS
591 137 986 193 ELOQUENTIAE
1017 139 1153 185 ROM.
1183 139 1326 184 HIST.
1421 142 1540 187 105

785 286 819 341 ς.
849 290 918 329 42.

482 362 677 401 Orationes
701 366 860 411 scriptae
885 371 920 399 et
945 366 1203 400 commentarii.

264 447 471 487 Orationes
511 452 638 487 autem
673 460 744 488 nec
784 447 831 487 de
871 449 1015 500 scripto
1053 448 1211 487 habitae
1247 451 1333 487 sunt
1363 446 1432 497 (⁷)
1473 459 1544 487 nec

150 514 268 564 vulgo
294 515 368 553 uisi
392 515 540 566 capita,
563 514 727 554 exordia
750 516 914 554 maxime
938 521 974 554 et
995 515 1285 567 perorationes,
1317 519 1404 553 ante
1428 526 1543 566 quam

151 581 366 630 (liceretur,
406 582 550 621 chartis
584 582 777 621 mandata.
836 583 953 631 Nam,
994 583 1117 634 inquit
1147 582 1306 630 Cicero,
1345 582 1544 621 orationes

149 648 364 699 pleraeque
406 649 563 688 habitae
605 649 848 697 scribuntur,
893 662 971 689 non
1013 654 1054 688 ut
1094 649 1311 688 habeantur
1340 646 1420 699 (⁸).
1484 648 1545 687 Ita

150 715 322 766 priorem
347 717 582 764 orationem,
614 729 727 768 quam
750 717 818 755 ille
843 728 915 768 pro
934 716 1086 756 Milone
1112 716 1268 762 hahuit,
1298 716 1395 766 legit
1420 716 1545 755 adhuc

150 782 438 831 Quintilianus,
480 783 600 832 longe
642 783 869 821 inferiorem
911 782 997 828 illi,
1044 793 1159 831 quam
1205 786 1345 831 postea
1388 782 1545 833 scripsit

151 848 412 895 elaboratius,
451 859 521 887 nec
560 848 609 886 ab
638 848 723 887 ulla
751 852 864 899 parte
895 846 1215 899 comparandam:
1255 859 1332 898 qua
1363 858 1431 886 cur
1460 852 1543 886 ute-

148 919 256 953 retur
291 915 414 953 minus
449 919 589 954 ornata
625 915 665 954 in
696 915 810 954 amici
838 915 980 966 optime
1010 914 1136 952 meriti
1165 913 1362 966 periculo,
1400 914 1475 952 nisi
1503 918 1546 953 ut

150 993 251 1033 quae
285 980 490 1021 scribendo
528 982 782 1022 inchoaverat
819 987 1005 1021 accurata
1041 981 1290 1020 meditatione
1328 986 1444 1020 aucta
1475 993 1544 1021 ex-

148 1048 374 1100 temporalis
402 1048 580 1088 dictionis
620 1050 753 1090 colore
790 1049 1123 1089 accenderentur?
1181 1049 1279 1088 Hinc
1307 1048 1457 1088 Plinius
1479 1046 1544 1099 (⁹)

148 1114 251 1154 idem
287 1115 334 1154 de
365 1115 555 1156 Cicerone
590 1116 701 1166 dicit,
743 1116 846 1169 quod
879 1116 926 1156 de
957 1116 1100 1157 Crasso
1134 1116 1273 1156 Cicero
1300 1112 1385 1166 (¹⁰):
1424 1116 1545 1155 multa

148 1182 188 1221 in
216 1183 457 1222 orationibus
482 1185 612 1237 capita
641 1196 719 1224 non
747 1185 970 1236 perscripta
990 1184 1094 1234 legi,
1125 1183 1193 1223 sed
1222 1188 1357 1223 notata
1378 1188 1545 1230 tantum3

148 1254 190 1289 ut
227 1262 298 1302 pro
328 1250 504 1298 Vareno,
543 1263 643 1303 quae
682 1251 835 1304 quidem
871 1251 1026 1303 perdita
1065 1255 1141 1298 est,
1185 1255 1222 1290 et
1258 1262 1330 1303 pro
1361 1251 1544 1298 Murena,

147 1317 216 1356 ubi
253 1329 353 1368 quae
396 1317 524 1357 media
562 1323 649 1358 sunt
687 1319 788 1359 inter
819 1318 986 1371 Sulpicii
1023 1323 1061 1358 et
1093 1317 1252 1358 Catonis
1283 1318 1445 1358 crimina
1479 1329 1544 1357 re-

147 1383 292 1432 futata,
327 1396 427 1423 nunc
461 1386 613 1425 omnino
650 1385 940 1434 desiderantum
983 1398 1204 1437 quanquam
1237 1386 1277 1424 in
1310 1386 1547 1426 Mureniana

148 1455 246 1490 teste
284 1451 436 1502 quidem
462 1452 672 1492 Plutarcho
703 1465 749 1492 eo
785 1453 908 1491 minus
936 1452 1104 1504 placuit,
1144 1451 1248 1503 quod
1282 1453 1321 1491 in
1352 1464 1543 1492 commen-

148 1518 294 1557 tatione
324 1518 479 1557 nimium
509 1519 778 1559 desudaverat.
824 1518 866 1557 In
894 1519 1033 1570 quibus
1057 1520 1179 1569 igitur
1209 1520 1333 1558 minor
1364 1520 1437 1558 sihi
1460 1520 1546 1572 ipse

147 1585 253 1625 visus
290 1591 365 1633 est,
409 1597 476 1632 ea,
518 1597 601 1624 cum
643 1587 859 1625 orationem
899 1585 1049 1634 ederet,
1093 1586 1268 1625 consulto
1306 1587 1455 1634 omisit,
1495 1598 1543 1625 ne

149 1651 239 1690 aliis
265 1663 420 1703 quoque
441 1652 638 1693 rideretur
666 1653 795 1692 famae
825 1664 902 1692 non
926 1653 1021 1691 satis
1050 1652 1205 1691 secisse.
1249 1652 1399 1692 Deinde
1430 1654 1545 1692 etiam

147 1719 244 1758 illae
275 1730 437 1767 causae,
470 1720 607 1771 quibus
640 1725 817 1759 oratores
848 1720 1018 1771 impares
1049 1719 1214 1758 fuissent
1243 1724 1309 1758 aut
1338 1719 1375 1758 in
1407 1720 1546 1771 quibus

148 1786 338 1827 voluntati
376 1791 531 1825 eventus
570 1798 648 1826 non
682 1786 970 1838 respondisset,
1009 1797 1127 1838 saepe
1158 1786 1311 1825 omnino
1346 1798 1423 1826 non
1453 1799 1545 1839 per-

148 1853 436 1900 scribebantur,
468 1853 536 1892 sed
564 1853 887 1905 relinquebantur
916 1854 955 1892 in
987 1854 1285 1893 commentariis.
1344 1853 1545 1894 Ciceronis

146 1919 268 1970 igitur
306 1919 478 1959 actiones
515 1932 587 1972 pro
620 1921 785 1962 Gabinio
816 1921 971 1962 Vareno
1001 1921 1179 1968 Vatinio,
1224 1921 1296 1960 etsi
1335 1932 1383 1960 ex
1419 1922 1546 1973 prima

146 1986 269 2027 verba
301 1986 491 2038 quaedam
526 1988 644 2027 habet
673 1989 950 2039 Hieronymus,
990 1989 1136 2041 quippe
1167 2000 1215 2027 ex
1247 1989 1544 2037 commentariis,

149 2065 226 2093 non
256 2055 381 2105 magis
413 2055 656 2107 perscriptas
678 2056 800 2095 fuisse
829 2061 942 2108 puto,
975 2068 1090 2107 quam
1113 2056 1255 2095 Scauri
1281 2055 1543 2095 defensionem

149 2121 312 2160 ambitus
350 2122 431 2169 rei,
472 2133 556 2161 cum
596 2122 642 2160 de
681 2123 904 2173 repetundis
947 2122 1148 2161 absolutus
1189 2127 1308 2160 esset:
1355 2134 1468 2172 quam
1505 2123 1545 2160 in

149 2189 445 2228 commentarios
474 2188 640 2227 relatam
670 2188 931 2238 Quintilianus
961 2189 1059 2240 legit
1078 2186 1161 2239 (Η).
1208 2188 1310 2237 Quin
1336 2188 1545 2229 Cornelia-

243 2342 278 2383 7)
309 2340 424 2375 Wolf.
453 2340 569 2386 praef.
604 2340 649 2375 ad
674 2341 950 2376 Marcellianam
983 2354 1018 2388 p.
1046 2341 1142 2377 XIX.
1262 2341 1299 2386 8)
1335 2342 1409 2377 Cic.
1438 2341 1543 2378 Brut.

149 2399 211 2441 24,
242 2399 298 2433 91.
344 2398 447 2433 Tusc.
481 2397 542 2432 IV.
570 2398 630 2440 25,
659 2398 714 2432 55.
757 2398 833 2432 Cat.
859 2397 913 2432 M.
942 2398 1002 2441 ll,
1034 2398 1088 2434 38.
1132 2396 1202 2433 Off.
1231 2398 1270 2433 ΙΙ.
1298 2398 1335 2441 l,
1360 2398 1392 2432 3.
1429 2405 1464 2434 et
1498 2400 1544 2434 de

150 2456 338 2489 Scaurana
363 2460 398 2488 et
417 2454 620 2489 Planciana
644 2466 726 2500 epp.
752 2455 798 2489 acl
819 2455 864 2493 Q.
883 2455 941 2489 Fr.
961 2454 1021 2490 ΙΙΙ.
1044 2455 1079 2496 l,
1101 2456 1133 2489 4.
1184 2455 1246 2489 Sic
1273 2455 1543 2501 intelligendum

150 2511 197 2548 Q.
223 2509 317 2545 Fufii
350 2510 550 2544 convicium
582 2510 618 2545 in
654 2510 867 2546 Ciceronem
899 2511 997 2556 apud
1030 2510 1189 2545 Dionem
1219 2510 1349 2546 XLV1.
1376 2512 1407 2548 7.
1456 2513 1542 2548 Non

153 2567 239 2601 dicit
266 2567 409 2601 omnino
440 2567 571 2601 nullam
595 2567 765 2603 habuisse
791 2569 1013 2610 orationem,
1049 2568 1115 2602 sed
1139 2579 1211 2602 non
1236 2568 1364 2611 talem,
1400 2570 1542 2614 qualem

151 2623 271 2658 verbis
306 2623 494 2669 perpolitis
527 2629 658 2669 postea
689 2625 857 2660 ediderit.
973 2625 1009 2669 9)
1047 2624 1187 2658 Plinius
1219 2623 1315 2672 Epp.
1348 2624 1376 2663 1.
1407 2626 1474 2668 20,
1508 2625 1540 2662 7.

158 2679 214 2723 10)
240 2679 313 2715 Cic.
337 2678 441 2716 Brut.
467 2680 529 2723 44,
556 2680 630 2716 164.
753 2682 809 2723 ll)
842 2681 991 2722 Quintil.
1019 2679 1082 2717 lv.
1110 2680 1149 2724 l,
1174 2680 1230 2721 69.
