1835 3126
331 166 528 210 BREVIS
559 165 955 219 ELOQUENTIAE
986 168 1120 212 ROM.
1152 169 1294 213 IIIST.
1434 174 1510 218 62

117 282 265 322 salibus
288 293 323 320 a.
341 281 441 321 614:
472 281 638 321 triennio
669 282 814 332 minor,
846 296 961 336 quam
979 284 1168 324 Antonius
1187 282 1265 336 (ὃ).
1311 286 1506 336 Quaestor

116 361 152 388 a.
182 349 263 388 643
293 349 428 389 Asiam
456 349 696 400 provinciam
733 349 884 389 habuit:
926 352 991 403 qui
1029 352 1128 391 enim
1157 351 1358 392 Ciceronis
1394 353 1505 394 locus

115 415 317 455 adversari
345 415 497 455 videtur
516 413 582 466 (⁷)
609 417 880 468 percommode
910 419 965 458 sic
988 419 1248 469 intelligetur,
1277 424 1317 459 ut
1340 420 1505 460 Crassus

113 483 289 522 terrestri
303 483 441 522 itinere
457 495 560 532 usim,
585 495 669 523 cum
685 484 848 536 aliquod
863 490 1011 538 tempus
1026 487 1066 525 in
1079 485 1317 526 Macedonia
1332 492 1505 526 moratus

113 555 236 599 esset,
263 550 435 589 Athenas
458 552 690 603 pervenerit.
743 551 893 592 Deinde
916 554 1092 593 tribunus
1117 553 1243 605 plebis
1267 552 1360 601 fuit,
1392 565 1506 604 quem

112 618 381 668 magistratum
401 619 558 658 tacitum
578 618 716 659 Cicero
744 617 953 670 vocat(⁸).
1001 621 1084 660 Hoc
1114 631 1188 659 uno
1210 619 1255 670 Q.
1273 620 1506 660 Scaevolam

112 685 307 735 collegam
322 697 400 724 non
415 685 561 734 habuit,
586 686 618 725 si
635 698 837 726 censuram
853 698 929 726 non
945 687 1221 735 muneraveris,
1245 699 1359 738 quam
1374 687 1504 727 nullus

111 751 392 793 Scaevolarum
407 753 542 804 petivit
557 749 646 802 (⁹);
677 752 748 792 ille
764 753 862 791 enim
886 753 1122 791 tribunatum
1139 763 1240 791 anno
1264 758 1353 803 post
1368 754 1503 803 gessit.

221 818 433 858 Aedilitate
476 818 858 868 magnificentissima
899 818 1052 856 functus
1096 822 1154 857 est
1194 830 1231 856 a.
1270 819 1374 868 651,
1420 831 1506 858 cum

109 885 343 924 tribunatum
374 889 542 935 quatuor
571 885 682 923 annis
713 889 802 923 ante
835 884 1041 935 gessisset,
1078 896 1156 923 non
1185 885 1332 933 tribus,
1361 890 1403 924 ut
1431 897 1503 926 vo-

107 951 181 991 luit
217 951 399 1002 Pighius3
437 963 525 990 nam
562 951 673 991 locus
710 951 823 991 Bruti
859 952 1128 1000 Ciceroniani,
1174 963 1250 1004 quo
1288 951 1401 993 modo
1444 953 1505 993 usi

109 1031 237 1058 sumus
260 1015 351 1070 (¹⁰),
383 1031 419 1057 a.
445 1019 545 1067 648,
576 1031 652 1071 quo
682 1018 766 1058 lata
797 1024 855 1059 est
883 1018 950 1059 lex
979 1019 1151 1059 Servilia
1182 1019 1392 1059 iudiciaria
1420 1020 1504 1073 pri-

107 1090 237 1126 vatum
265 1085 387 1125 fuisse
415 1086 594 1126 ostendit.
652 1086 884 1126 Praeturam
909 1087 967 1127 M.
990 1087 1159 1127 Antonio
1192 1087 1351 1127 consule
1381 1088 1505 1138 gessit

109 1165 144 1192 a.
172 1153 274 1201 655;
305 1153 512 1204 ignoratur
542 1158 670 1192 autem
698 1153 959 1193 iurisdictioni
989 1166 1039 1193 an
1068 1155 1289 1206 quaestioni
1318 1166 1504 1194 exercen-

109 1220 182 1260 dae
211 1221 439 1273 praefuerit.
483 1221 689 1261 Proximus
721 1221 820 1261 enim
850 1233 973 1260 annus
1002 1222 1036 1260 is
1069 1226 1142 1269 est,
1174 1233 1251 1273 quo
1277 1222 1322 1272 Q.
1346 1221 1503 1262 Mucius

109 1287 245 1329 Crassi
285 1288 442 1339 collega
485 1293 695 1340 perpetuus
732 1289 867 1328 Asiam
912 1288 1189 1340 proconsulari
1229 1299 1278 1327 ex
1316 1292 1505 1340 praetura

107 1355 271 1407 imperio
309 1356 412 1396 rexit
449 1367 533 1395 cum
567 1355 701 1406 legato
731 1355 775 1395 P.
806 1355 968 1396 Rutilio.
1026 1356 1206 1408 Denique
1245 1366 1330 1394 cum
1368 1354 1505 1394 eodem

109 1422 155 1472 Q.
180 1423 315 1462 Mucio
347 1422 484 1462 consul
510 1428 664 1461 creatus
696 1427 753 1462 est
784 1435 819 1462 a.
843 1422 938 1463 659.
985 1421 1029 1461 In
1058 1423 1144 1474 ipso
1178 1421 1382 1461 consulatu
1408 1432 1503 1473 pro-

106 1489 273 1529 vinciam
305 1489 473 1530 Galliam
503 1489 662 1528 sortitus
693 1501 777 1528 cum
805 1489 907 1528 iusto
943 1488 1122 1541 cupidior
1148 1488 1333 1540 triumphi
1363 1499 1503 1528 causas

106 1556 203 1595 belli
235 1556 398 1607 gerendi
427 1555 546 1608 paulo
577 1556 835 1608 importunius
864 1556 1025 1596 rimatus
1057 1560 1177 1603 esset,
1216 1555 1399 1607 triumphi
1429 1555 1502 1595 ho-

106 1634 202 1662 nore
232 1624 406 1675 privatus
438 1628 495 1662 est
525 1624 757 1662 auctoritate
787 1622 989 1672 collegae:
1027 1634 1098 1662 nec
1133 1627 1262 1661 tamen
1298 1621 1339 1660 id
1368 1633 1501 1661 eorum

106 1691 302 1730 amicitiae
346 1689 487 1731 offecit.
557 1689 739 1731 Valerius
785 1688 944 1740 quidem,
981 1689 1180 1729 Maximus
1224 1699 1297 1740 pro
1342 1688 1502 1728 consule

108 1757 262 1798 Galliae
292 1757 474 1798 Crassum
510 1755 732 1808 praefuisse
762 1755 854 1795 dicit
874 1752 964 1806 (¹¹);
1001 1756 1071 1796 sed
1107 1755 1312 1796 adversari
1347 1754 1502 1795 videtur

106 1824 307 1864 Ciceronis
335 1824 547 1863 auctoritas
577 1823 682 1862 haud
710 1823 830 1876 paulo
861 1824 1035 1874 gravior.
1081 1822 1177 1863 Cum
1207 1823 1307 1862 enim
1333 1821 1501 1863 Crassus

102 1891 162 1932 vir
192 1890 296 1943 apud
319 1901 449 1930 omnes
476 1890 631 1931 ordines
656 1891 855 1941 gratiosus
887 1895 924 1930 et
952 1891 993 1930 in
1016 1896 1150 1930 senatu
1180 1895 1318 1942 potens
1342 1889 1501 1940 collega

101 1963 262 1998 auctore
283 1959 469 1998 honorem
490 1970 568 1998 non
584 1958 746 2010 adeptus
764 1957 934 2006 dicatur,
960 1957 1154 2009 quomodo
1178 1957 1329 2009 privari
1352 1968 1398 1996 eo
1423 1956 1501 1996 nisi

100 2025 380 2065 intercessione
402 2026 558 2078 potuit?
590 2031 627 2066 et
649 2025 842 2078 quomodo
870 2025 1099 2065 intercessio
1124 2024 1306 2075 collegae
1330 2023 1501 2074 cogitari

99 2097 246 2145 potest,
270 2093 345 2132 nisi
360 2093 499 2146 inipso
517 2093 781 2144 magistratu?
810 2093 1025 2133 Praeterea
1041 2091 1116 2131 duo
1134 2092 1313 2131 consules
1332 2091 1500 2131 Crassus

101 2164 138 2199 et
154 2160 350 2200 Scaevola
364 2161 537 2199 homines
560 2159 851 2211 prudentissimi
870 2157 1262 2210 imprudentissimam
1285 2157 1414 2207 legem
1428 2156 1499 2196 Li-

101 2226 241 2265 ciniam
265 2226 440 2266 Muciam
463 2226 608 2273 tulere,
638 2237 688 2265 ne
715 2225 802 2277 quis
830 2236 904 2277 pro
931 2224 1014 2264 cive
1044 2235 1086 2263 se
1116 2228 1293 2275 gereret,
1325 2223 1393 2275 qui
1421 2234 1499 2263 non

101 2298 203 2333 esset
234 2293 348 2333 civis:
388 2305 466 2345 qua
502 2292 594 2344 lege
625 2293 722 2336 socii
754 2303 824 2345 spe
853 2291 1055 2331 destitutos
1094 2302 1180 2330 sese
1206 2290 1381 2333 videntes
1420 2301 1498 2330 non

100 2359 348 2400 mediocriter
390 2360 540 2400 incitati
577 2371 662 2400 esse
700 2359 880 2399 dicuntur
916 2358 967 2399 ad
1003 2358 1149 2398 bellum
1184 2358 1361 2398 Italicum
1405 2368 1498 2397 con-

100 2427 268 2468 flandum
284 2425 366 2479 (¹2).
410 2427 590 2480 Denique
617 2428 809 2468 honorum
839 2426 1013 2467 cumulus
1039 2426 1186 2468 Crasso
1212 2425 1379 2466 accessit
1407 2436 1497 2465 cen-

192 2535 228 2579 6)
256 2537 328 2572 Cic.
349 2536 450 2572 Brut.
471 2536 536 2579 43,
557 2536 633 2572 161.
751 2536 788 2579 7)
813 2537 887 2571 Cic.
906 2535 951 2570 de
971 2533 1037 2570 Or.
1055 2534 1083 2570 1.
1105 2535 1166 2578 ll,
1184 2534 1240 2570 45.
1356 2533 1394 2578 8)
1420 2534 1494 2569 Cic.

99 2592 206 2628 Brut.
231 2593 298 2635 43,
322 2592 398 2628 160.
514 2593 553 2638 9)
579 2594 601 2629 l.
619 2605 649 2628 c.
676 2592 704 2639 ξ.
730 2592 807 2628 161.
926 2592 984 2636 10)
1008 2592 1033 2627 l.
1056 2605 1088 2628 c.
1206 2592 1264 2636 ll)
1287 2591 1370 2626 vat.
1392 2590 1497 2625 Max.

101 2648 161 2684 ΙΙΙ.
185 2650 224 2692 7,
250 2649 284 2685 6.
333 2650 470 2685 Contra
505 2650 591 2686 vide
625 2650 700 2685 Cic.
734 2651 770 2686 in
795 2650 966 2685 Pisonem
998 2661 1028 2684 c.
1053 2649 1111 2685 26.
1232 2648 1289 2693 12)
1319 2647 1497 2682 Asconius

98 2706 146 2740 ad
170 2705 425 2743 cornelianam
452 2720 488 2753 p.
511 2708 567 2744 67.
593 2706 711 2743 Orell.

1156 2774 1213 2815 5*
