1835 3126
304 227 422 278 324
735 225 1264 272 EXPLICATIONES

419 341 512 381 118.
572 339 763 388 Catonem]
801 338 1050 391 eloquentiae
1090 341 1249 381 Catonis
1292 341 1429 382 laudes
1466 346 1552 381 sunt
1589 340 1693 393 apud

303 407 553 449 Plutarchum
590 405 675 448 Cat.
715 417 747 445 c.
785 404 843 453 5.,
887 405 1114 446 Ciceronem
1155 407 1450 448 Paradoxorum
1489 408 1691 461 prooemio

304 479 341 513 et
369 474 497 525 Legg.
531 473 600 513 III.
626 474 694 522 18,
724 473 792 512 40.
822 476 859 511 et
890 471 1168 521 Quintilianum
1188 472 1256 512 XI.
1285 476 1329 521 1,
1355 476 1421 514 36.
1466 476 1694 515 Orationum

303 552 420 580 unam
450 540 497 580 (16
528 539 700 581 Catilina
729 539 974 591 superstitem
1011 538 1133 578 fuisse
1161 539 1393 580 Plutarchus
1424 545 1696 581 commemorat

302 606 330 646 l.
364 618 396 646 c.
429 618 462 646 c.
493 608 560 647 23.

416 672 577 723 Fannio]
600 685 635 713 v.
667 673 741 720 26,
769 672 862 712 101.

419 740 511 780 119.
568 738 764 788 institutis]
797 737 983 789 explicuit
1013 737 1192 789 Madvig.
1222 737 1263 776 in
1293 736 1372 778 Cic.
1402 737 1487 777 Fin.
1519 748 1556 789 p.
1588 737 1697 786 624„

304 806 448 858 quippe
480 803 678 858 μέθοδον
708 801 781 845 καὶ
808 798 1007 857 ἄσκησιν.

419 874 511 912 120.
569 871 915 922 Ρενὶραιειῑοονιηιι]
940 870 1041 910 idem
1065 870 1111 910 de
1135 870 1408 923 Peripateticis
1433 874 1470 909 et
1492 869 1697 910 Academi-

306 939 361 979 cis
392 938 576 978 iudicium
605 943 757 991 prostat
787 938 833 977 de
858 938 925 978 Or.
951 938 981 977 I.
1010 939 1081 986 10,
1105 939 1172 977 43.
1213 937 1260 977 ΙΙ.
1290 938 1365 986 38,
1395 937 1477 977 160
1500 948 1585 989 sqq.
1627 936 1695 976 ΠΙ.

308 1007 380 1055 19,
411 1007 479 1045 61.

417 1072 568 1109 uberior
606 1076 639 1108 et
674 1070 802 1119 latior]
840 1070 1024 1122 placebat
1055 1070 1145 1109 olim
1176 1071 1321 1107 laetior.
1379 1068 1489 1108 Nunc
1519 1080 1598 1109 rem
1630 1080 1697 1109 ac-

306 1138 477 1177 curatius
503 1141 730 1189 persecutus
758 1149 840 1175 sum
877 1137 917 1175 in
945 1136 1156 1188 Explicatt.
1187 1136 1226 1174 in
1256 1135 1303 1175 (16
1339 1136 1405 1176 Or.
1436 1135 1465 1174 Ι.
1495 1138 1570 1184 47,
1601 1136 1696 1176 205.

420 1204 513 1242 121.
570 1205 610 1239 ὶη
639 1202 803 1251 quadam
832 1203 1004 1251 epistola]
1035 1203 1151 1241 iterat
1179 1203 1253 1241 hoc
1282 1203 1321 1240 in
1353 1203 1520 1242 Oratore
1543 1203 1592 1251 5,
1618 1204 1696 1252 15.,

304 1268 418 1308 1110110
454 1266 558 1320 quod
586 1267 764 1318 pluribus
780 1267 1057 1316 ‘Demosthenis
1088 1267 1263 1319 epistolis
1292 1268 1366 1306 hoc
1396 1268 1488 1307 dicit
1516 1269 1698 1320 intelligi.

304 1335 392 1375 Non
415 1339 621 1386 supersunt
646 1338 772 1372 autem
795 1346 892 1385 quas
916 1334 1055 1374 Cicero
1076 1338 1311 1382 antestatur3
1336 1338 1466 1372 notum
1490 1339 1547 1373 est
1571 1339 1699 1374 tamen

305 1414 407 1454 quae
434 1412 534 1440 nunc
555 1400 732 1440 Platonis
763 1405 799 1440 et
822 1401 1093 1440 Demosthenis
1122 1400 1300 1440 ferantur
1328 1400 1518 1452 epistolae
1548 1401 1597 1440 ab
1627 1401 1698 1442 illo

303 1469 388 1508 sine
419 1468 640 1520 suspicione
671 1467 977 1507 commemorari.

415 1534 582 1575 XXXII.
643 1536 735 1574 122.
792 1541 833 1572 ut
853 1548 922 1585 pro
940 1537 1059 1572 Bruto
1083 1535 1195 1571 etiam
1216 1532 1474 1583 respondeam]
1500 1538 1701 1586 comparat

302 1601 491 1652 Meyerus
516 1601 600 1642 Cat.
627 1601 685 1641 M.
710 1604 756 1650 2,
778 1603 824 1641 6:
854 1607 895 1639 ut
917 1604 1029 1639 etiam
1051 1613 1120 1650 pro
1144 1601 1317 1650 Scipione
1340 1600 1530 1650 pollicear.
1575 1601 1697 1641 Acad-

303 1668 334 1708 Ι.
367 1669 394 1708 8
418 1673 539 1708 extr.:
568 1674 609 1706 ‘ut
637 1681 707 1719 pro
734 1669 861 1706 Attico
892 1671 1003 1706 ettam
1034 1667 1291 1717 respondeam.

421 1735 546 1784 Curio]
586 1740 748 1786 praetor
791 1747 828 1774 a.
858 1736 953 1775 633.
1015 1733 1213 1774 Orationis
1252 1745 1323 1785 pro
1357 1732 1444 1773 Ser.
1474 1733 1613 1775 Fulvio
1651 1733 1699 1774 de

304 1801 454 1840 incestu
476 1801 598 1841 verba
615 1801 805 1853 quaedam
834 1802 1074 1841 retinuerunt
1097 1801 1265 1852 scriptor
1278 1800 1547 1840 Herennianus
1562 1800 1610 1840 Π.
1627 1803 1696 1841 20.

307 1866 389 1906 Cic.
411 1867 491 1906 Iuv.
520 1866 550 1905 Ι.
576 1868 644 1906 43.
690 1868 845 1907 Marius
867 1868 1088 1908 Victorinus
1116 1867 1175 1906 ed.
1203 1867 1514 1918 Cappcronnerii
1539 1880 1576 1920 p.
1602 1869 1698 1908 214.

421 1935 513 1972 123.
572 1933 719 1970 turbam
748 1933 991 1981 voluminum]
1024 1934 1092 1971 Or.
1123 1935 1196 1980 30,
1223 1934 1321 1972 108:
1356 1947 1461 1972 nemo
1495 1937 1592 1972 enim
1620 1941 1699 1972 tam

306 1999 426 2036 nuttlta
467 2004 597 2036 orator
632 2012 677 2035 ow
705 2002 745 2036 in
778 2001 921 2036 Graeco
952 1998 1096 2048 quadem
1130 2001 1204 2036 olio
1233 2001 1402 2048 scripsit,
1441 2012 1554 2048 quam
1580 2001 1698 2038 mulla

305 2070 393 2102 sunt
416 2070 568 2109 vostra,
593 2077 707 2113 caque
729 2065 826 2101 hanc
848 2068 970 2113 ipsam
992 2064 1143 2109 habent,
1171 2078 1280 2113 quam
1305 2065 1437 2113 probo,
1463 2069 1695 2105 varietatem.

304 2131 503 2171 Romanos
543 2142 621 2169 non
660 2131 700 2169 in
739 2129 894 2169 iudiciis
934 2129 1067 2177 modo,
1106 2129 1174 2168 sed
1211 2130 1326 2169 etiam
1364 2131 1403 2168 iu
1444 2133 1617 2181 gerenda
1655 2145 1698 2172 re

305 2198 466 2250 publica
503 2197 823 2249 occupatissimos
865 2208 950 2235 cum
982 2196 1142 2237 Graecis
1182 2201 1401 2248 comparat,
1440 2210 1603 2249 quorum
1634 2200 1700 2251 qui

308 2265 604 2305 deliberativum
641 2276 763 2315 genus
800 2264 988 2303 orationis
1026 2263 1238 2315 praecipue
1267 2263 1446 2312 coluere,
1485 2270 1526 2304 ut
1555 2265 1700 2306 Demo-

308 2333 481 2380 sthenes,
521 2344 614 2371 raro
650 2332 690 2370 iu
722 2330 877 2370 iudiciis
917 2330 1116 2378 dicebant,
1156 2330 1276 2382 paulo
1307 2330 1423 2382 plura
1462 2332 1701 2384 scripserunt

306 2399 447 2449 quibus
493 2399 562 2437 alii
605 2403 825 2446 ute1·e11tur;
871 2398 937 2450 qui
981 2403 1108 2436 autem
1146 2397 1316 2449 plurima
1356 2398 1616 2450 scripserunt,
1657 2405 1700 2440 ut

305 2465 470 2516 Lysias,
512 2477 583 2504 nec
618 2466 695 2517 ipsi
733 2477 805 2517 pro
842 2466 920 2504 reis
953 2464 1132 2504 dixerunt
1167 2476 1238 2504 nec
1268 2465 1327 2504 rei
1355 2465 1536 2517 publicae
1566 2478 1698 2506 curam

307 2536 526 2583 gesserunt.

423 2599 517 2638 124.
575 2599 694 2636 melta
726 2598 824 2636 dixit
856 2604 889 2636 et
918 2598 1097 2647 illustria]
1137 2597 1415 2646 Schneiderus‚
1456 2610 1540 2638 cum
1569 2599 1697 2639 locum

309 2665 544 2716 corrigeret,
581 2664 837 2718 praetervidit
871 2666 1037 2703 {nustria
1062 2665 1353 2704 usitatissimum
1384 2676 1470 2705 esse
1498 2678 1570 2718 pro
1600 2668 1699 2704 notis

312 2736 348 2770 ct
377 2733 567 2771 homimem
606 2746 668 2771 ore
698 2735 822 2780 ινὶιὶες
859 2732 1068 2773 sententias
1099 2737 1225 2772 autem
1257 2732 1444 2785 quasdam
1475 2746 1499 2772 a
1529 2732 1697 2773 Curione
