<?xml version="1.0" encoding="UTF-8"?>
<!DOCTYPE html PUBLIC "-//W3C//DTD XHTML 1.0 Transitional//EN"
    "http://www.w3.org/TR/xhtml1/DTD/xhtml1-transitional.dtd">
<html xmlns="http://www.w3.org/1999/xhtml" xml:lang="en" lang="en">
 <head>
  <title>
</title>
<meta http-equiv="Content-Type" content="text/html;charset=utf-8" />
  <meta name='ocr-system' content='tesseract 3.04.00' />
  <meta name='ocr-capabilities' content='ocr_page ocr_carea ocr_par ocr_line ocrx_word'/>
</head>
<body>
  <div class='ocr_page' id='page_1' title='image "./brutussivedeclar00ciceuoft/brutussivedeclar00ciceuoft_0399.png"; bbox 0 0 1835 3126; ppageno 0'>
   <div class='ocr_carea' id='block_1_1' title="bbox 0 0 33 3126">
    <p class='ocr_par' dir='ltr' id='par_1_1' title="bbox 0 0 33 3126">
     <span class='ocr_line' id='line_1_1' title="bbox 0 0 33 3126; baseline 0 0"><span class='ocrx_word' id='word_1_1' title='bbox 0 0 33 3126; x_wconf 95' lang='lat' dir='ltr'> </span> 
     </span>
    </p>
   </div>
   <div class='ocr_carea' id='block_1_2' title="bbox 305 237 1492 287">
    <p class='ocr_par' dir='ltr' id='par_1_2' title="bbox 305 237 1492 287">
     <span class='ocr_line' id='line_1_2' title="bbox 305 237 1492 287; baseline 0.003 -4"><span class='ocrx_word' id='word_1_2' title='bbox 305 241 390 284; x_wconf 92' lang='lat' dir='ltr'>AD</span> <span class='ocrx_word' id='word_1_3' title='bbox 423 238 539 283; x_wconf 86' lang='lat' dir='ltr'>CIC.</span> <span class='ocrx_word' id='word_1_4' title='bbox 570 237 840 283; x_wconf 90' lang='lat' dir='ltr'>BRUTUM</span> <span class='ocrx_word' id='word_1_5' title='bbox 873 239 992 284; x_wconf 79' lang='lat' dir='ltr'>GAP.</span> <span class='ocrx_word' id='word_1_6' title='bbox 1023 241 1089 285; x_wconf 82' lang='lat'>36.</span> <span class='ocrx_word' id='word_1_7' title='bbox 1121 241 1189 285; x_wconf 83' lang='lat'>37.</span> <span class='ocrx_word' id='word_1_8' title='bbox 1218 241 1286 285; x_wconf 74' lang='lat'>38.</span> <span class='ocrx_word' id='word_1_9' title='bbox 1372 242 1492 287; x_wconf 63' lang='lat'>329</span> 
     </span>
    </p>
   </div>
   <div class='ocr_carea' id='block_1_3' title="bbox 90 353 1495 2808">
    <p class='ocr_par' dir='ltr' id='par_1_3' title="bbox 98 353 1494 670">
     <span class='ocr_line' id='line_1_3' title="bbox 218 353 1493 404; baseline 0.001 -10"><span class='ocrx_word' id='word_1_10' title='bbox 218 354 311 394; x_wconf 85' lang='lat'>140.</span> <span class='ocrx_word' id='word_1_11' title='bbox 367 354 481 392; x_wconf 79' lang='lat' dir='ltr'>verba</span> <span class='ocrx_word' id='word_1_12' title='bbox 510 354 609 404; x_wconf 74' lang='lat' dir='ltr'>ipsa]</span> <span class='ocrx_word' id='word_1_13' title='bbox 642 353 690 393; x_wconf 89' lang='lat' dir='ltr'>de</span> <span class='ocrx_word' id='word_1_14' title='bbox 717 355 924 395; x_wconf 87' lang='lat' dir='ltr'>verborum</span> <span class='ocrx_word' id='word_1_15' title='bbox 952 355 1103 396; x_wconf 90' lang='lat' dir='ltr'>delectu</span> <span class='ocrx_word' id='word_1_16' title='bbox 1133 356 1360 396; x_wconf 80' lang='lat' dir='ltr'>sententiam</span> <span class='ocrx_word' id='word_1_17' title='bbox 1382 367 1493 396; x_wconf 88' lang='lat' dir='ltr'>suam</span> 
     </span>
     <span class='ocr_line' id='line_1_4' title="bbox 103 419 1494 475; baseline 0.001 -14"><span class='ocrx_word' id='word_1_18' title='bbox 103 419 242 462; x_wconf 86' lang='lat' dir='ltr'>Cicero</span> <span class='ocrx_word' id='word_1_19' title='bbox 279 425 461 461; x_wconf 88' lang='lat' dir='ltr'>accurate</span> <span class='ocrx_word' id='word_1_20' title='bbox 502 421 688 474; x_wconf 85' lang='lat' dir='ltr'>explicuit</span> <span class='ocrx_word' id='word_1_21' title='bbox 717 421 764 461; x_wconf 92' lang='lat' dir='ltr'>de</span> <span class='ocrx_word' id='word_1_22' title='bbox 796 422 863 463; x_wconf 90' lang='lat' dir='ltr'>Or.</span> <span class='ocrx_word' id='word_1_23' title='bbox 892 421 958 462; x_wconf 92' lang='lat' dir='ltr'>III.</span> <span class='ocrx_word' id='word_1_24' title='bbox 991 424 1042 462; x_wconf 87' lang='grc'>37</span> <span class='ocrx_word' id='word_1_25' title='bbox 1071 435 1156 475; x_wconf 87' lang='lat' dir='ltr'><strong>sqq.</strong></span> <span class='ocrx_word' id='word_1_26' title='bbox 1216 423 1417 473; x_wconf 84' lang='lat' dir='ltr'>Quatenus</span> <span class='ocrx_word' id='word_1_27' title='bbox 1453 424 1494 462; x_wconf 90' lang='lat' dir='ltr'>in</span> 
     </span>
     <span class='ocr_line' id='line_1_5' title="bbox 99 486 1494 542; baseline 0.002 -16"><span class='ocrx_word' id='word_1_28' title='bbox 99 486 218 527; x_wconf 89' lang='lat' dir='ltr'>laude</span> <span class='ocrx_word' id='word_1_29' title='bbox 257 488 428 528; x_wconf 87' lang='lat' dir='ltr'>oratoris</span> <span class='ocrx_word' id='word_1_30' title='bbox 466 488 729 541; x_wconf 89' lang='lat' dir='ltr'>reponendum</span> <span class='ocrx_word' id='word_1_31' title='bbox 758 490 807 529; x_wconf 91' lang='lat' dir='ltr'>sit</span> <span class='ocrx_word' id='word_1_32' title='bbox 836 491 983 529; x_wconf 87' lang='lat' dir='ltr'>sciatne</span> <span class='ocrx_word' id='word_1_33' title='bbox 1018 489 1140 528; x_wconf 87' lang='lat' dir='ltr'>latine</span> <span class='ocrx_word' id='word_1_34' title='bbox 1177 489 1285 542; x_wconf 88' lang='lat' dir='ltr'>loqui</span> <span class='ocrx_word' id='word_1_35' title='bbox 1324 502 1373 529; x_wconf 87' lang='lat' dir='ltr'>an</span> <span class='ocrx_word' id='word_1_36' title='bbox 1415 501 1494 530; x_wconf 91' lang='lat' dir='ltr'>non</span> 
     </span>
     <span class='ocr_line' id='line_1_6' title="bbox 98 553 1490 608; baseline 0.003 -16"><span class='ocrx_word' id='word_1_37' title='bbox 98 554 197 594; x_wconf 88' lang='lat' dir='ltr'>sciat</span> <span class='ocrx_word' id='word_1_38' title='bbox 240 553 342 594; x_wconf 90' lang='lat' dir='ltr'>idem</span> <span class='ocrx_word' id='word_1_39' title='bbox 381 556 560 608; x_wconf 86' lang='lat' dir='ltr'>exposuit</span> <span class='ocrx_word' id='word_1_40' title='bbox 599 555 646 596; x_wconf 87' lang='lat' dir='ltr'>de</span> <span class='ocrx_word' id='word_1_41' title='bbox 686 557 753 598; x_wconf 91' lang='lat' dir='ltr'>Or.</span> <span class='ocrx_word' id='word_1_42' title='bbox 781 556 850 596; x_wconf 92' lang='lat' dir='ltr'>III.</span> <span class='ocrx_word' id='word_1_43' title='bbox 885 558 955 605; x_wconf 88' lang='lat'>14,</span> <span class='ocrx_word' id='word_1_44' title='bbox 985 557 1052 596; x_wconf 81' lang='lat'>52.</span> <span class='ocrx_word' id='word_1_45' title='bbox 1099 561 1137 596; x_wconf 89' lang='lat' dir='ltr'>et</span> <span class='ocrx_word' id='word_1_46' title='bbox 1178 557 1219 596; x_wconf 90' lang='lat' dir='ltr'>in</span> <span class='ocrx_word' id='word_1_47' title='bbox 1256 557 1331 597; x_wconf 89' lang='lat' dir='ltr'>hoc</span> <span class='ocrx_word' id='word_1_48' title='bbox 1368 557 1490 596; x_wconf 92' lang='lat' dir='ltr'>Bruto</span> 
     </span>
     <span class='ocr_line' id='line_1_7' title="bbox 98 621 300 670; baseline -0.005 -10"><span class='ocrx_word' id='word_1_49' title='bbox 98 621 173 670; x_wconf 82' lang='lat'>75,</span> <span class='ocrx_word' id='word_1_50' title='bbox 205 622 300 661; x_wconf 83' lang='lat'>261.</span> 
     </span>
    </p>

    <p class='ocr_par' dir='ltr' id='par_1_4' title="bbox 92 682 1494 1803">
     <span class='ocr_line' id='line_1_8' title="bbox 210 682 1494 740; baseline 0.004 -15"><span class='ocrx_word' id='word_1_51' title='bbox 210 688 275 726; x_wconf 78' lang='lat' dir='ltr'>sed</span> <span class='ocrx_word' id='word_1_52' title='bbox 295 689 365 726; x_wconf 72' lang='lat' dir='ltr'>tlla</span> <span class='ocrx_word' id='word_1_53' title='bbox 389 701 483 739; x_wconf 81' lang='lat' dir='ltr'>qnae</span> <span class='ocrx_word' id='word_1_54' title='bbox 504 690 654 740; x_wconf 74' lang='lat' dir='ltr'>proprie</span> <span class='ocrx_word' id='word_1_55' title='bbox 674 689 772 739; x_wconf 81' lang='lat' dir='ltr'>laus]</span> <span class='ocrx_word' id='word_1_56' title='bbox 804 690 904 730; x_wconf 84' lang='lat' dir='ltr'>hanc</span> <span class='ocrx_word' id='word_1_57' title='bbox 934 689 1161 729; x_wconf 81' lang='lat' dir='ltr'>sententiam</span> <span class='ocrx_word' id='word_1_58' title='bbox 1187 682 1494 730; x_wconf 67' lang='grc' dir='ltr'><em>ἀνακόλουθον</em></span> 
     </span>
     <span class='ocr_line' id='line_1_9' title="bbox 96 753 1494 809; baseline 0.002 -16"><span class='ocrx_word' id='word_1_59' title='bbox 96 753 291 794; x_wconf 82' lang='lat' dir='ltr'>Matthiae</span> <span class='ocrx_word' id='word_1_60' title='bbox 321 754 368 794; x_wconf 91' lang='lat' dir='ltr'>de</span> <span class='ocrx_word' id='word_1_61' title='bbox 394 755 559 795; x_wconf 89' lang='lat' dir='ltr'>Anacol.</span> <span class='ocrx_word' id='word_1_62' title='bbox 589 756 714 796; x_wconf 87' lang='lat' dir='ltr'>Cicer.</span> <span class='ocrx_word' id='word_1_63' title='bbox 744 769 783 809; x_wconf 91' lang='lat' dir='ltr'>p.</span> <span class='ocrx_word' id='word_1_64' title='bbox 815 758 880 797; x_wconf 80' lang='lat'>18.</span> <span class='ocrx_word' id='word_1_65' title='bbox 909 762 998 809; x_wconf 89' lang='lat' dir='ltr'>post</span> <span class='ocrx_word' id='word_1_66' title='bbox 1029 757 1242 796; x_wconf 85' lang='lat' dir='ltr'>instaurari</span> <span class='ocrx_word' id='word_1_67' title='bbox 1273 762 1310 798; x_wconf 84' lang='lat' dir='ltr'>et</span> <span class='ocrx_word' id='word_1_68' title='bbox 1339 756 1494 796; x_wconf 86' lang='lat' dir='ltr'>absolvi</span> 
     </span>
     <span class='ocr_line' id='line_1_10' title="bbox 95 821 1493 874; baseline 0.003 -16"><span class='ocrx_word' id='word_1_69' title='bbox 95 825 206 872; x_wconf 90' lang='lat' dir='ltr'>putat</span> <span class='ocrx_word' id='word_1_70' title='bbox 229 821 358 861; x_wconf 88' lang='lat' dir='ltr'>verbis</span> <span class='ocrx_word' id='word_1_71' title='bbox 382 822 447 858; x_wconf 78' lang='lat' dir='ltr'>sed</span> <span class='ocrx_word' id='word_1_72' title='bbox 472 827 594 859; x_wconf 77' lang='lat' dir='ltr'>tamen</span> <span class='ocrx_word' id='word_1_73' title='bbox 616 823 805 860; x_wconf 78' lang='lat' dir='ltr'>Antonius</span> <span class='ocrx_word' id='word_1_74' title='bbox 829 823 898 863; x_wconf 69' lang='lat' dir='ltr'>&amp;a</span> <span class='ocrx_word' id='word_1_75' title='bbox 937 824 1100 863; x_wconf 89' lang='lat' dir='ltr'>Beierus</span> <span class='ocrx_word' id='word_1_76' title='bbox 1122 829 1248 862; x_wconf 89' lang='lat' dir='ltr'>autem</span> <span class='ocrx_word' id='word_1_77' title='bbox 1270 824 1310 862; x_wconf 92' lang='lat' dir='ltr'>in</span> <span class='ocrx_word' id='word_1_78' title='bbox 1333 823 1493 874; x_wconf 74' lang='lat' dir='ltr'>Fragm-</span> 
     </span>
     <span class='ocr_line' id='line_1_11' title="bbox 97 887 1494 942; baseline 0.002 -16"><span class='ocrx_word' id='word_1_79' title='bbox 97 891 214 926; x_wconf 86' lang='lat' dir='ltr'>oratt.</span> <span class='ocrx_word' id='word_1_80' title='bbox 247 887 328 928; x_wconf 88' lang='lat' dir='ltr'>Cic.</span> <span class='ocrx_word' id='word_1_81' title='bbox 367 899 405 939; x_wconf 87' lang='lat' dir='ltr'>p.</span> <span class='ocrx_word' id='word_1_82' title='bbox 437 887 503 927; x_wconf 84' lang='lat'>53.</span> <span class='ocrx_word' id='word_1_83' title='bbox 542 889 737 928; x_wconf 89' lang='lat' dir='ltr'>existimat</span> <span class='ocrx_word' id='word_1_84' title='bbox 777 895 866 942; x_wconf 89' lang='lat' dir='ltr'>post</span> <span class='ocrx_word' id='word_1_85' title='bbox 904 891 1027 931; x_wconf 82' lang='lat' dir='ltr'>verba</span> <span class='ocrx_word' id='word_1_86' title='bbox 1062 890 1126 927; x_wconf 76' lang='lat' dir='ltr'>sect</span> <span class='ocrx_word' id='word_1_87' title='bbox 1156 891 1224 930; x_wconf 79' lang='grc' dir='ltr'>ῑΗιι</span> <span class='ocrx_word' id='word_1_88' title='bbox 1253 891 1338 928; x_wconf 82' lang='lat' dir='ltr'>laus</span> <span class='ocrx_word' id='word_1_89' title='bbox 1375 890 1494 929; x_wconf 88' lang='lat' dir='ltr'>talem</span> 
     </span>
     <span class='ocr_line' id='line_1_12' title="bbox 94 953 1491 1002; baseline 0.001 -10"><span class='ocrx_word' id='word_1_90' title='bbox 94 953 181 994; x_wconf 85' lang='lat' dir='ltr'>fere</span> <span class='ocrx_word' id='word_1_91' title='bbox 209 954 485 993; x_wconf 90' lang='lat' dir='ltr'>sententiarum</span> <span class='ocrx_word' id='word_1_92' title='bbox 516 955 861 995; x_wconf 83' lang='lat' dir='ltr'>conformationem</span> <span class='ocrx_word' id='word_1_93' title='bbox 885 956 1121 995; x_wconf 87' lang='lat' dir='ltr'>desiderari:</span> <span class='ocrx_word' id='word_1_94' title='bbox 1152 958 1192 992; x_wconf 69' lang='lat' dir='ltr'>tn</span> <span class='ocrx_word' id='word_1_95' title='bbox 1215 957 1382 993; x_wconf 67' lang='lat' dir='ltr'>Antonio</span> <span class='ocrx_word' id='word_1_96' title='bbox 1404 956 1491 1002; x_wconf 68' lang='lat' dir='ltr'>fuit,</span> 
     </span>
     <span class='ocr_line' id='line_1_13' title="bbox 94 1020 1492 1074; baseline 0.001 -16"><span class='ocrx_word' id='word_1_97' title='bbox 94 1026 136 1058; x_wconf 76' lang='lat' dir='ltr'>ut</span> <span class='ocrx_word' id='word_1_98' title='bbox 165 1023 203 1058; x_wconf 82' lang='grc' dir='ltr'>ὶη</span> <span class='ocrx_word' id='word_1_99' title='bbox 225 1020 346 1058; x_wconf 69' lang='grc' dir='ltr'>νει-1115</span> <span class='ocrx_word' id='word_1_100' title='bbox 369 1027 402 1058; x_wconf 85' lang='lat' dir='ltr'>et</span> <span class='ocrx_word' id='word_1_101' title='bbox 428 1022 604 1070; x_wconf 71' lang='lat' dir='ltr'>eltyendis</span> <span class='ocrx_word' id='word_1_102' title='bbox 625 1043 676 1051; x_wconf 84' lang='lat'>--—</span> <span class='ocrx_word' id='word_1_103' title='bbox 699 1022 886 1070; x_wconf 65' lang='lat' dir='ltr'>dirigeret.</span> <span class='ocrx_word' id='word_1_104' title='bbox 942 1022 1057 1060; x_wconf 86' lang='lat' dir='ltr'>Ferri</span> <span class='ocrx_word' id='word_1_105' title='bbox 1087 1025 1214 1059; x_wconf 86' lang='lat' dir='ltr'>autem</span> <span class='ocrx_word' id='word_1_106' title='bbox 1243 1033 1321 1060; x_wconf 88' lang='lat' dir='ltr'>non</span> <span class='ocrx_word' id='word_1_107' title='bbox 1350 1026 1492 1074; x_wconf 81' lang='lat' dir='ltr'>potest,</span> 
     </span>
     <span class='ocr_line' id='line_1_14' title="bbox 94 1081 1493 1135; baseline 0.001 -9"><span class='ocrx_word' id='word_1_108' title='bbox 94 1091 136 1126; x_wconf 87' lang='lat' dir='ltr'>ut</span> <span class='ocrx_word' id='word_1_109' title='bbox 165 1087 355 1126; x_wconf 89' lang='lat' dir='ltr'>sententia</span> <span class='ocrx_word' id='word_1_110' title='bbox 386 1081 694 1134; x_wconf 76' lang='grc' dir='ltr'><em>ἇνακόλουθος</em></span> <span class='ocrx_word' id='word_1_111' title='bbox 729 1087 785 1126; x_wconf 90' lang='lat' dir='ltr'>sic</span> <span class='ocrx_word' id='word_1_112' title='bbox 820 1087 1069 1135; x_wconf 84' lang='lat' dir='ltr'>absolvatur,</span> <span class='ocrx_word' id='word_1_113' title='bbox 1108 1099 1186 1126; x_wconf 88' lang='lat' dir='ltr'>non</span> <span class='ocrx_word' id='word_1_114' title='bbox 1219 1091 1259 1126; x_wconf 88' lang='lat' dir='ltr'>ut</span> <span class='ocrx_word' id='word_1_115' title='bbox 1300 1087 1493 1127; x_wconf 87' lang='lat' dir='ltr'>addantur</span> 
     </span>
     <span class='ocr_line' id='line_1_15' title="bbox 93 1153 1493 1206; baseline 0.001 -14"><span class='ocrx_word' id='word_1_116' title='bbox 93 1153 319 1192; x_wconf 88' lang='lat' dir='ltr'>necessaria</span> <span class='ocrx_word' id='word_1_117' title='bbox 341 1153 500 1205; x_wconf 90' lang='lat' dir='ltr'>paulum</span> <span class='ocrx_word' id='word_1_118' title='bbox 521 1157 685 1201; x_wconf 90' lang='lat' dir='ltr'>mutata,</span> <span class='ocrx_word' id='word_1_119' title='bbox 717 1153 785 1193; x_wconf 87' lang='lat' dir='ltr'>sed</span> <span class='ocrx_word' id='word_1_120' title='bbox 814 1158 856 1193; x_wconf 88' lang='lat' dir='ltr'>ut</span> <span class='ocrx_word' id='word_1_121' title='bbox 885 1155 1012 1194; x_wconf 90' lang='lat' dir='ltr'>media</span> <span class='ocrx_word' id='word_1_122' title='bbox 1036 1155 1346 1206; x_wconf 87' lang='lat' dir='ltr'>interponantur.</span> <span class='ocrx_word' id='word_1_123' title='bbox 1389 1155 1493 1194; x_wconf 93' lang='lat' dir='ltr'>Mihi</span> 
     </span>
     <span class='ocr_line' id='line_1_16' title="bbox 92 1218 1493 1273; baseline -0.002 -12"><span class='ocrx_word' id='word_1_124' title='bbox 92 1219 246 1261; x_wconf 90' lang='lat' dir='ltr'>videtur</span> <span class='ocrx_word' id='word_1_125' title='bbox 276 1218 414 1260; x_wconf 83' lang='lat' dir='ltr'>Cicero</span> <span class='ocrx_word' id='word_1_126' title='bbox 458 1220 514 1259; x_wconf 86' lang='lat' dir='ltr'>ita</span> <span class='ocrx_word' id='word_1_127' title='bbox 554 1220 768 1260; x_wconf 90' lang='lat' dir='ltr'>instituisse</span> <span class='ocrx_word' id='word_1_128' title='bbox 803 1222 1040 1269; x_wconf 86' lang='lat' dir='ltr'>orationem,</span> <span class='ocrx_word' id='word_1_129' title='bbox 1079 1226 1263 1272; x_wconf 85' lang='lat' dir='ltr'>tanquam</span> <span class='ocrx_word' id='word_1_130' title='bbox 1301 1226 1391 1273; x_wconf 88' lang='lat' dir='ltr'>post</span> <span class='ocrx_word' id='word_1_131' title='bbox 1427 1221 1493 1259; x_wconf 81' lang='lat' dir='ltr'>sed</span> 
     </span>
     <span class='ocr_line' id='line_1_17' title="bbox 93 1285 1492 1339; baseline 0.001 -14"><span class='ocrx_word' id='word_1_132' title='bbox 93 1287 162 1325; x_wconf 69' lang='lat' dir='ltr'>illa</span> <span class='ocrx_word' id='word_1_133' title='bbox 191 1308 247 1314; x_wconf 74' lang='lat'>›—</span> <span class='ocrx_word' id='word_1_134' title='bbox 274 1290 315 1324; x_wconf 73' lang='lat' dir='ltr'>tn</span> <span class='ocrx_word' id='word_1_135' title='bbox 344 1286 464 1324; x_wconf 77' lang='lat' dir='ltr'>verbis</span> <span class='ocrx_word' id='word_1_136' title='bbox 495 1285 695 1326; x_wconf 84' lang='lat' dir='ltr'>additurus</span> <span class='ocrx_word' id='word_1_137' title='bbox 727 1292 829 1327; x_wconf 89' lang='lat' dir='ltr'>esset</span> <span class='ocrx_word' id='word_1_138' title='bbox 857 1301 934 1326; x_wconf 72' lang='lat' dir='ltr'>non</span> <span class='ocrx_word' id='word_1_139' title='bbox 965 1290 1108 1333; x_wconf 75' lang='lat' dir='ltr'>caruit,</span> <span class='ocrx_word' id='word_1_140' title='bbox 1141 1287 1245 1339; x_wconf 88' lang='lat' dir='ltr'>quod</span> <span class='ocrx_word' id='word_1_141' title='bbox 1275 1292 1492 1339; x_wconf 89' lang='lat' dir='ltr'>opponeret</span> 
     </span>
     <span class='ocr_line' id='line_1_18' title="bbox 93 1353 1492 1405; baseline -0.001 -13"><span class='ocrx_word' id='word_1_142' title='bbox 93 1353 292 1405; x_wconf 87' lang='lat' dir='ltr'>prioribus</span> <span class='ocrx_word' id='word_1_143' title='bbox 324 1353 518 1402; x_wconf 66' lang='lat' dir='ltr'>diligenter</span> <span class='ocrx_word' id='word_1_144' title='bbox 550 1354 721 1403; x_wconf 66' lang='lat' dir='ltr'>loquendi</span> <span class='ocrx_word' id='word_1_145' title='bbox 750 1354 860 1393; x_wconf 77' lang='lat' dir='ltr'>laude</span> <span class='ocrx_word' id='word_1_146' title='bbox 890 1358 1011 1393; x_wconf 75' lang='lat' dir='ltr'>caruit</span> <span class='ocrx_word' id='word_1_147' title='bbox 1036 1367 1151 1404; x_wconf 73' lang='lat' dir='ltr'>neque</span> <span class='ocrx_word' id='word_1_148' title='bbox 1179 1360 1305 1391; x_wconf 83' lang='lat' dir='ltr'>tamen</span> <span class='ocrx_word' id='word_1_149' title='bbox 1334 1360 1387 1391; x_wconf 76' lang='lat' dir='ltr'>est</span> <span class='ocrx_word' id='word_1_150' title='bbox 1418 1355 1492 1392; x_wconf 82' lang='lat' dir='ltr'>ad-</span> 
     </span>
     <span class='ocr_line' id='line_1_19' title="bbox 93 1419 1491 1470; baseline 0.003 -14"><span class='ocrx_word' id='word_1_151' title='bbox 93 1420 244 1458; x_wconf 79' lang='lat' dir='ltr'>modum</span> <span class='ocrx_word' id='word_1_152' title='bbox 272 1422 465 1470; x_wconf 72' lang='lat' dir='ltr'>tnqutnate</span> <span class='ocrx_word' id='word_1_153' title='bbox 494 1419 648 1458; x_wconf 82' lang='lat' dir='ltr'>locutus.</span> <span class='ocrx_word' id='word_1_154' title='bbox 707 1421 768 1459; x_wconf 86' lang='lat' dir='ltr'>Ah</span> <span class='ocrx_word' id='word_1_155' title='bbox 796 1422 870 1460; x_wconf 82' lang='lat' dir='ltr'>hac</span> <span class='ocrx_word' id='word_1_156' title='bbox 901 1421 1030 1461; x_wconf 80' lang='lat' dir='ltr'>forma</span> <span class='ocrx_word' id='word_1_157' title='bbox 1059 1421 1272 1460; x_wconf 82' lang='lat' dir='ltr'>sententiae</span> <span class='ocrx_word' id='word_1_158' title='bbox 1307 1432 1391 1460; x_wconf 86' lang='lat' dir='ltr'>cum</span> <span class='ocrx_word' id='word_1_159' title='bbox 1422 1420 1491 1460; x_wconf 85' lang='lat' dir='ltr'>de-</span> 
     </span>
     <span class='ocr_line' id='line_1_20' title="bbox 94 1484 1492 1540; baseline 0.001 -15"><span class='ocrx_word' id='word_1_160' title='bbox 94 1485 292 1533; x_wconf 84' lang='lat' dir='ltr'>scivisset,</span> <span class='ocrx_word' id='word_1_161' title='bbox 321 1497 403 1525; x_wconf 89' lang='lat' dir='ltr'>rem</span> <span class='ocrx_word' id='word_1_162' title='bbox 431 1484 561 1532; x_wconf 88' lang='lat' dir='ltr'>illam,</span> <span class='ocrx_word' id='word_1_163' title='bbox 592 1486 631 1523; x_wconf 91' lang='lat' dir='ltr'>in</span> <span class='ocrx_word' id='word_1_164' title='bbox 655 1498 734 1538; x_wconf 88' lang='lat' dir='ltr'>qua</span> <span class='ocrx_word' id='word_1_165' title='bbox 755 1489 958 1540; x_wconf 88' lang='lat' dir='ltr'>propriam</span> <span class='ocrx_word' id='word_1_166' title='bbox 988 1488 1157 1528; x_wconf 88' lang='lat' dir='ltr'>oratoris</span> <span class='ocrx_word' id='word_1_167' title='bbox 1186 1487 1342 1527; x_wconf 87' lang='lat' dir='ltr'>laudem</span> <span class='ocrx_word' id='word_1_168' title='bbox 1371 1499 1492 1540; x_wconf 88' lang='lat' dir='ltr'>quae-</span> 
     </span>
     <span class='ocr_line' id='line_1_21' title="bbox 93 1551 1492 1601; baseline 0 -9"><span class='ocrx_word' id='word_1_169' title='bbox 93 1552 255 1592; x_wconf 83' lang='lat' dir='ltr'>rendam</span> <span class='ocrx_word' id='word_1_170' title='bbox 288 1563 374 1591; x_wconf 90' lang='lat' dir='ltr'>esse</span> <span class='ocrx_word' id='word_1_171' title='bbox 411 1551 582 1591; x_wconf 82' lang='lat' dir='ltr'>dicturus</span> <span class='ocrx_word' id='word_1_172' title='bbox 620 1557 724 1601; x_wconf 90' lang='lat' dir='ltr'>erat,</span> <span class='ocrx_word' id='word_1_173' title='bbox 771 1554 830 1592; x_wconf 88' lang='lat' dir='ltr'>his</span> <span class='ocrx_word' id='word_1_174' title='bbox 868 1555 998 1595; x_wconf 84' lang='lat' dir='ltr'>verbis</span> <span class='ocrx_word' id='word_1_175' title='bbox 1036 1554 1223 1594; x_wconf 88' lang='lat' dir='ltr'>reddidit:</span> <span class='ocrx_word' id='word_1_176' title='bbox 1263 1555 1328 1592; x_wconf 77' lang='lat' dir='ltr'>sed</span> <span class='ocrx_word' id='word_1_177' title='bbox 1366 1560 1492 1592; x_wconf 81' lang='lat' dir='ltr'>tamen</span> 
     </span>
     <span class='ocr_line' id='line_1_22' title="bbox 94 1619 1490 1672; baseline 0.001 -16"><span class='ocrx_word' id='word_1_178' title='bbox 94 1621 283 1657; x_wconf 65' lang='lat' dir='ltr'>Antonius</span> <span class='ocrx_word' id='word_1_179' title='bbox 304 1619 374 1658; x_wconf 65' lang='grc' dir='ltr'><strong>διο.</strong></span> <span class='ocrx_word' id='word_1_180' title='bbox 411 1619 514 1659; x_wconf 92' lang='lat' dir='ltr'>Illud</span> <span class='ocrx_word' id='word_1_181' title='bbox 535 1624 640 1658; x_wconf 89' lang='lat' dir='ltr'>recte</span> <span class='ocrx_word' id='word_1_182' title='bbox 661 1619 758 1659; x_wconf 87' lang='lat' dir='ltr'>vidit</span> <span class='ocrx_word' id='word_1_183' title='bbox 773 1620 1003 1672; x_wconf 84' lang='lat' dir='ltr'>Bernhardy</span> <span class='ocrx_word' id='word_1_184' title='bbox 1026 1622 1149 1662; x_wconf 85' lang='lat' dir='ltr'>verba</span> <span class='ocrx_word' id='word_1_185' title='bbox 1168 1620 1241 1660; x_wconf 90' lang='lat' dir='ltr'>illa</span> <span class='ocrx_word' id='word_1_186' title='bbox 1264 1621 1328 1658; x_wconf 82' lang='lat' dir='ltr'>sed</span> <span class='ocrx_word' id='word_1_187' title='bbox 1351 1622 1420 1659; x_wconf 68' lang='lat' dir='ltr'>illa</span> <span class='ocrx_word' id='word_1_188' title='bbox 1438 1645 1490 1650; x_wconf 90' lang='lat'>—-</span> 
     </span>
     <span class='ocr_line' id='line_1_23' title="bbox 93 1686 1490 1741; baseline 0.001 -16"><span class='ocrx_word' id='word_1_189' title='bbox 93 1686 215 1725; x_wconf 72' lang='lat' dir='ltr'>verbis</span> <span class='ocrx_word' id='word_1_190' title='bbox 254 1686 310 1725; x_wconf 88' lang='lat' dir='ltr'>sic</span> <span class='ocrx_word' id='word_1_191' title='bbox 348 1698 434 1726; x_wconf 90' lang='lat' dir='ltr'>esse</span> <span class='ocrx_word' id='word_1_192' title='bbox 466 1686 778 1738; x_wconf 89' lang='lat' dir='ltr'>interpretanda:</span> <span class='ocrx_word' id='word_1_193' title='bbox 817 1688 882 1725; x_wconf 79' lang='lat' dir='ltr'>scd</span> <span class='ocrx_word' id='word_1_194' title='bbox 915 1689 983 1726; x_wconf 66' lang='lat' dir='ltr'>illa</span> <span class='ocrx_word' id='word_1_195' title='bbox 1015 1689 1098 1726; x_wconf 78' lang='lat' dir='ltr'>laus</span> <span class='ocrx_word' id='word_1_196' title='bbox 1129 1687 1178 1739; x_wconf 87' lang='lat' dir='ltr'>(s.</span> <span class='ocrx_word' id='word_1_197' title='bbox 1208 1688 1336 1741; x_wconf 89' lang='lat' dir='ltr'>potius</span> <span class='ocrx_word' id='word_1_198' title='bbox 1368 1688 1490 1734; x_wconf 80' lang='lat' dir='ltr'>laude,</span> 
     </span>
     <span class='ocr_line' id='line_1_24' title="bbox 93 1752 1142 1803; baseline 0 -11"><span class='ocrx_word' id='word_1_199' title='bbox 93 1764 147 1793; x_wconf 86' lang='lat' dir='ltr'>sc.</span> <span class='ocrx_word' id='word_1_200' title='bbox 175 1766 251 1791; x_wconf 74' lang='lat' dir='ltr'>non</span> <span class='ocrx_word' id='word_1_201' title='bbox 280 1752 443 1803; x_wconf 74' lang='lat' dir='ltr'>caruit),</span> <span class='ocrx_word' id='word_1_202' title='bbox 474 1766 568 1803; x_wconf 70' lang='lat' dir='ltr'>(luae</span> <span class='ocrx_word' id='word_1_203' title='bbox 596 1756 747 1803; x_wconf 80' lang='lat' dir='ltr'>proprie</span> <span class='ocrx_word' id='word_1_204' title='bbox 774 1754 858 1791; x_wconf 80' lang='lat' dir='ltr'>laus</span> <span class='ocrx_word' id='word_1_205' title='bbox 887 1757 1050 1792; x_wconf 77' lang='lat' dir='ltr'>oratorts</span> <span class='ocrx_word' id='word_1_206' title='bbox 1077 1760 1142 1793; x_wconf 79' lang='lat' dir='ltr'>est.</span> 
     </span>
    </p>

    <p class='ocr_par' dir='ltr' id='par_1_5' title="bbox 90 1819 1495 2338">
     <span class='ocr_line' id='line_1_25' title="bbox 209 1819 1493 1872; baseline 0 -13"><span class='ocrx_word' id='word_1_207' title='bbox 209 1821 302 1859; x_wconf 76' lang='lat'>141.</span> <span class='ocrx_word' id='word_1_208' title='bbox 361 1832 476 1869; x_wconf 82' lang='lat' dir='ltr'>eaque</span> <span class='ocrx_word' id='word_1_209' title='bbox 504 1833 579 1858; x_wconf 73' lang='lat' dir='ltr'>non</span> <span class='ocrx_word' id='word_1_210' title='bbox 608 1820 701 1869; x_wconf 81' lang='lat' dir='ltr'>tam]</span> <span class='ocrx_word' id='word_1_211' title='bbox 732 1821 829 1860; x_wconf 91' lang='lat' dir='ltr'>mire</span> <span class='ocrx_word' id='word_1_212' title='bbox 859 1826 1067 1872; x_wconf 85' lang='lat' dir='ltr'>argutatur</span> <span class='ocrx_word' id='word_1_213' title='bbox 1095 1821 1136 1859; x_wconf 90' lang='lat' dir='ltr'>in</span> <span class='ocrx_word' id='word_1_214' title='bbox 1164 1821 1224 1859; x_wconf 88' lang='lat' dir='ltr'>his</span> <span class='ocrx_word' id='word_1_215' title='bbox 1248 1819 1493 1870; x_wconf 84' lang='lat' dir='ltr'>Bernhardy.</span> 
     </span>
     <span class='ocr_line' id='line_1_26' title="bbox 95 1885 1492 1939; baseline 0 -14"><span class='ocrx_word' id='word_1_216' title='bbox 95 1886 296 1936; x_wconf 84' lang='lat' dir='ltr'>Quaenam</span> <span class='ocrx_word' id='word_1_217' title='bbox 331 1885 406 1925; x_wconf 89' lang='lat' dir='ltr'>sint</span> <span class='ocrx_word' id='word_1_218' title='bbox 444 1891 510 1926; x_wconf 86' lang='lat' dir='ltr'>aut</span> <span class='ocrx_word' id='word_1_219' title='bbox 547 1886 713 1937; x_wconf 80' lang='lat' dir='ltr'>cogitari</span> <span class='ocrx_word' id='word_1_220' title='bbox 751 1888 902 1938; x_wconf 90' lang='lat' dir='ltr'>possint</span> <span class='ocrx_word' id='word_1_221' title='bbox 930 1887 1105 1937; x_wconf 83' lang='lat' dir='ltr'>figurae,</span> <span class='ocrx_word' id='word_1_222' title='bbox 1146 1898 1247 1938; x_wconf 80' lang='lat' dir='ltr'>quae</span> <span class='ocrx_word' id='word_1_223' title='bbox 1282 1887 1322 1925; x_wconf 92' lang='lat' dir='ltr'>in</span> <span class='ocrx_word' id='word_1_224' title='bbox 1359 1887 1492 1939; x_wconf 88' lang='lat' dir='ltr'>expri-</span> 
     </span>
     <span class='ocr_line' id='line_1_27' title="bbox 93 1951 1495 2004; baseline 0 -12"><span class='ocrx_word' id='word_1_225' title='bbox 93 1953 239 1993; x_wconf 90' lang='lat' dir='ltr'>mendis</span> <span class='ocrx_word' id='word_1_226' title='bbox 269 1952 446 1992; x_wconf 89' lang='lat' dir='ltr'>sensibus</span> <span class='ocrx_word' id='word_1_227' title='bbox 489 1957 526 1992; x_wconf 87' lang='lat' dir='ltr'>et</span> <span class='ocrx_word' id='word_1_228' title='bbox 562 1951 763 1992; x_wconf 86' lang='lat' dir='ltr'>affectibus</span> <span class='ocrx_word' id='word_1_229' title='bbox 792 1959 1015 2002; x_wconf 87' lang='lat' dir='ltr'>versentur,</span> <span class='ocrx_word' id='word_1_230' title='bbox 1061 1964 1140 1994; x_wconf 89' lang='lat' dir='ltr'>non</span> <span class='ocrx_word' id='word_1_231' title='bbox 1178 1953 1382 2004; x_wconf 84' lang='lat' dir='ltr'>intelligo,</span> <span class='ocrx_word' id='word_1_232' title='bbox 1422 1964 1495 1993; x_wconf 89' lang='lat' dir='ltr'>nec</span> 
     </span>
     <span class='ocr_line' id='line_1_28' title="bbox 93 2020 1493 2073; baseline 0 -15"><span class='ocrx_word' id='word_1_233' title='bbox 93 2021 300 2072; x_wconf 86' lang='lat' dir='ltr'>quicquam</span> <span class='ocrx_word' id='word_1_234' title='bbox 327 2020 367 2058; x_wconf 88' lang='lat' dir='ltr'>in</span> <span class='ocrx_word' id='word_1_235' title='bbox 397 2020 496 2059; x_wconf 87' lang='lat' dir='ltr'>hanc</span> <span class='ocrx_word' id='word_1_236' title='bbox 530 2031 612 2059; x_wconf 87' lang='lat' dir='ltr'>rem</span> <span class='ocrx_word' id='word_1_237' title='bbox 641 2020 779 2068; x_wconf 87' lang='lat' dir='ltr'>habet,</span> <span class='ocrx_word' id='word_1_238' title='bbox 815 2033 928 2073; x_wconf 89' lang='lat' dir='ltr'>quem</span> <span class='ocrx_word' id='word_1_239' title='bbox 957 2026 1191 2068; x_wconf 83' lang='lat' dir='ltr'>antestatur‚</span> <span class='ocrx_word' id='word_1_240' title='bbox 1230 2020 1493 2070; x_wconf 82' lang='lat' dir='ltr'>Quintilianus</span> 
     </span>
     <span class='ocr_line' id='line_1_29' title="bbox 90 2086 1491 2139; baseline -0.001 -13"><span class='ocrx_word' id='word_1_241' title='bbox 90 2087 159 2127; x_wconf 94' lang='lat' dir='ltr'>IX.</span> <span class='ocrx_word' id='word_1_242' title='bbox 179 2089 222 2135; x_wconf 88' lang='lat'>1,</span> <span class='ocrx_word' id='word_1_243' title='bbox 242 2088 305 2126; x_wconf 84' lang='grc'>19.</span> <span class='ocrx_word' id='word_1_244' title='bbox 349 2087 455 2126; x_wconf 91' lang='lat' dir='ltr'>Artis</span> <span class='ocrx_word' id='word_1_245' title='bbox 480 2087 690 2139; x_wconf 82' lang='lat' dir='ltr'>scriptores</span> <span class='ocrx_word' id='word_1_246' title='bbox 716 2099 846 2126; x_wconf 89' lang='lat' dir='ltr'>omnes</span> <span class='ocrx_word' id='word_1_247' title='bbox 874 2089 914 2126; x_wconf 91' lang='lat' dir='ltr'>in</span> <span class='ocrx_word' id='word_1_248' title='bbox 939 2099 984 2126; x_wconf 94' lang='lat' dir='ltr'>eo</span> <span class='ocrx_word' id='word_1_249' title='bbox 1012 2088 1250 2139; x_wconf 87' lang='lat' dir='ltr'>conspirant,</span> <span class='ocrx_word' id='word_1_250' title='bbox 1276 2092 1317 2126; x_wconf 89' lang='lat' dir='ltr'>ut</span> <span class='ocrx_word' id='word_1_251' title='bbox 1342 2086 1491 2138; x_wconf 85' lang='lat' dir='ltr'>figuras</span> 
     </span>
     <span class='ocr_line' id='line_1_30' title="bbox 93 2154 1492 2200; baseline -0.001 -7"><span class='ocrx_word' id='word_1_252' title='bbox 93 2154 194 2193; x_wconf 85' lang='lat' dir='ltr'>alias</span> <span class='ocrx_word' id='word_1_253' title='bbox 225 2154 518 2200; x_wconf 85' lang='lat' dir='ltr'>sententiarum,</span> <span class='ocrx_word' id='word_1_254' title='bbox 559 2154 659 2191; x_wconf 90' lang='lat' dir='ltr'>alias</span> <span class='ocrx_word' id='word_1_255' title='bbox 689 2154 879 2192; x_wconf 88' lang='lat' dir='ltr'>orationis</span> <span class='ocrx_word' id='word_1_256' title='bbox 921 2166 950 2193; x_wconf 88' lang='lat' dir='ltr'>s.</span> <span class='ocrx_word' id='word_1_257' title='bbox 981 2154 1190 2194; x_wconf 87' lang='lat' dir='ltr'>verborum</span> <span class='ocrx_word' id='word_1_258' title='bbox 1220 2165 1306 2193; x_wconf 88' lang='lat' dir='ltr'>esse</span> <span class='ocrx_word' id='word_1_259' title='bbox 1340 2154 1492 2193; x_wconf 89' lang='lat' dir='ltr'>dicant:</span> 
     </span>
     <span class='ocr_line' id='line_1_31' title="bbox 92 2220 1492 2272; baseline 0 -13"><span class='ocrx_word' id='word_1_260' title='bbox 92 2220 183 2260; x_wconf 89' lang='lat' dir='ltr'>illas</span> <span class='ocrx_word' id='word_1_261' title='bbox 211 2225 357 2268; x_wconf 89' lang='lat' dir='ltr'>autem,</span> <span class='ocrx_word' id='word_1_262' title='bbox 390 2220 572 2271; x_wconf 89' lang='lat' dir='ltr'>quoniam</span> <span class='ocrx_word' id='word_1_263' title='bbox 601 2220 723 2259; x_wconf 88' lang='lat' dir='ltr'>verba</span> <span class='ocrx_word' id='word_1_264' title='bbox 749 2231 878 2259; x_wconf 88' lang='lat' dir='ltr'>rerum</span> <span class='ocrx_word' id='word_1_265' title='bbox 901 2226 1077 2260; x_wconf 90' lang='lat' dir='ltr'>ornatum</span> <span class='ocrx_word' id='word_1_266' title='bbox 1105 2226 1241 2272; x_wconf 90' lang='lat' dir='ltr'>sponte</span> <span class='ocrx_word' id='word_1_267' title='bbox 1266 2226 1492 2272; x_wconf 88' lang='lat' dir='ltr'>sequuntur,</span> 
     </span>
     <span class='ocr_line' id='line_1_32' title="bbox 93 2286 1493 2338; baseline 0 -12"><span class='ocrx_word' id='word_1_268' title='bbox 93 2287 259 2326; x_wconf 81' lang='lat' dir='ltr'>maxime</span> <span class='ocrx_word' id='word_1_269' title='bbox 290 2286 443 2325; x_wconf 85' lang='lat' dir='ltr'>extollit</span> <span class='ocrx_word' id='word_1_270' title='bbox 466 2286 620 2327; x_wconf 84' lang='lat' dir='ltr'>Cicero.</span> <span class='ocrx_word' id='word_1_271' title='bbox 678 2289 768 2325; x_wconf 81' lang='lat' dir='ltr'>Non</span> <span class='ocrx_word' id='word_1_272' title='bbox 792 2293 872 2325; x_wconf 82' lang='lat' dir='ltr'>tam</span> <span class='ocrx_word' id='word_1_273' title='bbox 895 2308 951 2316; x_wconf 90' lang='lat'>—-</span> <span class='ocrx_word' id='word_1_274' title='bbox 981 2301 1094 2338; x_wconf 83' lang='lat' dir='ltr'>quam</span> <span class='ocrx_word' id='word_1_275' title='bbox 1125 2293 1182 2326; x_wconf 86' lang='lat' dir='ltr'>est</span> <span class='ocrx_word' id='word_1_276' title='bbox 1213 2290 1335 2325; x_wconf 74' lang='lat' dir='ltr'>minus</span> <span class='ocrx_word' id='word_1_277' title='bbox 1364 2300 1493 2337; x_wconf 79' lang='lat' dir='ltr'>quam.</span> 
     </span>
    </p>

    <p class='ocr_par' dir='ltr' id='par_1_6' title="bbox 93 2353 1494 2596">
     <span class='ocr_line' id='line_1_33' title="bbox 204 2353 1491 2402; baseline 0 -9"><span class='ocrx_word' id='word_1_278' title='bbox 204 2353 421 2394; x_wconf 92' lang='lat' dir='ltr'>XXXVIII.</span> <span class='ocrx_word' id='word_1_279' title='bbox 482 2353 727 2402; x_wconf 80' lang='lat' dir='ltr'>convertebat]</span> <span class='ocrx_word' id='word_1_280' title='bbox 769 2355 1048 2392; x_wconf 79' lang='lat' dir='ltr'>convertebatur</span> <span class='ocrx_word' id='word_1_281' title='bbox 1086 2354 1257 2394; x_wconf 83' lang='lat' dir='ltr'>Manutii</span> <span class='ocrx_word' id='word_1_282' title='bbox 1298 2365 1491 2393; x_wconf 83' lang='lat' dir='ltr'>commen-</span> 
     </span>
     <span class='ocr_line' id='line_1_34' title="bbox 93 2420 1494 2473; baseline -0.001 -13"><span class='ocrx_word' id='word_1_283' title='bbox 93 2426 173 2460; x_wconf 90' lang='lat' dir='ltr'>tum</span> <span class='ocrx_word' id='word_1_284' title='bbox 200 2420 286 2460; x_wconf 88' lang='lat' dir='ltr'>iure</span> <span class='ocrx_word' id='word_1_285' title='bbox 313 2421 549 2472; x_wconf 79' lang='lat' dir='ltr'>vituperavit</span> <span class='ocrx_word' id='word_1_286' title='bbox 570 2420 616 2460; x_wconf 83' lang='lat' dir='ltr'>H.</span> <span class='ocrx_word' id='word_1_287' title='bbox 642 2420 862 2473; x_wconf 86' lang='lat' dir='ltr'>Stephanus</span> <span class='ocrx_word' id='word_1_288' title='bbox 891 2422 932 2460; x_wconf 90' lang='grc'>111</span> <span class='ocrx_word' id='word_1_289' title='bbox 955 2421 1332 2461; x_wconf 88' lang='lat' dir='ltr'>Nitzoliodidascalo</span> <span class='ocrx_word' id='word_1_290' title='bbox 1360 2433 1398 2473; x_wconf 90' lang='lat' dir='ltr'>p.</span> <span class='ocrx_word' id='word_1_291' title='bbox 1425 2422 1494 2461; x_wconf 85' lang='lat'>36.</span> 
     </span>
     <span class='ocr_line' id='line_1_35' title="bbox 93 2487 1494 2530; baseline -0.001 -2"><span class='ocrx_word' id='word_1_292' title='bbox 93 2488 154 2528; x_wconf 90' lang='lat' dir='ltr'>De</span> <span class='ocrx_word' id='word_1_293' title='bbox 178 2500 252 2527; x_wconf 89' lang='lat' dir='ltr'>usu</span> <span class='ocrx_word' id='word_1_294' title='bbox 279 2488 523 2528; x_wconf 86' lang='lat' dir='ltr'>intransitivo</span> <span class='ocrx_word' id='word_1_295' title='bbox 554 2488 665 2527; x_wconf 82' lang='lat' dir='ltr'>verbi</span> <span class='ocrx_word' id='word_1_296' title='bbox 691 2488 918 2528; x_wconf 91' lang='lat' dir='ltr'>consulendi</span> <span class='ocrx_word' id='word_1_297' title='bbox 948 2494 1035 2528; x_wconf 90' lang='lat' dir='ltr'>sunt</span> <span class='ocrx_word' id='word_1_298' title='bbox 1065 2489 1287 2530; x_wconf 88' lang='lat' dir='ltr'>Garatonus</span> <span class='ocrx_word' id='word_1_299' title='bbox 1318 2493 1355 2527; x_wconf 87' lang='lat' dir='ltr'>et</span> <span class='ocrx_word' id='word_1_300' title='bbox 1378 2487 1494 2528; x_wconf 85' lang='lat' dir='ltr'>Orel-</span> 
     </span>
     <span class='ocr_line' id='line_1_36' title="bbox 94 2554 693 2596; baseline -0.002 -1"><span class='ocrx_word' id='word_1_301' title='bbox 94 2555 171 2595; x_wconf 93' lang='lat' dir='ltr'>lius</span> <span class='ocrx_word' id='word_1_302' title='bbox 203 2554 253 2594; x_wconf 89' lang='lat' dir='ltr'>ad</span> <span class='ocrx_word' id='word_1_303' title='bbox 281 2555 534 2595; x_wconf 87' lang='lat' dir='ltr'>Plancianam</span> <span class='ocrx_word' id='word_1_304' title='bbox 566 2566 598 2594; x_wconf 92' lang='lat' dir='ltr'>c.</span> <span class='ocrx_word' id='word_1_305' title='bbox 626 2557 693 2596; x_wconf 89' lang='grc'><strong>20.</strong></span> 
     </span>
    </p>

    <p class='ocr_par' dir='ltr' id='par_1_7' title="bbox 95 2620 1494 2808">
     <span class='ocr_line' id='line_1_37' title="bbox 209 2620 1494 2674; baseline -0.003 -12"><span class='ocrx_word' id='word_1_306' title='bbox 209 2623 303 2662; x_wconf 80' lang='grc'>142.</span> <span class='ocrx_word' id='word_1_307' title='bbox 362 2621 483 2671; x_wconf 69' lang='lat' dir='ltr'>fingit]</span> <span class='ocrx_word' id='word_1_308' title='bbox 515 2634 677 2674; x_wconf 88' lang='lat' dir='ltr'>pravam</span> <span class='ocrx_word' id='word_1_309' title='bbox 704 2621 899 2673; x_wconf 82' lang='lat' dir='ltr'>Purgoldi</span> <span class='ocrx_word' id='word_1_310' title='bbox 928 2622 1187 2674; x_wconf 82' lang='lat' dir='ltr'>suspicionem</span> <span class='ocrx_word' id='word_1_311' title='bbox 1218 2621 1318 2660; x_wconf 87' lang='lat' dir='ltr'>bene</span> <span class='ocrx_word' id='word_1_312' title='bbox 1347 2620 1494 2660; x_wconf 85' lang='lat' dir='ltr'>refutat</span> 
     </span>
     <span class='ocr_line' id='line_1_38' title="bbox 95 2688 1493 2740; baseline -0.002 -11"><span class='ocrx_word' id='word_1_313' title='bbox 95 2688 336 2740; x_wconf 84' lang='lat' dir='ltr'>Bernhardy.</span> <span class='ocrx_word' id='word_1_314' title='bbox 376 2692 527 2738; x_wconf 71' lang='lat' dir='ltr'>„Finyt</span> <span class='ocrx_word' id='word_1_315' title='bbox 557 2689 686 2730; x_wconf 90' lang='lat' dir='ltr'>mollis</span> <span class='ocrx_word' id='word_1_316' title='bbox 716 2690 882 2729; x_wconf 88' lang='lat' dir='ltr'>materia</span> <span class='ocrx_word' id='word_1_317' title='bbox 911 2688 1070 2736; x_wconf 90' lang='lat' dir='ltr'>dicitur,</span> <span class='ocrx_word' id='word_1_318' title='bbox 1101 2688 1206 2730; x_wconf 87' lang='lat' dir='ltr'>velut</span> <span class='ocrx_word' id='word_1_319' title='bbox 1230 2699 1342 2736; x_wconf 84' lang='lat' dir='ltr'>cera,</span> <span class='ocrx_word' id='word_1_320' title='bbox 1377 2699 1493 2739; x_wconf 89' lang='lat' dir='ltr'>quam</span> 
     </span>
     <span class='ocr_line' id='line_1_39' title="bbox 98 2753 1493 2808; baseline -0.001 -13"><span class='ocrx_word' id='word_1_321' title='bbox 98 2755 266 2796; x_wconf 88' lang='lat' dir='ltr'>artifices</span> <span class='ocrx_word' id='word_1_322' title='bbox 290 2756 330 2796; x_wconf 89' lang='grc'>111</span> <span class='ocrx_word' id='word_1_323' title='bbox 355 2756 501 2797; x_wconf 83' lang='lat' dir='ltr'>formas</span> <span class='ocrx_word' id='word_1_324' title='bbox 527 2762 680 2808; x_wconf 88' lang='lat' dir='ltr'>coguut.</span> <span class='ocrx_word' id='word_1_325' title='bbox 724 2757 805 2798; x_wconf 89' lang='lat' dir='ltr'>Nos</span> <span class='ocrx_word' id='word_1_326' title='bbox 828 2756 1006 2797; x_wconf 88' lang='lat' dir='ltr'>similiter</span> <span class='ocrx_word' id='word_1_327' title='bbox 1029 2756 1258 2802; x_wconf 41' lang='lat' dir='ltr'>bean-betuna</span> <span class='ocrx_word' id='word_1_328' title='bbox 1284 2755 1318 2795; x_wconf 85' lang='lat' dir='ltr'>si</span> <span class='ocrx_word' id='word_1_329' title='bbox 1338 2753 1493 2807; x_wconf 86' lang='lat' dir='ltr'>quando</span> 
     </span>
    </p>
   </div>
  </div>
 </body>
</html>
