1835 3126
551 143 805 188 BRUTUS
846 143 964 187 CAP.
996 145 1062 187 51.
1093 145 1159 187 52.
1421 146 1548 192 243

270 255 355 298 LII.
387 255 481 298 193.
516 255 605 299 Hoc
636 263 773 300 tamen
802 257 995 307 interest,
1031 255 1140 312 quod
1166 255 1314 310 volgus
1346 256 1546 298 interdum

157 350 240 380 non
277 334 532 391 probandum
568 342 774 378 oratorem
811 334 978 392 probat,
1024 336 1096 377 sed
1128 333 1275 391 probat
1310 335 1397 376 sine
1435 347 1547 377 com-

153 415 390 471 paratione:
429 426 519 456 cum
558 426 584 456 a
625 414 825 457 mediocri
857 420 925 455 aut
955 416 1078 456 etiam
1109 425 1134 455 a
1165 411 1276 454 malo
1307 411 1547 463 delectatur,

156 505 207 534 eo
239 499 302 534 est
334 499 567 542 contentus,
596 506 691 535 esse
725 492 872 534 melius
903 505 985 534 non
1011 492 1152 541 sentit3
1183 489 1305 540 illud,
1338 489 1447 545 quod
1470 497 1545 541 est,

151 570 437 626 qualecunque
469 578 549 620 est,
581 570 739 627 probat.
796 577 906 612 tenet
936 571 1045 612 enim
1079 570 1192 611 auris
1221 567 1288 610 vel
1319 568 1542 611 mediocris

152 657 314 700 orator,
350 651 402 691 sit
441 649 562 691 modo
601 649 758 705 aliquid
798 650 841 691 in
881 661 952 690 eo:
994 661 1071 689 nec
1102 660 1170 689 res
1200 646 1288 688 ulla
1312 645 1402 702 plus
1435 646 1543 702 apud

152 729 313 769 animos
352 726 580 778 hominum,
621 741 743 783 quam
782 727 883 769 ordo
923 732 962 768 et
990 732 1157 767 ornatus
1188 726 1388 766 orationis
1419 724 1543 767 valet.

154 804 248 847 194.
291 804 429 855 Quare
469 807 560 860 quis
601 818 651 846 ex
679 803 851 860 populo,
891 816 981 844 cum
1013 801 1061 852 Q.
1097 801 1345 843 Scaevolam
1374 815 1446 857 pro
1482 801 1543 844 Μ.

152 880 337 939 Coponio
370 882 572 924 dicentem
604 881 765 923 audiret
794 882 835 921 in
865 892 918 921 ea
948 891 1096 928 causa,
1133 878 1183 919 de
1214 891 1297 933 qua
1326 886 1419 920 ante
1445 879 1542 928 dixi,

150 963 369 1016 quicquam
405 959 572 1015 politius
613 964 682 1000 aut
720 956 954 1011 elegantius
993 962 1062 998 aut
1098 957 1263 998 omnino
1294 955 1441 998 melius
1474 962 1543 998 aut

151 1043 429 1093 exspectaret,
478 1043 547 1078 aut
584 1048 709 1092 posse
749 1035 839 1077 fieri
876 1037 1062 1091 putaret}
1122 1033 1216 1076 195.
1255 1047 1346 1077 cum
1387 1035 1423 1076 is
1461 1032 1542 1076 hoc

148 1115 325 1172 probare
355 1114 502 1164 vellet,
534 1114 591 1156 Μ’
617 1113 805 1163 Curium,
836 1126 927 1155 cum
954 1113 1013 1154 ita
1034 1111 1157 1154 heres
1187 1113 1394 1154 institutus
1417 1119 1543 1161 esset,

147 1195 184 1236 si
219 1193 396 1250 pupillus
434 1199 527 1235 ante
566 1199 748 1235 mortuus
785 1198 920 1241 esset,
966 1204 1088 1247 quam
1124 1191 1168 1232 in
1209 1203 1327 1232 suam
1370 1189 1541 1232 tutelam

146 1273 350 1323 venisset,
379 1270 535 1328 pupillo
564 1284 649 1313 non
676 1277 774 1313 nato
803 1268 996 1312 heredem
1029 1282 1124 1312 esse
1154 1281 1237 1310 non
1260 1281 1409 1324 posse:
1443 1268 1541 1324 quid

147 1381 218 1417 illa
244 1381 430 1417 tandem?
454 1392 547 1415 num
572 1380 717 1415 leviora
742 1381 899 1416 censes?
923 1391 971 1415 sc.
998 1376 1094 1425 quid
1118 1378 1189 1413 illa
1214 1377 1374 1412 tandem
1395 1389 1540 1419 censes,

147 1440 170 1473 i.
197 1450 227 1474 e.
260 1439 381 1484 qualia
409 1449 489 1472 esse
518 1448 657 1472 censes.
706 1436 942 1482 Euripideum
973 1442 1092 1470 autem
1117 1434 1225 1477 illud,
1263 1434 1359 1478 quod
1389 1446 1544 1469 comme-

145 1501 282 1537 morat,
308 1494 385 1540 lph.
405 1494 486 1529 Aul.
511 1493 607 1528 1238.
634 1505 707 1528 non
729 1493 986 1539 distinguemus
1013 1491 1119 1534 τίδ’;
1144 1485 1197 1536 ἄρ’
1221 1488 1292 1536 ἐγώ
1319 1502 1359 1526 σε
1376 1493 1542 1536 πρέσβυν

145 1545 198 1597 ἆρ’
223 1552 431 1594 &estonam
458 1551 591 1595 quippe
610 1556 762 1595 propter
781 1550 945 1583 iteratum
966 1542 1057 1595 ἆρα,
1082 1547 1148 1581 sed
1170 1558 1259 1581 sane
1276 1546 1345 1581 sic:
1373 1551 1409 1581 τί
1429 1545 1460 1580 δ’
1484 1541 1538 1594 ἆρ’

144 1606 238 1652 ἓγώ;
275 1609 314 1642 σὲ
348 1610 514 1653 πρέσβυν
544 1600 598 1653 ἆρ’
634 1607 842 1651 ἒςδέξομαις
885 1616 967 1639 nam
1002 1604 1268 1650 ὀρθοτονηῑεόν
1301 1602 1386 1648 {llud
1422 1605 1467 1638 σέ
1503 1604 1539 1637 in

144 1664 294 1707 talibus,
320 1676 355 1699 v.
375 1664 446 1699 lex.
467 1662 581 1708 Soph.
602 1673 636 1697 v.
658 1659 729 1707 ἐγώ
752 1667 787 1696 et
807 1658 861 1695 σύ.
909 1660 947 1695 ln
963 1660 1082 1694 Bruto
1106 1670 1180 1692 non
1200 1663 1321 1703 potest
1346 1658 1415 1692 dici
1440 1659 1541 1703 quid

146 1725 187 1755 ta
204 1719 332 1755 Brute
354 1719 541 1765 faceres?
566 1719 631 1753 sed
655 1729 731 1751 cum
750 1716 1017 1751 Demosthenes
1038 1716 1154 1749 dictus
1173 1719 1268 1749 esset
1288 1713 1439 1748 verbum
1461 1715 1540 1749 sine

144 1787 282 1810 corona
313 1776 434 1810 facere
466 1786 538 1809 non
570 1785 698 1819 posse,
733 1773 779 1806 ad
806 1771 959 1806 Brutum
986 1771 1220 1806 conclusione
1244 1769 1436 1812 transitum
1474 1769 1540 1805 die

141 1843 286 1878 porro,
319 1832 451 1877 inquit,
478 1841 670 1877 possesne
696 1829 763 1863 tu?
812 1829 979 1864 Ceterum
998 1838 1209 1874 possesne,
1245 1830 1283 1862 si
1307 1827 1441 1872 primus
1467 1826 1540 1861 Gu-

143 1889 282 1922 lielinus
306 1889 449 1933 scripsit
474 1898 518 1921 ex
540 1886 647 1920 codd.
670 1885 769 1926 Pal.;
794 1885 921 1919 iuvant
945 1895 1040 1918 nunc
1065 1883 1133 1917 Gu.
1156 1885 1184 1918 l.
1204 1882 1235 1916 2.
1268 1882 1333 1928 Lg.
1354 1882 1387 1917 8.
1409 1882 1464 1918 39.
1484 1883 1541 1918 51.

142 1944 187 1978 56
212 1955 304 1978 corr.
335 1944 388 1978 58.
418 1944 492 1985 68„
528 1944 565 1977 in
597 1942 724 1987 quibus
758 1946 813 1976 est
840 1952 1004 1987 posses,
1033 1942 1123 1974 nisi.
1171 1939 1266 1973 Rell.
1294 1950 1457 1985 posses,
1490 1942 1540 1980 si,

141 2001 263 2045 itaque
284 2001 340 2036 ed.
360 2012 412 2047 pr.
446 2010 604 2047 posseS,
633 2010 702 2033 om.
722 2001 758 2033 si
775 1997 860 2032 Par.
878 1997 923 2032 D.
941 2017 988 2022 --
1012 1996 1158 2039 contio]
1180 2007 1248 2041 per
1268 1999 1284 2029 t
1302 1994 1369 2040 Lg.
1392 2000 1540 2040 praeter

143 2053 198 2091 20}
227 2057 282 2091 35.
310 2057 383 2099 70.,
418 2057 502 2092 item
532 2056 626 2090 Ven.
655 2055 684 2090 l.
727 2052 802 2090 Ott.
843 2052 909 2087 Gu.
936 2053 966 2088 1.
991 2072 1038 2078 —
1077 2051 1322 2094 abiciendas]
1356 2052 1427 2094 sic,
1466 2062 1540 2086 non

142 2113 258 2148 abite.
285 2113 350 2159 Lg.
375 2113 408 2148 8.
434 2113 490 2148 20.
516 2112 571 2147 51.
597 2111 651 2145 53.
679 2110 734 2145 56.
758 2109 811 2144 58.
837 2108 893 2143 68.
920 2109 973 2143 70.
1010 2108 1077 2143 Gu.
1105 2110 1135 2145 1.
1185 2107 1230 2143 V.
1258 2107 1298 2142 C.
1320 2106 1380 2142 Cr.
1405 2107 1442 2140 in
1463 2107 1538 2142 Cic.

142 2169 189 2203 de
216 2167 279 2204 Or.
310 2169 335 2203 l.
361 2170 423 2211 42,
451 2169 526 2205 189.
551 2187 598 2193 -
631 2165 757 2211 facit,
783 2164 984 2211 ayitancli]
1004 2163 1133 2209 favet,
1163 2162 1309 2209 aqendz‘
1331 2163 1389 2198 ed.
1417 2173 1472 2208 pr.
1501 2169 1539 2198 et

143 2237 178 2271 p.
206 2235 282 2260 var.
317 2225 352 2259 in
377 2224 470 2260 Ven.
491 2224 525 2259 2.
574 2234 663 2257 cum
688 2222 778 2264 illo,
813 2226 1008 2266 tanquam
1033 2231 1172 2266 equus,
1204 2230 1283 2254 non
1303 2218 1409 2264 facit
1431 2218 1539 2253 Lam·

142 2281 266 2323 binus,
292 2286 487 2327 tanquam
511 2291 630 2326 equus
655 2290 776 2314 novus
799 2289 878 2314 non
898 2277 1005 2323 facit
1024 2276 1199 2311 Mosei-us
1222 2275 1303 2321 pari
1328 2274 1541 2310 infelicitate

143 2338 390 2379 coniectandi3
415 2341 532 2384 paret
553 2336 769 2371 wetzelius.

234 2393 308 2429 Lll.
360 2394 435 2429 193.
486 2398 686 2428 oratorem
695 2390 856 2439 probat]
880 2394 1080 2425 oratorem
1102 2399 1171 2424 om.
1187 2387 1244 2422 ed.
1259 2398 1314 2433 pr.
1334 2406 1376 2412 —
1401 2385 1539 2432 volqua-

142 2461 178 2484 ν.
198 2450 226 2494 ξ.
247 2449 322 2486 189.
341 2471 387 2476 -
415 2462 440 2485 a
455 2450 576 2494 malo]
602 2461 627 2483 a
653 2460 720 2483 om.
745 2447 811 2494 Lg.
833 2453 981 2493 praeter
999 2445 1055 2481 20.
1074 2445 1128 2480 58.
1152 2449 1188 2480 et
1212 2444 1267 2480 ed.
1292 2455 1345 2489 pr.
1381 2442 1540 2478 Lubrica

142 2516 223 2539 res:
251 2518 287 2542 v.
315 2506 449 2543 Cotnm.
475 2507 535 2542 Cr.
559 2507 595 2542 in
620 2506 665 2541 de
689 2503 752 2541 Or.
778 2504 806 2541 1.
831 2504 873 2547 9,
897 2503 954 2538 36.
978 2522 1025 2529 —-
1061 2501 1299 2545 delectatur]
1324 2499 1537 2535 delectetur

144 2560 212 2597 Gu.
236 2563 265 2598 1.

236 2618 312 2653 194.
354 2631 473 2667 posse
494 2620 601 2666 fieri]
629 2620 703 2655 inv.
731 2618 787 2653 ed.
813 2628 890 2663 pr.;
918 2616 1082 2661 sequitur
1106 2612 1296 2659 Meyerus.

236 2675 312 2712 195.
363 2676 427 2712 Μ’
456 2676 632 2723 Curium]
665 2675 724 2712 M.
755 2680 817 2710 aut
841 2672 1030 2710 Marcum
1061 2671 1144 2707 libri
1177 2679 1313 2705 omnes.
1337 2687 1383 2694 --
1421 2675 1537 2713 quem

1176 2738 1261 2780 16*
