1835 3126
372 173 568 218 BREVIS
599 171 995 225 ELOQUENTIAE
1027 172 1161 216 ROM.
1193 173 1336 217 HlST.
1446 177 1553 220 119

165 291 311 332 Cinnae
341 289 474 328 uxor1s
498 300 592 328 suae
615 287 731 327 fratri
759 287 924 327 reditum
945 288 1153 337 rogatione
1175 288 1307 328 Plotia
1336 287 1552 328 consectum

163 357 212 396 ab
249 367 294 395 eo
339 355 431 395 dicit
458 353 547 405 (⁷⁹),
586 367 664 394 non
700 356 948 407 rogationem
985 355 1106 395 Plotii
1146 367 1176 394 s.
1215 355 1361 395 Plautii
1401 354 1553 396 Silvani

161 427 330 474 spectat,
369 433 470 474 quae
500 422 629 462 socios
667 422 770 461 intra
798 422 1068 475 praestitutum
1097 427 1245 474 tempus
1275 422 1477 474 professos
1512 422 1552 461 in

160 489 353 529 civitatem
389 489 513 541 recipi
549 489 727 529 iubebat:
766 494 850 529 erat
888 490 988 528 enim
1019 489 1142 529 Cinna
1180 489 1296 537 civis,
1334 488 1402 528 sed
1440 488 1552 528 exsul

157 560 319 607 propter
351 556 487 596 Sullae
519 556 838 604 dominationem3
870 556 937 595 sed
969 556 1069 596 alius
1101 555 1299 595 cuiusdam
1326 555 1473 596 Plautii
1504 555 1551 594 de

158 623 332 662 exercitu
352 623 584 674 Lepidiano.
628 623 715 663 Non
744 624 869 674 magis
898 624 974 662 iam
998 624 1173 663 Suetonii
1198 629 1326 663 aetate
1347 623 1551 663 constabat

157 688 205 728 de
244 690 423 729 oratione
462 690 628 741 quadam
665 704 733 740 pro
777 692 820 736 Q.
851 691 1025 736 Metello,
1072 691 1138 742 qui
1179 691 1264 742 ipse
1304 691 1389 742 quis
1432 690 1552 729 fuerit

155 756 383 805 ignoratum
429 757 716 797 inscribebatur
759 757 858 796 enim
902 757 941 795 in
986 757 1215 808 quibusdam
1260 756 1549 808 exemplaribus

156 836 268 872 qaam
301 827 453 872 scripsit
488 825 668 870 Metello5
711 828 815 861 certe
850 824 1048 872 Augustus
1086 823 1188 862 male
1225 824 1548 874 subsequentilms

153 889 276 928 verba
304 888 465 927 dicentis
494 889 680 928 actuariis
710 893 911 940 exceptam
940 888 1121 936 credidit,
1151 900 1229 927 non
1256 889 1304 927 ab
1334 889 1421 940 ipso
1447 889 1548 928 Cae-

154 967 243 994 sare
276 954 416 994 editam
439 951 520 1006 (⁸⁰).
580 955 660 994 Nec
691 966 792 1006 quae
821 955 1022 994 ferebatur
1051 955 1101 993 ad
1129 956 1265 992 milites
1294 958 1333 993 tn
1357 958 1548 1005 Hispania

153 1021 316 1075 duplex,
345 1022 457 1074 prior
487 1027 576 1061 ante
605 1022 798 1074 praelium
828 1021 897 1073 (ad
922 1021 1111 1061 Mundam
1142 1020 1272 1074 puta),
1303 1021 1430 1061 altera
1458 1026 1548 1074 post

150 1088 343 1140 praelium
365 1089 517 1137 habita,
546 1090 724 1140 Augusto
754 1100 851 1129 vera
879 1089 965 1129 visa
987 1093 1066 1136 est3
1098 1088 1310 1127 accedebat
1340 1088 1545 1128 adversum

149 1155 276 1194 Asinii
304 1156 496 1197 Pollionis
525 1157 784 1196 testimonium
820 1161 982 1209 propter
1010 1156 1251 1207 repentinam
1280 1156 1448 1195 hostium
1484 1156 1545 1194 in-

151 1223 368 1262 cursionem
404 1235 452 1263 ne
490 1229 639 1276 tempus
678 1223 830 1276 quidem
871 1223 1012 1262 milites
1054 1223 1283 1275 alloquendi
1320 1235 1545 1263 concessum

148 1288 270 1328 {uisse
289 1287 374 1341 (⁸¹).
433 1291 611 1343 Denique
640 1292 873 1341 ignorantur
903 1290 1041 1342 quales
1071 1291 1217 1330 fuerint
1247 1290 1446 1330 orationes
1475 1303 1544 1340 pro

149 1360 262 1395 Decio
285 1360 473 1404 Sanmite,
503 1372 572 1408 pro
592 1359 795 1397 Masintha
824 1363 961 1397 contra
983 1358 1246 1411 Hiempsalem
1276 1363 1314 1398 et
1340 1371 1408 1409 pro
1433 1359 1540 1404 Nysa

148 1422 368 1465 Nicomedis
396 1426 480 1465 filia
504 1424 588 1476 (⁸²).

778 1534 812 1586 ᾗ.
842 1536 911 1574 48.

715 1608 769 1645 Μ.
797 1610 969 1645 Calidius.

260 1693 353 1732 Cum
386 1693 576 1733 Cicerone
606 1693 702 1732 vixit
738 1692 853 1730 etiam
885 1696 971 1731 octo
1008 1691 1071 1731 vel
1101 1691 1233 1729 decem
1268 1692 1378 1729 annis
1416 1691 1540 1729 minor

145 1763 203 1797 M.
233 1760 399 1797 Calidius
429 1760 561 1809 Quinti
588 1759 695 1798 illius
725 1757 846 1806 filius,
879 1758 986 1797 cuius
1016 1758 1224 1808 rogatione
1253 1757 1346 1797 olim
1376 1756 1421 1806 Q.
1450 1757 1538 1797 Me-

144 1827 259 1866 tellus
289 1826 511 1865 Numidicus
547 1826 746 1865 restitutus
777 1830 847 1865 est.
904 1825 954 1865 Et
984 1825 1017 1863 is
1049 1824 1203 1876 quidem
1234 1824 1284 1863 ad
1312 1829 1539 1876 praeturam

143 1892 336 1940 ascendit,
375 1892 443 1932 sed
477 1892 778 1945 repetundarum
808 1892 1010 1932 damnatus
1042 1896 1111 1931 est.
1170 1891 1294 1931 Filius
1332 1896 1460 1930 autem
1491 1902 1537 1930 eo

143 1972 244 1999 anno
275 1964 499 2012 praeturam
529 1960 669 2010 gessit,
703 1972 778 2012 quo
811 1960 859 1998 ab
892 1959 1031 1999 exsilio
1062 1959 1262 1998 restitutus
1293 1958 1453 2006 Cicero,
1492 1958 1535 1998 P.

143 2026 311 2066 Lentulo
353 2026 399 2076 Q.
423 2026 589 2066 Metello
621 2038 721 2066 coss.
753 2026 894 2077 (697),
935 2031 971 2066 et
1006 2026 1212 2077 insigniter
1238 2026 1320 2065 eius
1350 2026 1538 2065 honorem

141 2093 300 2134 adiuvit.
368 2093 486 2133 Cuius
530 2093 707 2132 beneficii
752 2105 872 2133 causa
911 2093 1051 2134 Cicero
1095 2092 1273 2144 pluribus
1317 2093 1538 2132 orationum

139 2160 238 2200 locis
263 2160 489 2211 magnificas
522 2160 558 2199 ei
582 2161 733 2210 gratias
764 2161 845 2211 egit
862 2156 945 2209 (33).
990 2159 1071 2198 Nec
1097 2164 1306 2210 praeterea
1328 2160 1536 2210 quicquam

141 2226 189 2266 de
217 2228 334 2266 rebus
363 2227 441 2267 viri
469 2232 568 2272 tam,
597 2231 639 2264 ut
665 2225 839 2272 ridetur,
869 2225 1022 2263 honesti
1051 2237 1166 2275 quam
1197 2225 1413 2276 eloquentis
1441 2236 1535 2264 con·

140 2298 236 2342 stat,
278 2293 355 2332 nisi
395 2292 498 2343 quod
533 2291 716 2331 Caesaris
752 2295 885 2343 partes
923 2295 1097 2339 secutus,
1143 2302 1226 2330 cum
1263 2291 1418 2333 Galliae
1457 2291 1534 2331 cis-

231 2423 290 2465 79)
317 2433 354 2457 v.
380 2421 524 2468 Meyer.
548 2434 583 2468 p.
601 2421 679 2457 411.
716 2421 816 2455 Suet.
842 2420 947 2456 Caes.
971 2421 1003 2456 5.
1037 2421 1175 2456 Gellius
1197 2421 1295 2456 XIII.
1321 2421 1355 2457 3.
1389 2421 1533 2457 Nonius

140 2491 176 2515 v.
201 2481 429 2515 necessitas,
547 2479 607 2522 80)
640 2478 741 2513 Suet.
769 2478 872 2514 Caes.
897 2477 952 2512 55.
989 2478 1033 2513 cf.
1059 2478 1113 2513 66.
1231 2478 1291 2521 81)
1327 2479 1426 2513 Suet.
1450 2479 1474 2514 l.
1500 2490 1531 2513 c.

140 2536 215 2571 Sed
236 2541 378 2570 exstant
398 2535 575 2581 quaedam
594 2547 640 2570 ex
659 2535 825 2570 oratione
849 2535 903 2569 ml
918 2535 1064 2570 milites
1089 2535 1136 2570 de
1154 2535 1373 2570 commodis
1391 2547 1530 2570 eorum

140 2592 238 2638 apud
260 2592 475 2627 Diomedem
500 2604 534 2638 p.
558 2592 614 2628 Sl.
730 2592 789 2636 89.)
814 2592 911 2626 Dial.
938 2592 984 2626 de
1009 2598 1116 2628 oratt.
1134 2593 1187 2627 21.
1225 2593 1328 2629 Suet.
1347 2594 1452 2630 Caes.
1472 2592 1529 2627 71.

139 2650 177 2684 it.
192 2649 247 2683 49.
266 2649 311 2684 de
325 2649 485 2694 reliquiis
501 2650 666 2686 Caesaris
679 2649 856 2686 universis
869 2648 1064 2695 Meyerum
1082 2662 1117 2696 p.
1133 2648 1200 2685 408
1211 2661 1288 2696 sqq.
1404 2649 1464 2692 83)
1491 2652 1529 2682 ut

140 2718 176 2752 p.
200 2706 276 2742 red.
303 2706 338 2741 in
362 2717 438 2742 sen.
464 2706 497 2743 9.
