1835 3126
291 194 409 239 162
815 189 1154 235 CICERONIS

402 299 470 342 VI.
502 298 622 350 Scio,
659 301 807 355 inquit,
846 301 898 342 ab
930 303 1009 344 isto
1040 304 1157 345 initio
1186 309 1360 345 tractum
1390 315 1485 345 esse
1518 314 1676 345 sermo-

290 392 383 422 nem
412 385 533 434 teque
560 376 677 420 Bruti
706 377 911 420 dolentem
939 380 1073 420 vicem
1103 383 1222 435 quasi
1250 381 1468 423 deflevisse
1502 381 1679 423 iudicio-

289 471 378 499 rum
413 457 648 499 vastitatem
679 462 718 497 et
747 455 839 498 fori.
897 453 1016 506 Feci,
1056 459 1240 512 iuquam,
1280 460 1385 501 istuc
1417 459 1598 515 quidem,
1639 466 1678 500 et

290 549 417 591 saepe
448 535 574 576 facio.
633 535 700 575 22.
732 532 837 575 Nam
866 533 983 584 mihi,
1014 533 1158 585 Brute,
1190 536 1233 576 in
1261 542 1299 577 te
1331 537 1500 579 intuenti
1531 537 1677 579 crebro

289 615 332 654 in
368 619 543 654 mentem
583 613 695 654 venit
722 613 858 655 vereri
889 612 1146 667 ecquodnam
1177 613 1423 656 curriculum
1454 615 1677 670 aliquando

289 692 342 732 sit
382 689 576 732 habitura
609 697 682 732 tua
721 697 761 732 et
795 697 946 733 natura
985 689 1244 732 admirabilis
1282 697 1322 732 et
1363 694 1569 746 exquisita
1605 693 1679 734 do-

289 769 424 811 ctrina
455 775 495 811 et
519 768 746 823 singularis
777 769 993 812 industria.
1041 782 1131 811 cum
1154 770 1262 810 enim
1292 770 1335 810 in
1357 770 1557 811 maxumis
1581 782 1681 811 cau-

289 848 349 888 sis
385 853 576 889 versatus
613 860 733 889 esses
771 854 810 889 et
847 861 938 890 cum
973 847 1048 889 tibi
1081 854 1197 889 aetas
1227 854 1373 889 nostra
1402 848 1485 889 iam
1515 847 1681 889 cederet

289 924 511 981 fascesque
551 927 836 976 summitteret,
883 925 1018 968 subito
1066 926 1108 967 in
1146 926 1310 968 civitate
1357 939 1447 967 cum
1485 925 1572 967 alia
1610 939 1680 968 ce-

288 1003 493 1053 ciderunt,
530 1010 614 1045 tum
651 1005 775 1046 etiam
812 1016 864 1046 ea
902 1005 1012 1060 ipsa,
1052 1004 1101 1046 de
1134 1017 1215 1059 qua
1245 1004 1453 1060 disputare
1485 1003 1679 1053 ordimur,

287 1081 527 1136 eloquentia
572 1081 780 1123 obmutuit.
852 1082 921 1123 23.
969 1081 1076 1123 Tum
1120 1081 1211 1131 ille,
1258 1080 1498 1123 Ceterarum
1541 1095 1678 1124 rerunt

287 1171 437 1208 causa,
475 1159 626 1214 inquit,
665 1160 771 1200 istuc
809 1165 848 1200 et
888 1158 1010 1200 doleo
1043 1165 1081 1200 et
1112 1158 1332 1200 dolendum
1360 1166 1476 1214 puto,
1514 1159 1680 1202 dicendi

288 1242 423 1279 autem
453 1250 517 1278 me
548 1250 631 1279 non
660 1243 744 1279 tam
767 1236 922 1279 fructus
953 1243 992 1279 et
1014 1236 1170 1291 gloria,
1203 1249 1324 1291 quam
1349 1234 1532 1279 studiunf
1546 1238 1680 1293 ipsum

287 1316 610 1371 exercitatioque
652 1314 849 1357 delectat:
896 1314 1005 1370 quod
1040 1314 1140 1356 mihi
1175 1314 1292 1356 nulla
1327 1328 1396 1356 res
1437 1316 1600 1371 eripiet,
1639 1321 1678 1357 te

284 1394 529 1447 praesertim
579 1399 663 1434 tam
707 1393 906 1435 studioso.
980 1399 1020 1434 et
1067 1393 1175 1434 enim
1223 1393 1362 1434 dicere
1405 1392 1513 1435 hene
1556 1406 1678 1435 nemo

284 1476 446 1526 potest,
496 1471 581 1512 nisi
632 1471 701 1526 qui
743 1470 965 1527 prudenter
1008 1469 1223 1524 intellegit.
1297 1483 1425 1525 quare
1472 1471 1559 1531 qui
1591 1470 1680 1512 elo-

286 1549 478 1603 quentiae
509 1560 635 1590 verae
662 1548 731 1590 dat
757 1561 943 1605 operam,
977 1548 1046 1590 dat
1066 1548 1328 1604 prudentiae,
1361 1562 1443 1603 qua
1462 1561 1514 1590 ne
1537 1561 1680 1591 maxu-

285 1627 364 1668 mis
396 1625 559 1681 quidem
590 1627 632 1668 in
654 1626 779 1668 hellis
804 1640 937 1682 aequo
963 1628 1099 1668 animo
1126 1639 1270 1668 carere
1295 1627 1510 1682 quisquam
1532 1633 1678 1682 potest.

284 1702 353 1745 24.
390 1702 636 1755 Praeclare,
676 1706 863 1760 inquam,
901 1703 1050 1755 Brute,
1092 1704 1218 1756 dicis3
1255 1717 1386 1760 eoque
1424 1706 1559 1759 magis
1598 1706 1680 1746 ista

286 1781 451 1823 dicendi
483 1781 606 1823 laude
640 1782 841 1833 delector,
882 1782 991 1837 quod
1022 1789 1179 1833 cetera,
1212 1795 1318 1838 quae
1350 1789 1442 1825 sunt
1472 1782 1678 1839 quondam

377 1923 440 1960 Vl.
490 1924 543 1958 22.
592 1924 854 1970 ecquodnam]
887 1924 934 1958 ad
957 1924 1050 1958 lianc
1075 1925 1256 1959 veriorem
1280 1926 1493 1970 scripturam
1519 1926 1613 1960 ducit
1638 1930 1676 1960 et

285 1980 486 2026 quodnam
516 1981 550 2014 in
582 1980 648 2026 Lg.
679 1981 859 2021 omnibus3
896 1980 1141 2025 ecquodnam
1172 1981 1284 2026 ipsum
1313 1979 1438 2016 Ottob.
1476 1982 1676 2026 quodnam

285 2037 353 2073 Gu.
379 2038 408 2072 l.
432 2037 488 2071 ed.
512 2048 566 2082 pr.
603 2037 801 2082 quoddam
821 2036 906 2071 Par.
926 2037 973 2071 Ι).
999 2058 1043 2062 -
1080 2039 1300 2081 πιααηηητῖς]
1327 2039 1378 2071 sic
1403 2037 1466 2081 Lg.
1487 2038 1517 2071 8.
1541 2038 1596 2074 39.
1621 2038 1674 2073 51.

284 2093 339 2127 53.
362 2093 418 2128 58.
438 2092 493 2127 68.
512 2113 558 2118 ——
590 2092 808 2137 fascisque-J
836 2093 887 2126 sic
911 2092 975 2137 Lg.
1002 2104 1146 2134 omnes,
1171 2093 1263 2128 Ven.
1288 2095 1315 2128 l.
1343 2093 1398 2128 ed.
1422 2105 1475 2138 pr.
1496 2114 1541 2118 —-
1576 2096 1674 2138 ium]

284 2154 377 2184 tunc
403 2149 468 2194 Lg.
497 2148 553 2183 68.

375 2205 432 2241 23.
484 2209 703 2241 ceterarum
737 2213 874 2237 rerum
906 2204 1045 2247 causa]
1081 2205 1133 2237 sic
1164 2203 1230 2248 Lg.
1268 2214 1413 2245 omnes,
1451 2203 1544 2240 Ven,
1582 2206 1610 2239 l.
1642 2205 1675 2240 2.

284 2261 368 2297 Vat.
397 2260 472 2297 Ott.
507 2261 563 2296 ed.
590 2272 641 2307 pr.
667 2259 927 2294 Rittershusius
960 2264 996 2294 et
1021 2259 1174 2294 Beierus
1202 2260 1371 2294 delebant
1398 2271 1529 2294 occasa.
1554 2278 1601 2286 ·——
1640 2265 1676 2294 et

285 2319 404 2362 enim]
430 2320 665 2363 interponunt
689 2317 820 2352 dicere
848 2317 903 2352 ed.
927 2328 980 2361 pr.
1006 2316 1086 2351 libri
1113 2327 1247 2350 omnes.
1296 2316 1371 2350 Sed
1396 2322 1494 2350 recte
1513 2316 1676 2351 llandius

284 2374 330 2408 de
350 2380 441 2419 part.
467 2375 550 2409 Lat.
575 2380 598 2408 t.
618 2373 661 2408 H.
691 2385 724 2419 p.
741 2372 820 2408 545.
845 2373 1010 2417 separari
1034 2373 1113 2407 illas
1136 2374 1328 2418 particulas
1350 2373 1674 2407 1·ecentissi1norum

283 2431 496 2474 scriptorum
517 2442 597 2465 esse
621 2430 716 2464 dicit.
735 2447 781 2455 »-
806 2429 1009 2474 ἰηῖεῐίθῃϋ]
1037 2430 1088 2463 sic
1113 2440 1180 2474 per
1204 2442 1224 2462 e
1244 2429 1309 2474 Lg.
1328 2429 1359 2462 8.
1379 2430 1433 2464 51.
1465 2429 1556 2463 Ven.
1583 2428 1612 2463 1.
1629 2448 1674 2454 -

283 2488 503 2531 maarumis]
531 2488 583 2522 sic
607 2486 673 2532 Lg.
699 2487 731 2522 8.
759 2486 813 2522 39.
842 2486 897 2519 51.
921 2485 975 2519 53.
1004 2485 1057 2519 58.
1082 2486 1138 2521 68.
1164 2486 1219 2521 70.
1258 2485 1349 2520 Ven.
1378 2486 1424 2528 1.,
1458 2485 1515 2519 hic
1540 2491 1672 2529 puncto

282 2544 495 2589 supposito,
520 2544 621 2589 quasi
646 2543 800 2577 mendae
822 2543 945 2588 sign03
973 2553 1001 2577 u
1020 2542 1191 2587 scriptum
1216 2543 1323 2587 igitur
1340 2542 1405 2577 suit
1428 2541 1463 2576 in
1480 2538 1683 2589 ἀρχετύπῳ,

282 2598 364 2634 libri
389 2600 491 2634 illius.
514 2620 560 2625 -—
595 2601 818 2645 quisquam]
845 2610 912 2634 om.
939 2598 1008 2633 Gu.
1036 2599 1066 2634 l.

373 2656 430 2692 24.
479 2659 547 2703 qui
567 2668 608 2692 se
634 2658 728 2700 non]
757 2659 826 2702 quz’
847 2666 923 2691 non
946 2667 987 2689 se
1012 2654 1075 2700 Lg.
1101 2655 1157 2689 20.

371 2712 429 2751 25.
476 2713 656 2759 laudare]
690 2713 853 2751 laudari
888 2712 991 2749 codd.
1024 2712 1093 2748 mei
1125 2718 1272 2759 praeter
1303 2711 1370 2758 Lg.
1406 2710 1462 2748 68.
1506 2708 1599 2746 ven.
1630 2708 1666 2746 2.
