1835 3126
302 207 450 252 322
572 199 913 244 CICERONIS
951 200 1204 244 BRUTUS
1247 199 1365 242 CAP.
1396 200 1463 244 97.

1761 16 1763 74 l

324 317 388 359 lcs
429 314 600 356 maioris
637 314 766 368 partis
808 318 1015 353 oratorum
1053 312 1176 355 futuri
1205 316 1372 355 sumus?
1429 312 1524 353 333.
1565 309 1709 352 Nonne
1766 294 1769 387 k

325 394 550 441 cernimus,
577 391 647 432 vix
676 388 853 445 singulis
884 388 1089 431 aetatibus
1117 389 1239 432 binos
1269 398 1456 433 oratores
1485 388 1713 432 laudabilis
1768 394 1769 415 l

326 471 593 514 constitisse?
640 467 778 510 Galba
807 467 881 509 suit
912 468 1018 509 inter
1045 473 1103 509 tot
1133 467 1322 522 aequalis
1355 482 1459 510 unus
1489 467 1713 514 excellens,

327 551 415 600 cui,
448 561 567 605 quem
598 547 649 588 ad
680 546 844 589 modum
874 546 1130 601 accepimUS,
1169 551 1208 587 et
1241 543 1344 587 Cato
1375 545 1548 589 cedebat
1577 547 1718 588 senior

328 635 368 671 et
402 628 469 683 qui
500 624 752 681 temporibus
782 624 867 667 illis
900 630 1034 666 aetate
1065 623 1286 666 inferiores
1316 623 1497 673 fuerunt3
1536 622 1718 679 Lepidus

329 713 493 763 postea,
527 703 674 746 deinde
708 702 866 745 Carbo:
897 716 992 744 nam
1023 700 1202 744 Gracchi
1232 703 1274 744 in
1303 700 1563 744 contionibus
1594 702 1718 744 multo

331 784 521 827 faciliore
554 789 594 825 et
623 781 822 825 liberiore
849 794 1003 836 genere
1030 780 1213 829 dicendi,
1246 792 1415 834 quorum
1444 786 1580 821 tamen
1611 780 1722 835 ipso-

333 877 420 906 rum
453 862 506 904 ad
537 866 713 904 aetatem
751 859 846 902 laus
889 859 1151 915 eloquentiae
1190 858 1376 914 perfecta
1413 857 1592 900 nondum
1628 858 1722 908 suin

334 942 539 984 Antonius
573 938 774 989 Crassus3
805 945 898 995 post
930 936 1050 980 Cotta
1080 935 1291 993 Sulpicius
1321 935 1587 987 Hortensius3
1620 936 1723 978 nihil

336 1020 429 1062 dico
462 1017 656 1074 amplius:
695 1024 849 1059 tantum
881 1016 996 1065 dico,
1035 1017 1070 1057 si
1102 1015 1200 1057 mihi
1229 1015 1475 1065 accidisset,
1514 1022 1555 1056 ut
1583 1027 1725 1056 nume-

337 1111 454 1140 rarer
490 1098 532 1138 in
560 1095 716 1145 multis,
756 1095 791 1136 si
828 1106 1007 1150 operosa
1038 1100 1101 1135 est
1131 1096 1417 1144 concursasto,
1458 1094 1591 1148 magis
1623 1094 1726 1148 opti-

337 1188 493 1217 morum
522 1197 576 1202 -—
606 1196 662 1202 ——
691 1196 759 1211 -—.

423 1318 484 1345 333.
521 1315 716 1351 optimorum]
737 1318 979 1350 opportunorum.

432 1429 509 1465 333.
559 1428 791 1471 laudabilis]
824 1428 876 1462 sic
906 1427 972 1474 Lg.
996 1432 1144 1473 praeter
1167 1427 1221 1462 20.
1246 1425 1319 1471 56.‚
1353 1429 1438 1463 item
1461 1427 1554 1464 Ven.
1579 1431 1608 1465 1.
1641 1428 1730 1474 On„

341 1489 531 1532 eidemque
567 1485 754 1531 aequalis.
785 1503 831 1509 —
881 1485 1120 1528 constitisse]
1159 1486 1358 1520 exstitisse
1395 1487 1603 1522 coniectura
1637 1488 1733 1524 Rivii

342 1559 364 1580 a
382 1544 560 1579 Lambino
582 1542 745 1589 probata.
794 1541 945 1576 Rectam
965 1542 1178 1587 scripturam
1198 1542 1408 1577 mirabiliter
1429 1544 1586 1589 explicat
1604 1543 1733 1591 Meye-

342 1614 422 1644 rus,
449 1601 551 1646 quasi
572 1597 750 1645 significet
773 1609 853 1632 mla
873 1602 1043 1633 ess-stare.
1081 1597 1238 1632 veriora
1260 1610 1316 1632 me
1341 1605 1429 1645 puto
1449 1600 1583 1635 dixisse
1608 1602 1643 1635 in
1661 1601 1733 1636 Ex-

342 1659 426 1704 plic.
452 1657 499 1690 ad
524 1656 570 1690 de
591 1654 656 1691 Or.
680 1655 722 1691 ll.
749 1655 811 1697 22,
837 1654 893 1691 93.
919 1675 965 1680 -—
1000 1654 1261 1699 concionibus]
1284 1655 1335 1690 sic
1358 1654 1422 1701 Lg.
1449 1663 1595 1702 praeter
1616 1658 1734 1693 20.»-

343 1726 421 1749 non
438 1714 545 1757 [Iam]
564 1714 616 1747 sic
635 1712 777 1747 divisim
796 1710 862 1757 Lg.
878 1711 908 1746 8.
923 1712 976 1747 70.
990 1730 1036 1738 ·—
1066 1716 1218 1746 tantum
1237 1711 1342 1756 dico]
1363 1717 1473 1747 tanto
1494 1714 1581 1748 dico
1599 1714 1664 1759 Lg.
1678 1715 1734 1750 20.

346 1776 477 1806 tamen
508 1770 596 1804 dico
630 1768 696 1804 Gu.
727 1769 756 1803 l.
786 1789 825 1794 —
870 1769 1133 1812 concursatio]
1161 1780 1186 1803 a
1210 1772 1458 1804 concursatio
1485 1769 1551 1816 Lg.
1571 1770 1604 1806 8.
1630 1771 1675 1806 35
1700 1772 1736 1806 in

345 1839 414 1872 mg.
435 1827 474 1867 †.
501 1827 556 1860 51.
583 1826 637 1860 53.
663 1824 718 1858 58.
744 1824 799 1858 68.
827 1825 881 1859 70.
921 1825 1003 1860 vat.
1053 1828 1300 1860 (levem-satio
1331 1825 1386 1860 20.
1437 1832 1736 1864 acconenrsatio

347 1883 402 1917 39.
424 1882 479 1917 56.
496 1901 540 1906 »-
567 1882 825 1927 optimorum]
853 1881 903 1914 sic
921 1881 976 1914 ed.
992 1892 1064 1925 pin,
1095 1882 1191 1925 quod
1213 1882 1366 1926 probant
1381 1881 1553 1927 Meyerus
1574 1887 1605 1918 sc
1619 1884 1736 1919 Bern-

347 1939 484 1984 hardy;
506 1938 614 1983 vulgo
644 1941 963 1983 opportunorum.
1006 1936 1145 1973 Quibus
1169 1949 1236 1982 ego
1259 1938 1288 1971 si
1306 1939 1502 1982 assentior,
1528 1952 1599 1975 non
1619 1947 1736 1976 tamen

349 1996 385 2030 id
411 1995 495 2029 mihi
520 2005 640 2036 sumo,
666 2000 701 2027 ut
727 1999 881 2027 mentem
906 1993 1094 2037 scriptoris
1118 1993 1357 2027 coniectando
1385 1996 1580 2031 restituam.

1770 447 1772 509 l

1771 545 1780 789 ξ
