<?xml version="1.0" encoding="UTF-8"?>
<!DOCTYPE html PUBLIC "-//W3C//DTD XHTML 1.0 Transitional//EN"
    "http://www.w3.org/TR/xhtml1/DTD/xhtml1-transitional.dtd">
<html xmlns="http://www.w3.org/1999/xhtml" xml:lang="en" lang="en">
 <head>
  <title>
</title>
<meta http-equiv="Content-Type" content="text/html;charset=utf-8" />
  <meta name='ocr-system' content='tesseract 3.04.00' />
  <meta name='ocr-capabilities' content='ocr_page ocr_carea ocr_par ocr_line ocrx_word'/>
</head>
<body>
  <div class='ocr_page' id='page_1' title='image "./brutussivedeclar00ciceuoft/brutussivedeclar00ciceuoft_0413.png"; bbox 0 0 1835 3126; ppageno 0'>
   <div class='ocr_carea' id='block_1_1' title="bbox 366 225 1500 272">
    <p class='ocr_par' dir='ltr' id='par_1_1' title="bbox 366 225 1500 272">
     <span class='ocr_line' id='line_1_1' title="bbox 366 225 1500 272; baseline 0.002 -2"><span class='ocrx_word' id='word_1_1' title='bbox 366 227 449 270; x_wconf 80' lang='lat' dir='ltr'><strong>AD</strong></span> <span class='ocrx_word' id='word_1_2' title='bbox 482 225 597 268; x_wconf 84' lang='lat' dir='ltr'><strong>CIC.</strong></span> <span class='ocrx_word' id='word_1_3' title='bbox 627 225 891 269; x_wconf 88' lang='lat' dir='ltr'>BRUTUM</span> <span class='ocrx_word' id='word_1_4' title='bbox 929 225 1048 270; x_wconf 78' lang='lat' dir='ltr'><strong>cAP.</strong></span> <span class='ocrx_word' id='word_1_5' title='bbox 1081 226 1146 268; x_wconf 84' lang='lat'><strong>51.</strong></span> <span class='ocrx_word' id='word_1_6' title='bbox 1178 225 1246 268; x_wconf 81' lang='lat'><strong>52.</strong></span> <span class='ocrx_word' id='word_1_7' title='bbox 1374 226 1500 272; x_wconf 73' lang='lat'><strong>393</strong></span> 
     </span>
    </p>
   </div>
   <div class='ocr_carea' id='block_1_2' title="bbox 110 339 1505 793">
    <p class='ocr_par' dir='ltr' id='par_1_2' title="bbox 110 339 1505 793">
     <span class='ocr_line' id='line_1_2' title="bbox 114 339 1503 393; baseline -0.002 -11"><span class='ocrx_word' id='word_1_8' title='bbox 114 353 198 382; x_wconf 90' lang='lat' dir='ltr'><strong>cum</strong></span> <span class='ocrx_word' id='word_1_9' title='bbox 237 340 410 380; x_wconf 87' lang='lat' dir='ltr'><strong>scribens</strong></span> <span class='ocrx_word' id='word_1_10' title='bbox 446 340 549 382; x_wconf 80' lang='lat' dir='ltr'><strong>xvi.</strong></span> <span class='ocrx_word' id='word_1_11' title='bbox 582 341 667 388; x_wconf 90' lang='grc'><strong>11.;</strong></span> <span class='ocrx_word' id='word_1_12' title='bbox 710 339 811 380; x_wconf 84' lang='lat' dir='ltr'><strong>unde</strong></span> <span class='ocrx_word' id='word_1_13' title='bbox 849 341 1018 393; x_wconf 86' lang='lat' dir='ltr'><strong>suspicio</strong></span> <span class='ocrx_word' id='word_1_14' title='bbox 1063 341 1236 380; x_wconf 86' lang='lat' dir='ltr'><strong>nascitur</strong></span> <span class='ocrx_word' id='word_1_15' title='bbox 1272 339 1503 380; x_wconf 85' lang='lat' dir='ltr'><strong>coniecturis</strong></span> 
     </span>
     <span class='ocr_line' id='line_1_3' title="bbox 113 405 1504 460; baseline -0.001 -12"><span class='ocrx_word' id='word_1_16' title='bbox 113 408 164 448; x_wconf 86' lang='lat' dir='ltr'><strong>ad</strong></span> <span class='ocrx_word' id='word_1_17' title='bbox 202 408 302 447; x_wconf 91' lang='lat' dir='ltr'><strong>hunc</strong></span> <span class='ocrx_word' id='word_1_18' title='bbox 342 407 469 447; x_wconf 89' lang='lat' dir='ltr'><strong>locum</strong></span> <span class='ocrx_word' id='word_1_19' title='bbox 512 406 724 447; x_wconf 88' lang='lat' dir='ltr'><strong>sanandum</strong></span> <span class='ocrx_word' id='word_1_20' title='bbox 763 408 930 460; x_wconf 87' lang='lat' dir='ltr'><strong>prolatis</strong></span> <span class='ocrx_word' id='word_1_21' title='bbox 970 408 1171 460; x_wconf 84' lang='lat' dir='ltr'><strong>plerisque</strong></span> <span class='ocrx_word' id='word_1_22' title='bbox 1215 419 1292 446; x_wconf 90' lang='lat' dir='ltr'><strong>non</strong></span> <span class='ocrx_word' id='word_1_23' title='bbox 1333 405 1504 447; x_wconf 80' lang='lat' dir='ltr'><strong>deterior</strong></span> 
     </span>
     <span class='ocr_line' id='line_1_4' title="bbox 111 474 1504 525; baseline 0.001 -13"><span class='ocrx_word' id='word_1_24' title='bbox 111 477 235 512; x_wconf 67' lang='lat' dir='ltr'><strong>instar</strong></span> <span class='ocrx_word' id='word_1_25' title='bbox 264 479 318 511; x_wconf 78' lang='lat' dir='ltr'><strong>est</strong></span> <span class='ocrx_word' id='word_1_26' title='bbox 347 474 468 512; x_wconf 80' lang='lat' dir='ltr'><strong>decem</strong></span> <span class='ocrx_word' id='word_1_27' title='bbox 489 475 668 522; x_wconf 68' lang='lat' dir='ltr'><strong>millium,</strong></span> <span class='ocrx_word' id='word_1_28' title='bbox 698 485 769 513; x_wconf 89' lang='lat' dir='ltr'><strong>nec</strong></span> <span class='ocrx_word' id='word_1_29' title='bbox 791 475 912 512; x_wconf 79' lang='lat' dir='ltr'><strong>decem</strong></span> <span class='ocrx_word' id='word_1_30' title='bbox 936 474 1154 514; x_wconf 84' lang='lat' dir='ltr'>uncialibus</span> <span class='ocrx_word' id='word_1_31' title='bbox 1184 474 1369 525; x_wconf 88' lang='lat' dir='ltr'><strong>scriptum</strong></span> <span class='ocrx_word' id='word_1_32' title='bbox 1392 474 1504 513; x_wconf 90' lang='lat' dir='ltr'><strong>nimis</strong></span> 
     </span>
     <span class='ocr_line' id='line_1_5' title="bbox 111 534 1505 596; baseline 0.001 -17"><span class='ocrx_word' id='word_1_33' title='bbox 111 539 229 580; x_wconf 84' lang='lat' dir='ltr'><strong>distat</strong></span> <span class='ocrx_word' id='word_1_34' title='bbox 259 540 308 579; x_wconf 90' lang='lat' dir='ltr'><strong>ab</strong></span> <span class='ocrx_word' id='word_1_35' title='bbox 339 544 514 579; x_wconf 75' lang='lat' dir='ltr'><strong>omnium.</strong></span> <span class='ocrx_word' id='word_1_36' title='bbox 571 540 673 581; x_wconf 86' lang='lat' dir='ltr'><strong>Illud</strong></span> <span class='ocrx_word' id='word_1_37' title='bbox 698 540 935 581; x_wconf 83' lang='lat' dir='ltr'><strong>Graecorum</strong></span> <span class='ocrx_word' id='word_1_38' title='bbox 964 544 1130 591; x_wconf 82' lang='lat' dir='ltr'><strong>augetur</strong></span> <span class='ocrx_word' id='word_1_39' title='bbox 1156 551 1229 591; x_wconf 89' lang='lat' dir='ltr'><strong>per</strong></span> <span class='ocrx_word' id='word_1_40' title='bbox 1253 534 1505 596; x_wconf 69' lang='grc' dir='ltr'><em>ὑπερβολὴν</em></span> 
     </span>
     <span class='ocr_line' id='line_1_6' title="bbox 110 598 1504 661; baseline 0 -15"><span class='ocrx_word' id='word_1_41' title='bbox 110 606 278 658; x_wconf 82' lang='lat' dir='ltr'><strong>figuram</strong></span> <span class='ocrx_word' id='word_1_42' title='bbox 309 598 373 656; x_wconf 78' lang='grc' dir='ltr'><strong>εἷς</strong></span> <span class='ocrx_word' id='word_1_43' title='bbox 403 604 503 659; x_wconf 76' lang='grc' dir='ltr'><strong><em>ἐμοὶ</em></strong></span> <span class='ocrx_word' id='word_1_44' title='bbox 532 600 774 661; x_wconf 63' lang='grc' dir='ltr'><strong><em>ἄνθρωπος</em></strong></span> <span class='ocrx_word' id='word_1_45' title='bbox 803 601 1052 660; x_wconf 77' lang='grc' dir='ltr'><strong><em>τριςμύριοι</em></strong></span> <span class='ocrx_word' id='word_1_46' title='bbox 1092 606 1216 658; x_wconf 79' lang='lat' dir='ltr'><strong>epigr.</strong></span> <span class='ocrx_word' id='word_1_47' title='bbox 1250 607 1341 647; x_wconf 80' lang='grc'><strong>128.</strong></span> <span class='ocrx_word' id='word_1_48' title='bbox 1388 608 1504 647; x_wconf 85' lang='lat' dir='ltr'><strong>Anth.</strong></span> 
     </span>
     <span class='ocr_line' id='line_1_7' title="bbox 111 672 1504 726; baseline -0.001 -12"><span class='ocrx_word' id='word_1_49' title='bbox 111 674 240 714; x_wconf 85' lang='lat' dir='ltr'><strong>Palat.</strong></span> <span class='ocrx_word' id='word_1_50' title='bbox 270 674 348 714; x_wconf 78' lang='lat' dir='ltr'><strong>vol.</strong></span> <span class='ocrx_word' id='word_1_51' title='bbox 378 673 407 714; x_wconf 92' lang='grc' dir='ltr'><strong>Ι.</strong></span> <span class='ocrx_word' id='word_1_52' title='bbox 446 686 484 726; x_wconf 90' lang='lat' dir='ltr'><strong>p.</strong></span> <span class='ocrx_word' id='word_1_53' title='bbox 514 674 610 712; x_wconf 84' lang='lat'><strong>342.</strong></span> <span class='ocrx_word' id='word_1_54' title='bbox 667 672 748 712; x_wconf 92' lang='lat' dir='ltr'><strong>Nec</strong></span> <span class='ocrx_word' id='word_1_55' title='bbox 788 673 911 712; x_wconf 88' lang='lat' dir='ltr'><strong>minus</strong></span> <span class='ocrx_word' id='word_1_56' title='bbox 951 677 1097 712; x_wconf 88' lang='lat' dir='ltr'><strong>rectum</strong></span> <span class='ocrx_word' id='word_1_57' title='bbox 1131 673 1233 712; x_wconf 83' lang='lat' dir='ltr'><strong>foret</strong></span> <span class='ocrx_word' id='word_1_58' title='bbox 1268 678 1305 713; x_wconf 91' lang='lat' dir='ltr'><strong>et</strong></span> <span class='ocrx_word' id='word_1_59' title='bbox 1341 674 1504 713; x_wconf 89' lang='lat' dir='ltr'><strong>similius</strong></span> 
     </span>
     <span class='ocr_line' id='line_1_8' title="bbox 113 739 1505 793; baseline -0.001 -13"><span class='ocrx_word' id='word_1_60' title='bbox 113 741 229 780; x_wconf 83' lang='lat' dir='ltr'><strong>etiam</strong></span> <span class='ocrx_word' id='word_1_61' title='bbox 268 740 318 780; x_wconf 84' lang='lat' dir='ltr'><strong>ad</strong></span> <span class='ocrx_word' id='word_1_62' title='bbox 354 741 556 780; x_wconf 82' lang='lat' dir='ltr'><strong>literarum</strong></span> <span class='ocrx_word' id='word_1_63' title='bbox 586 739 721 779; x_wconf 86' lang='lat' dir='ltr'><strong>ductus</strong></span> <span class='ocrx_word' id='word_1_64' title='bbox 758 742 882 781; x_wconf 45' lang='lat' dir='ltr'><strong>&#39;instar</strong></span> <span class='ocrx_word' id='word_1_65' title='bbox 911 746 964 777; x_wconf 86' lang='lat' dir='ltr'><strong>est</strong></span> <span class='ocrx_word' id='word_1_66' title='bbox 994 746 1137 777; x_wconf 70' lang='lat' dir='ltr'><strong>centnm</strong></span> <span class='ocrx_word' id='word_1_67' title='bbox 1165 741 1348 778; x_wconf 67' lang='lat' dir='ltr'><strong>millium:</strong></span> <span class='ocrx_word' id='word_1_68' title='bbox 1391 753 1505 793; x_wconf 87' lang='lat' dir='ltr'><strong>quem</strong></span> 
     </span>
    </p>
   </div>
   <div class='ocr_carea' id='block_1_3' title="bbox 110 806 1506 914">
    <p class='ocr_par' dir='ltr' id='par_1_3' title="bbox 110 806 1506 914">
     <span class='ocr_line' id='line_1_9' title="bbox 112 806 1506 857; baseline 0.001 -10"><span class='ocrx_word' id='word_1_69' title='bbox 112 807 163 846; x_wconf 84' lang='lat' dir='ltr'><strong>ad</strong></span> <span class='ocrx_word' id='word_1_70' title='bbox 201 806 353 846; x_wconf 89' lang='lat' dir='ltr'><strong>modum</strong></span> <span class='ocrx_word' id='word_1_71' title='bbox 393 807 484 845; x_wconf 83' lang='lat' dir='ltr'><strong>Cato</strong></span> <span class='ocrx_word' id='word_1_72' title='bbox 520 806 612 844; x_wconf 69' lang='lat' dir='ltr'><strong>utiltt</strong></span> <span class='ocrx_word' id='word_1_73' title='bbox 650 812 703 844; x_wconf 77' lang='lat' dir='ltr'><strong>est</strong></span> <span class='ocrx_word' id='word_1_74' title='bbox 738 819 808 857; x_wconf 74' lang='lat' dir='ltr'><strong>pro</strong></span> <span class='ocrx_word' id='word_1_75' title='bbox 848 812 990 845; x_wconf 79' lang='lat' dir='ltr'><strong>centum</strong></span> <span class='ocrx_word' id='word_1_76' title='bbox 1027 807 1190 845; x_wconf 76' lang='lat' dir='ltr'><strong>millibus</strong></span> <span class='ocrx_word' id='word_1_77' title='bbox 1229 807 1368 849; x_wconf 88' lang='lat' dir='ltr'><strong>Cicero</strong></span> <span class='ocrx_word' id='word_1_78' title='bbox 1410 807 1506 848; x_wconf 82' lang='lat' dir='ltr'>dixit</span> 
     </span>
     <span class='ocr_line' id='line_1_10' title="bbox 110 872 333 914; baseline 0 0"><span class='ocrx_word' id='word_1_79' title='bbox 110 874 188 914; x_wconf 81' lang='lat' dir='ltr'><strong>Att.</strong></span> <span class='ocrx_word' id='word_1_80' title='bbox 214 872 262 913; x_wconf 91' lang='lat' dir='ltr'><strong>II.</strong></span> <span class='ocrx_word' id='word_1_81' title='bbox 293 873 333 914; x_wconf 87' lang='lat'><strong>5.</strong></span> 
     </span>
    </p>
   </div>
   <div class='ocr_carea' id='block_1_4' title="bbox 110 939 1515 2795">
    <p class='ocr_par' dir='ltr' id='par_1_4' title="bbox 110 939 1508 1393">
     <span class='ocr_line' id='line_1_11' title="bbox 220 939 1506 993; baseline 0.004 -17"><span class='ocrx_word' id='word_1_82' title='bbox 220 945 355 991; x_wconf 74' lang='lat' dir='ltr'><strong>poe&#39;ma</strong></span> <span class='ocrx_word' id='word_1_83' title='bbox 393 942 491 977; x_wconf 75' lang='lat' dir='ltr'><strong>enim</strong></span> <span class='ocrx_word' id='word_1_84' title='bbox 527 940 770 990; x_wconf 71' lang='lat' dir='ltr'><strong>reconditum]</strong></span> <span class='ocrx_word' id='word_1_85' title='bbox 818 939 957 981; x_wconf 88' lang='lat' dir='ltr'><strong>Cicero</strong></span> <span class='ocrx_word' id='word_1_86' title='bbox 996 952 1222 992; x_wconf 83' lang='lat' dir='ltr'><strong>perversum</strong></span> <span class='ocrx_word' id='word_1_87' title='bbox 1256 941 1506 993; x_wconf 85' lang='lat' dir='ltr'><strong>popularium</strong></span> 
     </span>
     <span class='ocr_line' id='line_1_12' title="bbox 111 1006 1508 1059; baseline 0 -12"><span class='ocrx_word' id='word_1_88' title='bbox 111 1018 269 1048; x_wconf 90' lang='lat' dir='ltr'><strong>suorum</strong></span> <span class='ocrx_word' id='word_1_89' title='bbox 298 1007 472 1059; x_wconf 89' lang='lat' dir='ltr'><strong>sequitur</strong></span> <span class='ocrx_word' id='word_1_90' title='bbox 501 1006 684 1046; x_wconf 86' lang='lat' dir='ltr'><strong>iudicium</strong></span> <span class='ocrx_word' id='word_1_91' title='bbox 714 1007 914 1046; x_wconf 87' lang='lat' dir='ltr'><strong>doctrinae</strong></span> <span class='ocrx_word' id='word_1_92' title='bbox 943 1007 1238 1046; x_wconf 82' lang='lat' dir='ltr'><strong>ostentationem</strong></span> <span class='ocrx_word' id='word_1_93' title='bbox 1268 1012 1305 1047; x_wconf 89' lang='lat' dir='ltr'><strong>et</strong></span> <span class='ocrx_word' id='word_1_94' title='bbox 1335 1009 1508 1047; x_wconf 89' lang='lat' dir='ltr'><strong>carmina</strong></span> 
     </span>
     <span class='ocr_line' id='line_1_13' title="bbox 111 1073 1507 1126; baseline 0.001 -12"><span class='ocrx_word' id='word_1_95' title='bbox 111 1074 199 1126; x_wconf 91' lang='lat' dir='ltr'><strong>ipso</strong></span> <span class='ocrx_word' id='word_1_96' title='bbox 225 1079 453 1124; x_wconf 80' lang='lat' dir='ltr'><strong>argumento</strong></span> <span class='ocrx_word' id='word_1_97' title='bbox 484 1073 533 1112; x_wconf 92' lang='lat' dir='ltr'><strong>ab</strong></span> <span class='ocrx_word' id='word_1_98' title='bbox 558 1074 660 1112; x_wconf 89' lang='lat' dir='ltr'><strong>omni</strong></span> <span class='ocrx_word' id='word_1_99' title='bbox 681 1073 845 1112; x_wconf 82' lang='lat' dir='ltr'><strong>veritate</strong></span> <span class='ocrx_word' id='word_1_100' title='bbox 873 1077 1040 1124; x_wconf 85' lang='lat' dir='ltr'><strong>poe&#39;seos</strong></span> <span class='ocrx_word' id='word_1_101' title='bbox 1066 1073 1319 1112; x_wconf 83' lang='lat' dir='ltr'><strong>abhorrentia</strong></span> <span class='ocrx_word' id='word_1_102' title='bbox 1341 1075 1507 1115; x_wconf 85' lang='lat' dir='ltr'><strong>maxime</strong></span> 
     </span>
     <span class='ocr_line' id='line_1_14' title="bbox 111 1138 1507 1192; baseline 0.001 -13"><span class='ocrx_word' id='word_1_103' title='bbox 111 1140 378 1192; x_wconf 81' lang='lat' dir='ltr'><strong>probantium,</strong></span> <span class='ocrx_word' id='word_1_104' title='bbox 424 1151 587 1191; x_wconf 89' lang='lat' dir='ltr'><strong>quorum</strong></span> <span class='ocrx_word' id='word_1_105' title='bbox 623 1139 798 1179; x_wconf 87' lang='lat' dir='ltr'><strong>Lucretii</strong></span> <span class='ocrx_word' id='word_1_106' title='bbox 839 1138 939 1178; x_wconf 84' lang='lat' dir='ltr'><strong>illud</strong></span> <span class='ocrx_word' id='word_1_107' title='bbox 984 1145 1021 1179; x_wconf 88' lang='lat' dir='ltr'><strong>et</strong></span> <span class='ocrx_word' id='word_1_108' title='bbox 1064 1140 1270 1192; x_wconf 89' lang='lat' dir='ltr'><strong>aequalem</strong></span> <span class='ocrx_word' id='word_1_109' title='bbox 1309 1146 1507 1181; x_wconf 84' lang='lat' dir='ltr'><strong>auctorem</strong></span> 
     </span>
     <span class='ocr_line' id='line_1_15' title="bbox 110 1206 1507 1258; baseline 0.001 -12"><span class='ocrx_word' id='word_1_110' title='bbox 110 1207 229 1246; x_wconf 84' lang='lat' dir='ltr'><strong>habet</strong></span> <span class='ocrx_word' id='word_1_111' title='bbox 250 1211 286 1246; x_wconf 90' lang='lat' dir='ltr'><strong>et</strong></span> <span class='ocrx_word' id='word_1_112' title='bbox 310 1206 477 1246; x_wconf 89' lang='lat' dir='ltr'><strong>omnium</strong></span> <span class='ocrx_word' id='word_1_113' title='bbox 505 1206 745 1246; x_wconf 89' lang='lat' dir='ltr'><strong>notissimum</strong></span> <span class='ocrx_word' id='word_1_114' title='bbox 770 1210 839 1246; x_wconf 89' lang='lat' dir='ltr'><strong>est.</strong></span> <span class='ocrx_word' id='word_1_115' title='bbox 885 1206 1026 1246; x_wconf 88' lang='lat' dir='ltr'><strong>Graeci</strong></span> <span class='ocrx_word' id='word_1_116' title='bbox 1052 1207 1283 1258; x_wconf 88' lang='lat' dir='ltr'><strong>popularem</strong></span> <span class='ocrx_word' id='word_1_117' title='bbox 1307 1219 1507 1248; x_wconf 91' lang='lat' dir='ltr'><strong>assensum</strong></span> 
     </span>
     <span class='ocr_line' id='line_1_16' title="bbox 113 1272 1506 1328; baseline 0.001 -15"><span class='ocrx_word' id='word_1_118' title='bbox 113 1274 229 1314; x_wconf 86' lang='lat' dir='ltr'><strong>etiam</strong></span> <span class='ocrx_word' id='word_1_119' title='bbox 251 1275 378 1326; x_wconf 78' lang='lat' dir='ltr'><strong>poetis</strong></span> <span class='ocrx_word' id='word_1_120' title='bbox 395 1273 650 1325; x_wconf 85' lang='lat' dir='ltr'><strong>expetendum</strong></span> <span class='ocrx_word' id='word_1_121' title='bbox 667 1272 950 1322; x_wconf 84' lang='lat' dir='ltr'><strong>existimabant,</strong></span> <span class='ocrx_word' id='word_1_122' title='bbox 972 1283 1043 1313; x_wconf 90' lang='lat' dir='ltr'><strong>nec</strong></span> <span class='ocrx_word' id='word_1_123' title='bbox 1066 1273 1365 1324; x_wconf 86' lang='lat' dir='ltr'><strong>intelligentium</strong></span> <span class='ocrx_word' id='word_1_124' title='bbox 1381 1277 1506 1328; x_wconf 87' lang='lat' dir='ltr'><strong>magis</strong></span> 
     </span>
     <span class='ocr_line' id='line_1_17' title="bbox 111 1339 925 1393; baseline -0.002 -13"><span class='ocrx_word' id='word_1_125' title='bbox 111 1353 227 1393; x_wconf 89' lang='lat' dir='ltr'><strong>quam</strong></span> <span class='ocrx_word' id='word_1_126' title='bbox 254 1341 366 1392; x_wconf 84' lang='lat' dir='ltr'><strong>vulgi</strong></span> <span class='ocrx_word' id='word_1_127' title='bbox 397 1340 578 1392; x_wconf 87' lang='lat' dir='ltr'><strong>plausum</strong></span> <span class='ocrx_word' id='word_1_128' title='bbox 605 1340 795 1380; x_wconf 92' lang='lat' dir='ltr'><strong>Homerus</strong></span> <span class='ocrx_word' id='word_1_129' title='bbox 824 1339 925 1379; x_wconf 87' lang='lat' dir='ltr'><strong>tulit.</strong></span> 
     </span>
    </p>

    <p class='ocr_par' dir='ltr' id='par_1_5' title="bbox 112 1405 1511 1927">
     <span class='ocr_line' id='line_1_18' title="bbox 229 1405 1505 1456; baseline 0.003 -10"><span class='ocrx_word' id='word_1_130' title='bbox 229 1408 322 1447; x_wconf 91' lang='grc'><strong>192.</strong></span> <span class='ocrx_word' id='word_1_131' title='bbox 377 1420 452 1444; x_wconf 74' lang='lat' dir='ltr'><strong>non</strong></span> <span class='ocrx_word' id='word_1_132' title='bbox 473 1407 579 1456; x_wconf 63' lang='lat' dir='ltr'><strong>facit]</strong></span> <span class='ocrx_word' id='word_1_133' title='bbox 605 1406 746 1446; x_wconf 89' lang='lat' dir='ltr'><strong>dudum</strong></span> <span class='ocrx_word' id='word_1_134' title='bbox 771 1407 890 1446; x_wconf 89' lang='lat' dir='ltr'><strong>sensit</strong></span> <span class='ocrx_word' id='word_1_135' title='bbox 915 1405 1119 1446; x_wconf 88' lang='lat' dir='ltr'><strong>Turnebus</strong></span> <span class='ocrx_word' id='word_1_136' title='bbox 1137 1406 1299 1448; x_wconf 82' lang='lat' dir='ltr'><strong>Advers.</strong></span> <span class='ocrx_word' id='word_1_137' title='bbox 1317 1409 1420 1452; x_wconf 90' lang='lat' dir='ltr'><strong>XIV.</strong></span> <span class='ocrx_word' id='word_1_138' title='bbox 1438 1413 1505 1450; x_wconf 87' lang='grc'><strong>22.</strong></span> 
     </span>
     <span class='ocr_line' id='line_1_19' title="bbox 112 1472 1506 1525; baseline 0.004 -15"><span class='ocrx_word' id='word_1_139' title='bbox 112 1472 236 1520; x_wconf 73' lang='lat' dir='ltr'><strong>facere</strong></span> <span class='ocrx_word' id='word_1_140' title='bbox 263 1472 424 1513; x_wconf 81' lang='lat' dir='ltr'><strong>verbum</strong></span> <span class='ocrx_word' id='word_1_141' title='bbox 454 1478 634 1525; x_wconf 83' lang='lat' dir='ltr'><strong>equestre</strong></span> <span class='ocrx_word' id='word_1_142' title='bbox 659 1472 786 1514; x_wconf 81' lang='lat' dir='ltr'><strong>videri</strong></span> <span class='ocrx_word' id='word_1_143' title='bbox 815 1485 978 1525; x_wconf 91' lang='lat' dir='ltr'><strong>eumque</strong></span> <span class='ocrx_word' id='word_1_144' title='bbox 1002 1485 1140 1525; x_wconf 88' lang='lat' dir='ltr'><strong>equum</strong></span> <span class='ocrx_word' id='word_1_145' title='bbox 1168 1488 1243 1512; x_wconf 72' lang='grc' dir='ltr'><strong>ποη</strong></span> <span class='ocrx_word' id='word_1_146' title='bbox 1265 1476 1390 1522; x_wconf 80' lang='lat' dir='ltr'><strong>faeere</strong></span> <span class='ocrx_word' id='word_1_147' title='bbox 1417 1476 1506 1525; x_wconf 87' lang='lat' dir='ltr'><strong>dici,</strong></span> 
     </span>
     <span class='ocr_line' id='line_1_20' title="bbox 115 1539 1505 1592; baseline 0.004 -14"><span class='ocrx_word' id='word_1_148' title='bbox 115 1539 183 1590; x_wconf 88' lang='lat' dir='ltr'><strong>qui</strong></span> <span class='ocrx_word' id='word_1_149' title='bbox 211 1540 357 1579; x_wconf 84' lang='lat' dir='ltr'><strong>rectori</strong></span> <span class='ocrx_word' id='word_1_150' title='bbox 384 1552 461 1580; x_wconf 92' lang='lat' dir='ltr'><strong>non</strong></span> <span class='ocrx_word' id='word_1_151' title='bbox 489 1545 648 1592; x_wconf 89' lang='lat' dir='ltr'><strong>pareat;</strong></span> <span class='ocrx_word' id='word_1_152' title='bbox 682 1540 860 1579; x_wconf 87' lang='lat' dir='ltr'><strong>similiter</strong></span> <span class='ocrx_word' id='word_1_153' title='bbox 884 1540 1127 1581; x_wconf 86' lang='lat' dir='ltr'><strong>Gebhardtus</strong></span> <span class='ocrx_word' id='word_1_154' title='bbox 1156 1541 1196 1580; x_wconf 90' lang='lat' dir='ltr'><strong>in</strong></span> <span class='ocrx_word' id='word_1_155' title='bbox 1221 1541 1304 1581; x_wconf 90' lang='lat' dir='ltr'><strong>Em.</strong></span> <span class='ocrx_word' id='word_1_156' title='bbox 1334 1543 1375 1581; x_wconf 89' lang='lat' dir='ltr'><strong>in</strong></span> <span class='ocrx_word' id='word_1_157' title='bbox 1396 1543 1505 1583; x_wconf 87' lang='lat' dir='ltr'><strong>Brut.</strong></span> 
     </span>
     <span class='ocr_line' id='line_1_21' title="bbox 113 1606 1510 1663; baseline 0.006 -20"><span class='ocrx_word' id='word_1_158' title='bbox 113 1618 153 1658; x_wconf 87' lang='lat' dir='ltr'><strong>p.</strong></span> <span class='ocrx_word' id='word_1_159' title='bbox 179 1608 217 1646; x_wconf 90' lang='lat'><strong>7.</strong></span> <span class='ocrx_word' id='word_1_160' title='bbox 253 1606 424 1658; x_wconf 83' lang='lat' dir='ltr'><strong>intelligi</strong></span> <span class='ocrx_word' id='word_1_161' title='bbox 462 1612 551 1660; x_wconf 85' lang='lat' dir='ltr'><strong>post</strong></span> <span class='ocrx_word' id='word_1_162' title='bbox 585 1607 680 1655; x_wconf 75' lang='lat' dir='ltr'><strong>facit</strong></span> <span class='ocrx_word' id='word_1_163' title='bbox 714 1606 798 1648; x_wconf 83' lang='lat' dir='ltr'><strong>vult</strong></span> <span class='ocrx_word' id='word_1_164' title='bbox 833 1620 928 1658; x_wconf 76' lang='lat' dir='ltr'><strong>quae</strong></span> <span class='ocrx_word' id='word_1_165' title='bbox 963 1607 1061 1645; x_wconf 71' lang='lat' dir='ltr'><strong>iubet</strong></span> <span class='ocrx_word' id='word_1_166' title='bbox 1099 1620 1207 1657; x_wconf 77' lang='lat' dir='ltr'><strong>eques</strong></span> <span class='ocrx_word' id='word_1_167' title='bbox 1217 1623 1229 1655; x_wconf 80' lang='lat'><strong>,-</strong></span> <span class='ocrx_word' id='word_1_168' title='bbox 1271 1611 1510 1663; x_wconf 78' lang='lat' dir='ltr'><strong>contulitque</strong></span> 
     </span>
     <span class='ocr_line' id='line_1_22' title="bbox 113 1672 1506 1728; baseline 0.004 -16"><span class='ocrx_word' id='word_1_169' title='bbox 113 1672 242 1712; x_wconf 89' lang='lat' dir='ltr'><strong>locum</strong></span> <span class='ocrx_word' id='word_1_170' title='bbox 271 1673 498 1714; x_wconf 85' lang='lat' dir='ltr'><strong>Officiorum</strong></span> <span class='ocrx_word' id='word_1_171' title='bbox 525 1674 555 1714; x_wconf 92' lang='lat' dir='ltr'><strong>I.</strong></span> <span class='ocrx_word' id='word_1_172' title='bbox 586 1675 661 1723; x_wconf 86' lang='lat'><strong>26,</strong></span> <span class='ocrx_word' id='word_1_173' title='bbox 689 1675 764 1714; x_wconf 83' lang='lat'><strong>90:</strong></span> <span class='ocrx_word' id='word_1_174' title='bbox 805 1672 917 1724; x_wconf 75' lang='lat' dir='ltr'><strong>quid?</strong></span> <span class='ocrx_word' id='word_1_175' title='bbox 955 1687 1073 1712; x_wconf 81' lang='lat' dir='ltr'><strong>nonne</strong></span> <span class='ocrx_word' id='word_1_176' title='bbox 1100 1674 1233 1721; x_wconf 76' lang='lat' dir='ltr'><strong>faciles</strong></span> <span class='ocrx_word' id='word_1_177' title='bbox 1261 1683 1348 1714; x_wconf 80' lang='lat' dir='ltr'><strong>sunt</strong></span> <span class='ocrx_word' id='word_1_178' title='bbox 1375 1680 1405 1716; x_wconf 68' lang='lat' dir='ltr'><strong>tt</strong></span> <span class='ocrx_word' id='word_1_179' title='bbox 1434 1677 1506 1728; x_wconf 83' lang='lat' dir='ltr'><strong>(sc.</strong></span> 
     </span>
     <span class='ocr_line' id='line_1_23' title="bbox 116 1738 1509 1793; baseline 0.004 -14"><span class='ocrx_word' id='word_1_180' title='bbox 116 1740 243 1792; x_wconf 87' lang='lat' dir='ltr'><strong>equi),</strong></span> <span class='ocrx_word' id='word_1_181' title='bbox 281 1743 345 1791; x_wconf 71' lang='lat' dir='ltr'><strong>qut</strong></span> <span class='ocrx_word' id='word_1_182' title='bbox 379 1741 526 1788; x_wconf 65' lang='lat' dir='ltr'><strong>faciunt</strong></span> <span class='ocrx_word' id='word_1_183' title='bbox 564 1740 661 1789; x_wconf 72' lang='grc' dir='ltr'><em>(μιοιῑ</em></span> <span class='ocrx_word' id='word_1_184' title='bbox 696 1753 803 1790; x_wconf 81' lang='lat' dir='ltr'><strong>eques</strong></span> <span class='ocrx_word' id='word_1_185' title='bbox 832 1738 958 1778; x_wconf 68' lang='lat' dir='ltr'><strong>tabet?</strong></span> <span class='ocrx_word' id='word_1_186' title='bbox 1016 1741 1111 1780; x_wconf 91' lang='lat' dir='ltr'><strong>Item</strong></span> <span class='ocrx_word' id='word_1_187' title='bbox 1141 1747 1321 1793; x_wconf 82' lang='lat' dir='ltr'><strong>equestre</strong></span> <span class='ocrx_word' id='word_1_188' title='bbox 1349 1745 1509 1785; x_wconf 81' lang='lat' dir='ltr'><strong>verbum</strong></span> 
     </span>
     <span class='ocr_line' id='line_1_24' title="bbox 115 1806 1511 1860; baseline 0.003 -14"><span class='ocrx_word' id='word_1_189' title='bbox 115 1818 202 1847; x_wconf 87' lang='lat' dir='ltr'><strong>esse</strong></span> <span class='ocrx_word' id='word_1_190' title='bbox 236 1812 330 1860; x_wconf 90' lang='lat' dir='ltr'><strong>puto</strong></span> <span class='ocrx_word' id='word_1_191' title='bbox 363 1820 403 1845; x_wconf 90' lang='lat' dir='ltr'><strong>se</strong></span> <span class='ocrx_word' id='word_1_192' title='bbox 434 1808 546 1853; x_wconf 77' lang='lat' dir='ltr'><strong>dare,</strong></span> <span class='ocrx_word' id='word_1_193' title='bbox 585 1806 886 1859; x_wconf 88' lang='lat' dir='ltr'><strong>comparandum</strong></span> <span class='ocrx_word' id='word_1_194' title='bbox 917 1807 1017 1846; x_wconf 89' lang='lat' dir='ltr'><strong>illud</strong></span> <span class='ocrx_word' id='word_1_195' title='bbox 1050 1819 1135 1847; x_wconf 90' lang='lat' dir='ltr'><strong>cum</strong></span> <span class='ocrx_word' id='word_1_196' title='bbox 1163 1809 1394 1849; x_wconf 86' lang='lat' dir='ltr'><strong>nostratium</strong></span> <span class='ocrx_word' id='word_1_197' title='bbox 1429 1813 1511 1850; x_wconf 69' lang='lat' dir='ltr'><strong>siclt</strong></span> 
     </span>
     <span class='ocr_line' id='line_1_25' title="bbox 116 1873 1105 1927; baseline 0.001 -16"><span class='ocrx_word' id='word_1_198' title='bbox 116 1874 313 1924; x_wconf 63' lang='lat' dir='ltr'><strong>hergeben,</strong></span> <span class='ocrx_word' id='word_1_199' title='bbox 346 1873 450 1927; x_wconf 89' lang='lat' dir='ltr'><strong>quod</strong></span> <span class='ocrx_word' id='word_1_200' title='bbox 477 1874 624 1925; x_wconf 83' lang='lat' dir='ltr'><strong>legitur</strong></span> <span class='ocrx_word' id='word_1_201' title='bbox 654 1874 701 1913; x_wconf 88' lang='lat' dir='ltr'><strong>de</strong></span> <span class='ocrx_word' id='word_1_202' title='bbox 732 1874 798 1914; x_wconf 88' lang='lat' dir='ltr'><strong>Or.</strong></span> <span class='ocrx_word' id='word_1_203' title='bbox 825 1873 873 1913; x_wconf 94' lang='lat' dir='ltr'><strong>II.</strong></span> <span class='ocrx_word' id='word_1_204' title='bbox 903 1875 978 1922; x_wconf 85' lang='lat'><strong>44,</strong></span> <span class='ocrx_word' id='word_1_205' title='bbox 1010 1874 1105 1913; x_wconf 81' lang='lat'><strong>187.</strong></span> 
     </span>
    </p>

    <p class='ocr_par' dir='ltr' id='par_1_6' title="bbox 117 1940 1515 2795">
     <span class='ocr_line' id='line_1_26' title="bbox 228 1940 1508 1995; baseline 0.002 -14"><span class='ocrx_word' id='word_1_206' title='bbox 228 1940 312 1981; x_wconf 91' lang='lat' dir='ltr'><strong>LII.</strong></span> <span class='ocrx_word' id='word_1_207' title='bbox 373 1940 466 1981; x_wconf 82' lang='lat'><strong>195.</strong></span> <span class='ocrx_word' id='word_1_208' title='bbox 525 1954 606 1978; x_wconf 82' lang='lat' dir='ltr'><strong>cum</strong></span> <span class='ocrx_word' id='word_1_209' title='bbox 628 1943 685 1977; x_wconf 72' lang='lat' dir='ltr'><strong>tta</strong></span> <span class='ocrx_word' id='word_1_210' title='bbox 703 1940 808 1977; x_wconf 78' lang='lat' dir='ltr'><strong>heres</strong></span> <span class='ocrx_word' id='word_1_211' title='bbox 829 1942 1021 1978; x_wconf 71' lang='lat' dir='ltr'><strong>institutus</strong></span> <span class='ocrx_word' id='word_1_212' title='bbox 1042 1940 1146 1990; x_wconf 85' lang='lat' dir='ltr'><strong>esset]</strong></span> <span class='ocrx_word' id='word_1_213' title='bbox 1173 1943 1227 1978; x_wconf 70' lang='lat' dir='ltr'><strong>ita</strong></span> <span class='ocrx_word' id='word_1_214' title='bbox 1250 1941 1275 1982; x_wconf 88' lang='lat' dir='ltr'><strong>i.</strong></span> <span class='ocrx_word' id='word_1_215' title='bbox 1297 1953 1329 1982; x_wconf 87' lang='lat' dir='ltr'><strong>e.</strong></span> <span class='ocrx_word' id='word_1_216' title='bbox 1354 1957 1399 1982; x_wconf 80' lang='lat' dir='ltr'><strong>ea</strong></span> <span class='ocrx_word' id='word_1_217' title='bbox 1420 1945 1508 1995; x_wconf 77' lang='lat' dir='ltr'><strong>leye,</strong></span> 
     </span>
     <span class='ocr_line' id='line_1_27' title="bbox 117 2006 1512 2059; baseline 0.004 -12"><span class='ocrx_word' id='word_1_218' title='bbox 117 2020 147 2047; x_wconf 93' lang='lat' dir='ltr'><strong>s.</strong></span> <span class='ocrx_word' id='word_1_219' title='bbox 178 2013 340 2046; x_wconf 79' lang='lat' dir='ltr'><strong>eatenus.</strong></span> <span class='ocrx_word' id='word_1_220' title='bbox 397 2007 661 2047; x_wconf 90' lang='lat' dir='ltr'><strong>Usitatissima</strong></span> <span class='ocrx_word' id='word_1_221' title='bbox 688 2006 876 2058; x_wconf 86' lang='lat' dir='ltr'><strong>loquendi</strong></span> <span class='ocrx_word' id='word_1_222' title='bbox 903 2007 1028 2056; x_wconf 89' lang='lat' dir='ltr'><strong>ratio,</strong></span> <span class='ocrx_word' id='word_1_223' title='bbox 1060 2020 1175 2059; x_wconf 92' lang='lat' dir='ltr'><strong>quam</strong></span> <span class='ocrx_word' id='word_1_224' title='bbox 1203 2009 1269 2048; x_wconf 78' lang='lat' dir='ltr'><strong>vix</strong></span> <span class='ocrx_word' id='word_1_225' title='bbox 1300 2010 1512 2052; x_wconf 88' lang='lat' dir='ltr'><strong>credideris</strong></span> 
     </span>
     <span class='ocr_line' id='line_1_28' title="bbox 117 2072 1510 2127; baseline 0.004 -13"><span class='ocrx_word' id='word_1_226' title='bbox 117 2075 391 2126; x_wconf 87' lang='lat' dir='ltr'><strong>interpretibus</strong></span> <span class='ocrx_word' id='word_1_227' title='bbox 420 2074 599 2127; x_wconf 89' lang='lat' dir='ltr'><strong>pluribus</strong></span> <span class='ocrx_word' id='word_1_228' title='bbox 631 2072 838 2113; x_wconf 86' lang='lat' dir='ltr'><strong>offensioni</strong></span> <span class='ocrx_word' id='word_1_229' title='bbox 867 2085 952 2112; x_wconf 90' lang='lat' dir='ltr'><strong>esse</strong></span> <span class='ocrx_word' id='word_1_230' title='bbox 983 2075 1178 2126; x_wconf 84' lang='lat' dir='ltr'><strong>potuisse3</strong></span> <span class='ocrx_word' id='word_1_231' title='bbox 1219 2081 1257 2114; x_wconf 90' lang='lat' dir='ltr'><strong>et</strong></span> <span class='ocrx_word' id='word_1_232' title='bbox 1286 2081 1414 2117; x_wconf 89' lang='lat' dir='ltr'><strong>tamen</strong></span> <span class='ocrx_word' id='word_1_233' title='bbox 1446 2091 1510 2119; x_wconf 85' lang='lat' dir='ltr'><strong>res</strong></span> 
     </span>
     <span class='ocr_line' id='line_1_29' title="bbox 117 2141 1512 2193; baseline 0.004 -12"><span class='ocrx_word' id='word_1_234' title='bbox 117 2142 174 2181; x_wconf 88' lang='lat' dir='ltr'><strong>ita</strong></span> <span class='ocrx_word' id='word_1_235' title='bbox 196 2153 238 2181; x_wconf 91' lang='lat' dir='ltr'><strong>se</strong></span> <span class='ocrx_word' id='word_1_236' title='bbox 259 2142 388 2181; x_wconf 86' lang='lat' dir='ltr'><strong>habet.</strong></span> <span class='ocrx_word' id='word_1_237' title='bbox 447 2141 671 2192; x_wconf 83' lang='lat' dir='ltr'><strong>Sequuntur</strong></span> <span class='ocrx_word' id='word_1_238' title='bbox 692 2145 819 2179; x_wconf 88' lang='lat' dir='ltr'><strong>autem</strong></span> <span class='ocrx_word' id='word_1_239' title='bbox 844 2153 945 2186; x_wconf 65' lang='lat' dir='ltr'><strong>cumn,</strong></span> <span class='ocrx_word' id='word_1_240' title='bbox 970 2146 1031 2186; x_wconf 78' lang='lat' dir='ltr'><strong>ut,</strong></span> <span class='ocrx_word' id='word_1_241' title='bbox 1054 2143 1087 2178; x_wconf 69' lang='lat' dir='ltr'><strong>si</strong></span> <span class='ocrx_word' id='word_1_242' title='bbox 1118 2142 1349 2193; x_wconf 87' lang='lat' dir='ltr'><strong>particulae.</strong></span> <span class='ocrx_word' id='word_1_243' title='bbox 1402 2145 1512 2186; x_wconf 82' lang='lat' dir='ltr'><strong>Infra</strong></span> 
     </span>
     <span class='ocr_line' id='line_1_30' title="bbox 120 2207 1512 2261; baseline 0.001 -12"><span class='ocrx_word' id='word_1_244' title='bbox 120 2211 192 2257; x_wconf 82' lang='lat'><strong>62,</strong></span> <span class='ocrx_word' id='word_1_245' title='bbox 223 2211 327 2247; x_wconf 83' lang='lat'>222:</span> <span class='ocrx_word' id='word_1_246' title='bbox 359 2220 511 2256; x_wconf 65' lang='lat' dir='ltr'><strong>gyravem</strong></span> <span class='ocrx_word' id='word_1_247' title='bbox 541 2213 750 2253; x_wconf 84' lang='lat' dir='ltr'><strong>oratorem,</strong></span> <span class='ocrx_word' id='word_1_248' title='bbox 780 2210 837 2245; x_wconf 68' lang='lat' dir='ltr'><strong>tta</strong></span> <span class='ocrx_word' id='word_1_249' title='bbox 867 2207 1077 2253; x_wconf 72' lang='lat' dir='ltr'><strong>duntaxat,</strong></span> <span class='ocrx_word' id='word_1_250' title='bbox 1110 2221 1191 2245; x_wconf 75' lang='lat' dir='ltr'><strong>cum</strong></span> <span class='ocrx_word' id='word_1_251' title='bbox 1221 2209 1264 2246; x_wconf 81' lang='lat' dir='ltr'><strong>de</strong></span> <span class='ocrx_word' id='word_1_252' title='bbox 1296 2223 1335 2248; x_wconf 88' lang='lat' dir='ltr'><strong>re</strong></span> <span class='ocrx_word' id='word_1_253' title='bbox 1363 2212 1512 2261; x_wconf 76' lang='lat' dir='ltr'><strong>publica</strong></span> 
     </span>
     <span class='ocr_line' id='line_1_31' title="bbox 119 2273 1512 2325; baseline 0.004 -13"><span class='ocrx_word' id='word_1_254' title='bbox 119 2276 266 2313; x_wconf 72' lang='lat' dir='ltr'><strong>diceret.</strong></span> <span class='ocrx_word' id='word_1_255' title='bbox 309 2275 386 2314; x_wconf 86' lang='lat' dir='ltr'><strong>Att.</strong></span> <span class='ocrx_word' id='word_1_256' title='bbox 408 2273 492 2315; x_wconf 92' lang='lat' dir='ltr'><strong>VII.</strong></span> <span class='ocrx_word' id='word_1_257' title='bbox 520 2274 590 2312; x_wconf 88' lang='lat'><strong>13:</strong></span> <span class='ocrx_word' id='word_1_258' title='bbox 620 2274 802 2325; x_wconf 84' lang='lat' dir='ltr'><strong>(bellum)</strong></span> <span class='ocrx_word' id='word_1_259' title='bbox 832 2277 888 2312; x_wconf 48' lang='lat' dir='ltr'><strong>‘ita</strong></span> <span class='ocrx_word' id='word_1_260' title='bbox 911 2275 1017 2312; x_wconf 74' lang='lat' dir='ltr'><strong>ctvtle</strong></span> <span class='ocrx_word' id='word_1_261' title='bbox 1042 2280 1113 2320; x_wconf 87' lang='lat' dir='ltr'><strong>est,</strong></span> <span class='ocrx_word' id='word_1_262' title='bbox 1143 2281 1185 2312; x_wconf 76' lang='lat' dir='ltr'><strong>ut</strong></span> <span class='ocrx_word' id='word_1_263' title='bbox 1208 2289 1283 2314; x_wconf 74' lang='lat' dir='ltr'><strong>non</strong></span> <span class='ocrx_word' id='word_1_264' title='bbox 1307 2290 1354 2314; x_wconf 72' lang='lat' dir='ltr'><strong>ex</strong></span> <span class='ocrx_word' id='word_1_265' title='bbox 1377 2281 1512 2318; x_wconf 73' lang='lat' dir='ltr'><strong>ctvtwm</strong></span> 
     </span>
     <span class='ocr_line' id='line_1_32' title="bbox 120 2340 1511 2391; baseline 0.004 -12"><span class='ocrx_word' id='word_1_266' title='bbox 120 2342 368 2387; x_wconf 71' lang='lat' dir='ltr'><strong>dissensione,</strong></span> <span class='ocrx_word' id='word_1_267' title='bbox 414 2340 478 2378; x_wconf 74' lang='lat' dir='ltr'><strong>sed</strong></span> <span class='ocrx_word' id='word_1_268' title='bbox 522 2353 569 2378; x_wconf 74' lang='lat' dir='ltr'><strong>ex</strong></span> <span class='ocrx_word' id='word_1_269' title='bbox 610 2343 723 2378; x_wconf 75' lang='lat' dir='ltr'><strong>unius</strong></span> <span class='ocrx_word' id='word_1_270' title='bbox 763 2341 900 2391; x_wconf 72' lang='lat' dir='ltr'><strong>perditi</strong></span> <span class='ocrx_word' id='word_1_271' title='bbox 943 2343 1035 2378; x_wconf 71' lang='lat' dir='ltr'><strong>ctvts</strong></span> <span class='ocrx_word' id='word_1_272' title='bbox 1074 2340 1238 2379; x_wconf 64' lang='lat' dir='ltr'><strong>audacia</strong></span> <span class='ocrx_word' id='word_1_273' title='bbox 1279 2349 1409 2382; x_wconf 72' lang='lat' dir='ltr'><strong>natum</strong></span> <span class='ocrx_word' id='word_1_274' title='bbox 1448 2349 1511 2386; x_wconf 70' lang='lat' dir='ltr'><strong>sit.</strong></span> 
     </span>
     <span class='ocr_line' id='line_1_33' title="bbox 120 2405 1514 2459; baseline 0.003 -12"><span class='ocrx_word' id='word_1_275' title='bbox 120 2408 208 2448; x_wconf 93' lang='lat' dir='ltr'><strong>XII.</strong></span> <span class='ocrx_word' id='word_1_276' title='bbox 237 2407 312 2447; x_wconf 82' lang='lat'><strong>51:</strong></span> <span class='ocrx_word' id='word_1_277' title='bbox 350 2407 445 2445; x_wconf 71' lang='lat' dir='ltr'><strong>nthtl</strong></span> <span class='ocrx_word' id='word_1_278' title='bbox 473 2413 526 2445; x_wconf 82' lang='lat' dir='ltr'><strong>est</strong></span> <span class='ocrx_word' id='word_1_279' title='bbox 554 2410 594 2445; x_wconf 74' lang='lat' dir='ltr'><strong>in</strong></span> <span class='ocrx_word' id='word_1_280' title='bbox 623 2421 667 2445; x_wconf 86' lang='lat' dir='ltr'><strong>ea</strong></span> <span class='ocrx_word' id='word_1_281' title='bbox 697 2405 925 2459; x_wconf 81' lang='lat' dir='ltr'><strong>(epistola),</strong></span> <span class='ocrx_word' id='word_1_282' title='bbox 955 2409 1031 2445; x_wconf 70' lang='lat' dir='ltr'><strong>nist</strong></span> <span class='ocrx_word' id='word_1_283' title='bbox 1056 2410 1184 2457; x_wconf 75' lang='lat' dir='ltr'><strong>optimi</strong></span> <span class='ocrx_word' id='word_1_284' title='bbox 1214 2411 1325 2456; x_wconf 77' lang='lat' dir='ltr'><strong>civis,</strong></span> <span class='ocrx_word' id='word_1_285' title='bbox 1364 2412 1429 2449; x_wconf 79' lang='lat' dir='ltr'><strong>sed</strong></span> <span class='ocrx_word' id='word_1_286' title='bbox 1460 2415 1514 2451; x_wconf 77' lang='lat' dir='ltr'><strong>ita</strong></span> 
     </span>
     <span class='ocr_line' id='line_1_34' title="bbox 122 2473 1514 2526; baseline 0.003 -14"><span class='ocrx_word' id='word_1_287' title='bbox 122 2477 273 2525; x_wconf 71' lang='lat' dir='ltr'><strong>optimi,</strong></span> <span class='ocrx_word' id='word_1_288' title='bbox 302 2479 343 2511; x_wconf 78' lang='lat' dir='ltr'><strong>ut</strong></span> <span class='ocrx_word' id='word_1_289' title='bbox 372 2479 552 2523; x_wconf 84' lang='lat' dir='ltr'><strong>tempora.</strong></span> <span class='ocrx_word' id='word_1_290' title='bbox 610 2474 711 2515; x_wconf 89' lang='lat' dir='ltr'><strong>Phil.</strong></span> <span class='ocrx_word' id='word_1_291' title='bbox 735 2474 784 2514; x_wconf 91' lang='grc' dir='ltr'><strong>ΙΙ.</strong></span> <span class='ocrx_word' id='word_1_292' title='bbox 817 2475 891 2523; x_wconf 79' lang='lat'><strong>34,</strong></span> <span class='ocrx_word' id='word_1_293' title='bbox 919 2473 992 2513; x_wconf 81' lang='lat'><strong>85:</strong></span> <span class='ocrx_word' id='word_1_294' title='bbox 1027 2476 1084 2511; x_wconf 71' lang='lat' dir='ltr'><strong>tta</strong></span> <span class='ocrx_word' id='word_1_295' title='bbox 1113 2487 1198 2512; x_wconf 85' lang='lat' dir='ltr'><strong>eras</strong></span> <span class='ocrx_word' id='word_1_296' title='bbox 1228 2478 1441 2526; x_wconf 80' lang='lat' dir='ltr'><strong>Lupercus,</strong></span> <span class='ocrx_word' id='word_1_297' title='bbox 1472 2485 1514 2516; x_wconf 77' lang='lat' dir='ltr'><strong>ut</strong></span> 
     </span>
     <span class='ocr_line' id='line_1_35' title="bbox 122 2540 1515 2591; baseline 0.003 -11"><span class='ocrx_word' id='word_1_298' title='bbox 122 2548 158 2579; x_wconf 83' lang='lat' dir='ltr'><strong>te</strong></span> <span class='ocrx_word' id='word_1_299' title='bbox 180 2541 364 2580; x_wconf 83' lang='lat' dir='ltr'><strong>consulem</strong></span> <span class='ocrx_word' id='word_1_300' title='bbox 389 2552 466 2577; x_wconf 88' lang='lat' dir='ltr'><strong>esse</strong></span> <span class='ocrx_word' id='word_1_301' title='bbox 487 2543 695 2578; x_wconf 69' lang='lat' dir='ltr'><strong>meminisse</strong></span> <span class='ocrx_word' id='word_1_302' title='bbox 718 2540 876 2578; x_wconf 81' lang='lat' dir='ltr'><strong>deberes.</strong></span> <span class='ocrx_word' id='word_1_303' title='bbox 933 2541 1073 2580; x_wconf 82' lang='lat' dir='ltr'><strong>Aecus.</strong></span> <span class='ocrx_word' id='word_1_304' title='bbox 1098 2541 1210 2582; x_wconf 84' lang='lat' dir='ltr'><strong>verr.</strong></span> <span class='ocrx_word' id='word_1_305' title='bbox 1232 2543 1296 2584; x_wconf 94' lang='lat' dir='ltr'><strong>IV.</strong></span> <span class='ocrx_word' id='word_1_306' title='bbox 1321 2545 1387 2591; x_wconf 88' lang='lat'><strong>67,</strong></span> <span class='ocrx_word' id='word_1_307' title='bbox 1414 2545 1515 2585; x_wconf 87' lang='lat'>150:</span> 
     </span>
     <span class='ocr_line' id='line_1_36' title="bbox 124 2605 1513 2657; baseline 0.003 -10"><span class='ocrx_word' id='word_1_308' title='bbox 124 2609 180 2647; x_wconf 70' lang='lat' dir='ltr'><strong>it&#39;a</strong></span> <span class='ocrx_word' id='word_1_309' title='bbox 207 2614 330 2646; x_wconf 81' lang='lat' dir='ltr'><strong>tamen</strong></span> <span class='ocrx_word' id='word_1_310' title='bbox 361 2606 512 2645; x_wconf 80' lang='lat' dir='ltr'><strong>laudent</strong></span> <span class='ocrx_word' id='word_1_311' title='bbox 541 2605 597 2656; x_wconf 87' lang='lat' dir='ltr'><strong>(te</strong></span> <span class='ocrx_word' id='word_1_312' title='bbox 617 2606 884 2657; x_wconf 86' lang='lat' dir='ltr'><strong>Mamertini),</strong></span> <span class='ocrx_word' id='word_1_313' title='bbox 912 2612 954 2645; x_wconf 79' lang='lat' dir='ltr'><strong>ut</strong></span> <span class='ocrx_word' id='word_1_314' title='bbox 975 2610 1094 2645; x_wconf 77' lang='lat' dir='ltr'><strong>Heius</strong></span> <span class='ocrx_word' id='word_1_315' title='bbox 1123 2608 1234 2645; x_wconf 77' lang='lat' dir='ltr'><strong>adsit.</strong></span> <span class='ocrx_word' id='word_1_316' title='bbox 1295 2608 1341 2648; x_wconf 85' lang='lat' dir='ltr'><strong>de</strong></span> <span class='ocrx_word' id='word_1_317' title='bbox 1371 2610 1437 2650; x_wconf 86' lang='lat' dir='ltr'><strong>Or.</strong></span> <span class='ocrx_word' id='word_1_318' title='bbox 1464 2611 1513 2651; x_wconf 86' lang='grc' dir='ltr'><strong>Π.</strong></span> 
     </span>
     <span class='ocr_line' id='line_1_37' title="bbox 126 2674 1515 2725; baseline 0.001 -11"><span class='ocrx_word' id='word_1_319' title='bbox 126 2676 198 2722; x_wconf 82' lang='grc'><strong>38,</strong></span> <span class='ocrx_word' id='word_1_320' title='bbox 226 2674 326 2714; x_wconf 81' lang='lat'>159:</span> <span class='ocrx_word' id='word_1_321' title='bbox 358 2674 455 2724; x_wconf 74' lang='lat' dir='ltr'><strong>quod</strong></span> <span class='ocrx_word' id='word_1_322' title='bbox 478 2676 512 2711; x_wconf 71' lang='lat' dir='ltr'><strong>si</strong></span> <span class='ocrx_word' id='word_1_323' title='bbox 535 2676 617 2723; x_wconf 76' lang='lat' dir='ltr'><strong>quis</strong></span> <span class='ocrx_word' id='word_1_324' title='bbox 639 2675 831 2724; x_wconf 76' lang='lat' dir='ltr'><strong>probabit,</strong></span> <span class='ocrx_word' id='word_1_325' title='bbox 862 2676 916 2712; x_wconf 70' lang='lat' dir='ltr'><strong>ita</strong></span> <span class='ocrx_word' id='word_1_326' title='bbox 941 2675 1133 2725; x_wconf 71' lang='lat' dir='ltr'><strong>probabit,</strong></span> <span class='ocrx_word' id='word_1_327' title='bbox 1161 2681 1202 2713; x_wconf 80' lang='lat' dir='ltr'><strong>ut</strong></span> <span class='ocrx_word' id='word_1_328' title='bbox 1224 2679 1368 2714; x_wconf 70' lang='lat' dir='ltr'><strong>oratori</strong></span> <span class='ocrx_word' id='word_1_329' title='bbox 1390 2682 1515 2715; x_wconf 79' lang='lat' dir='ltr'><strong>tamen</strong></span> 
     </span>
     <span class='ocr_line' id='line_1_38' title="bbox 126 2741 1515 2795; baseline 0.001 -15"><span class='ocrx_word' id='word_1_330' title='bbox 126 2747 257 2792; x_wconf 73' lang='lat' dir='ltr'><strong>aptum</strong></span> <span class='ocrx_word' id='word_1_331' title='bbox 282 2754 356 2780; x_wconf 80' lang='lat' dir='ltr'><strong>non</strong></span> <span class='ocrx_word' id='word_1_332' title='bbox 384 2754 461 2780; x_wconf 86' lang='lat' dir='ltr'><strong>esse</strong></span> <span class='ocrx_word' id='word_1_333' title='bbox 489 2741 670 2789; x_wconf 76' lang='lat' dir='ltr'><strong>fateatur.</strong></span> <span class='ocrx_word' id='word_1_334' title='bbox 729 2741 829 2794; x_wconf 84' lang='lat' dir='ltr'><strong>Top.</strong></span> <span class='ocrx_word' id='word_1_335' title='bbox 864 2743 935 2795; x_wconf 84' lang='lat'><strong>19,</strong></span> <span class='ocrx_word' id='word_1_336' title='bbox 963 2743 1040 2782; x_wconf 85' lang='lat'><strong>72:</strong></span> <span class='ocrx_word' id='word_1_337' title='bbox 1070 2744 1247 2793; x_wconf 60' lang='lat' dir='ltr'><strong>quoniam</strong></span> <span class='ocrx_word' id='word_1_338' title='bbox 1277 2742 1327 2781; x_wconf 82' lang='lat' dir='ltr'><strong>ad</strong></span> <span class='ocrx_word' id='word_1_339' title='bbox 1359 2748 1392 2781; x_wconf 77' lang='lat' dir='ltr'><strong>te</strong></span> <span class='ocrx_word' id='word_1_340' title='bbox 1424 2743 1515 2782; x_wconf 75' lang='lat' dir='ltr'><strong>haec</strong></span> 
     </span>
    </p>
   </div>
  </div>
 </body>
</html>
