1892 3116
248 241 321 270 xiv
764 224 1124 269 PRAEFATIO.

250 340 290 380 iu
318 338 367 379 de
396 336 464 378 Or.
490 333 538 375 ll.
566 335 639 383 17,
669 334 761 385 72.;
790 349 871 378 non
897 338 1131 379 adulescens
1162 343 1199 378 et
1228 336 1417 390 epistula.
1459 334 1635 379 Nomina

252 418 291 458 in
331 418 426 457 ilius
465 426 665 468 nusquam
706 412 801 454 dedi
841 415 853 454 l
893 414 1120 470 duplicato,
1161 414 1383 457 secundum
1415 428 1488 464 ea,
1529 428 1634 470 quae

249 495 330 535 dixi
363 495 404 534 in
427 490 642 547 Explicatt.
671 490 723 532 ad
748 490 797 532 de
825 489 894 533 Or.
917 490 985 533 111.
1012 491 1086 542 43,
1111 492 1206 535 171.
1258 493 1485 545 Exspecto,
1519 499 1634 533 exsto

249 579 288 614 et
318 570 472 613 similia
497 570 681 625 quamvis
714 575 858 610 eontra
878 569 1009 612 libros
1035 569 1183 612 multos
1215 570 1438 612 scribenda
1467 577 1505 612 et
1529 571 1634 612 ratio

248 650 397 691 evincit
426 661 502 690 nec
526 646 714 703 prohibet
739 645 982 697 Quintiliani
1016 647 1242 696 decretum,
1274 649 1360 702 qui,
1394 661 1483 689 cum
1506 660 1523 688 s
1554 661 1636 689 non

248 727 381 769 audiri
419 726 536 775 dicit,
582 725 701 767 simul
740 738 765 767 a
796 725 933 767 multis
972 724 1096 767 scribi
1137 725 1299 767 fatetur.
1360 723 1467 775 Quid
1498 726 1636 766 enim}

247 804 413 855 Nonne,
446 806 481 846 si
508 812 602 846 exto
627 803 839 853 scribitur,
872 804 992 845 etiam
1021 805 1168 846 eoeolvo
1200 803 1374 845 dandum
1407 809 1445 845 et
1469 804 1636 856 expolio

248 891 285 926 et
311 895 447 936 expes,
475 882 582 937 quod
609 883 814 937 posterius
840 883 927 923 sive
953 880 1222 923 Buttmannus
1251 882 1338 923 sive
1364 879 1636 937 Spaldingius

246 964 288 1003 in
314 960 568 1012 Quintiliano
601 960 784 1010 admisit,
815 961 934 1014 quasi
965 954 1115 1002 ἄποδα
1146 959 1481 1013 significaturus?

358 1037 419 1080 Ne
464 1038 567 1079 illud
613 1037 774 1092 quidem
818 1037 997 1093 prudens
1042 1050 1137 1079 esse
1192 1037 1373 1079 iudicavi
1421 1036 1636 1079 discedere

248 1131 272 1159 a
302 1122 469 1172 recepta
499 1117 702 1171 scriptura
732 1116 774 1156 in
803 1114 1077 1156 assimilanda
1106 1116 1427 1170 praepositione.
1485 1112 1638 1157 Libro-

245 1208 332 1237 rum
357 1206 585 1237 consensus
611 1206 692 1236 non
718 1200 800 1243 est,
835 1194 876 1234 in
901 1192 1029 1235 titulis
1053 1205 1152 1234 rara
1175 1193 1364 1249 exempla
1387 1200 1635 1249 comparent,

244 1275 468 1329 rescriptos
506 1272 673 1314 codices
712 1271 778 1313 hic
817 1271 904 1313 illic
944 1271 996 1313 ab
1037 1272 1281 1327 antiquariis
1317 1278 1527 1314 correctos
1566 1284 1635 1313 su-

246 1353 377 1408 spicio
409 1352 573 1392 minime
604 1350 838 1406 spernenda
866 1349 1048 1399 videtur,
1087 1350 1193 1392 ratio
1228 1349 1424 1404 ambigua
1454 1356 1539 1400 est,
1578 1350 1637 1391 ita

246 1431 337 1471 usui
392 1436 431 1471 et
481 1429 843 1482 grannnatieorum
886 1435 1069 1471 veterum
1119 1428 1353 1470 auctoritati
1397 1428 1635 1483 parendum.

246 1507 421 1563 Semper
464 1507 589 1560 igitur
625 1507 774 1562 scripsi
812 1519 1012 1559 αφιοεοο,
1056 1507 1210 1559 affero,
1250 1518 1423 1558 afflare,
1467 1507 1634 1554 allatus,

246 1593 499 1638 appui-alm,
532 1586 703 1637 aspicio,
736 1586 922 1632 attendo,
955 1586 997 1625 in
1029 1583 1176 1639 quibus
1206 1583 1304 1626 boni
1335 1582 1430 1625 libri
1462 1583 1635 1626 subinde

246 1663 511 1711 dissentiunt,
554 1662 665 1703 velut
704 1663 751 1711 2,
776 1662 814 1703 7.
857 1661 905 1711 5,
937 1661 1012 1703 18:
1058 1662 1108 1704 cf.
1147 1660 1395 1704 Schneideri
1439 1661 1507 1704 Gr.
1542 1661 1634 1705 Lat.

245 1740 325 1783 vol.
345 1739 394 1780 ΙΙ.
427 1754 462 1795 p.
487 1738 606 1789 5290,
639 1753 800 1795 semper
830 1741 994 1793 εοῖῖυῃα,
1026 1743 1214 1788 immuto,
1247 1743 1447 1794 surripio.
1507 1740 1637 1784 Plane

247 1819 477 1861 solitarium
518 1819 559 1858 iu
597 1817 716 1859 libris
758 1825 819 1860 est
860 1820 1122 1872 subfruqium
1160 1820 1235 1868 62,
1276 1819 1371 1859 222.
1431 1820 1557 1872 Abfut'
1599 1827 1638 1862 et

248 1898 339 1951 afui
379 1910 468 1939 eum
509 1897 621 1938 iuxta
663 1900 816 1938 usitata
855 1897 985 1940 fuisse
1023 1897 1262 1946 videantur,
1309 1897 1487 1950 singulis
1530 1897 1637 1940 locis

184 2022 188 2023 ⁷
246 1974 586 2031 pronuntiambun
617 1982 679 2017 est
709 1975 933 2018 seeundum
962 1975 1118 2026 libros,
1148 1975 1258 2018 velut
1290 1975 1364 2025 71,
1395 1974 1490 2018 248.
1552 1974 1637 2018 Sed

247 2067 460 2095 anzmoneo
492 2061 702 2109 peccatum
732 2061 793 2096 est
825 2053 1053 2096 scribarum
1084 2052 1280 2096 Italorum
1309 2052 1357 2103 4,
1390 2053 1455 2095 15.

357 2131 458 2173 Alia
494 2139 604 2182 sunt,
649 2146 753 2187 quae
790 2139 1028 2175 constanter
1063 2145 1143 2175 uno
1175 2132 1296 2175 modo
1338 2131 1466 2174 scribi
1502 2145 1554 2173 ne
1596 2134 1637 2174 in

246 2209 421 2263 singulis
456 2209 619 2264 quidem
646 2208 863 2251 Ciceronis
893 2210 1014 2252 libris
1044 2210 1161 2259 licet,
1198 2224 1280 2252 non
1310 2209 1443 2252 solum
1474 2216 1638 2266 propter

247 2288 414 2329 codices
457 2289 499 2328 in
538 2287 624 2328 alia
655 2289 792 2329 omnia
831 2287 1113 2338 discedentes,
1156 2288 1230 2330 sed
1261 2289 1357 2344 quia
1389 2288 1534 2330 eadem
1566 2302 1637 2330 ae-

246 2372 326 2407 tate
359 2366 526 2406 diversa
554 2366 840 2419 pronuntiandi
879 2368 985 2408 ratio
1021 2368 1162 2420 viguit.
1223 2366 1376 2408 Horum
1409 2367 1637 2422 exemplum

247 2443 615 2484 luculentissimum
654 2451 715 2485 est
756 2458 882 2487 sonus
920 2444 1079 2486 medius
1119 2447 1224 2486 inter
1263 2447 1278 2485 i
1309 2451 1347 2485 et
1376 2458 1427 2491 u,
1473 2445 1636 2498 agnitus

248 2521 318 2563 ille
352 2521 403 2562 ab
429 2522 573 2562 artium
604 2523 893 2577 scriptoribus3
922 2525 990 2579 qui
1015 2524 1189 2564 maxime
1216 2523 1394 2563 cernitur
1420 2523 1461 2563 iu
1487 2522 1636 2565 finitio-

249 2599 368 2641 nibus
408 2598 761 2654 superlativorum.
820 2602 1065 2657 Quanquam
1095 2600 1202 2643 hnne
1233 2600 1395 2655 quidem
1439 2602 1481 2641 in
1509 2600 1635 2643 Bruto

250 2691 411 2732 semper
441 2678 481 2717 iu
510 2690 630 2718 umus
662 2681 774 2720 exire
805 2681 930 2731 iussi,
962 2681 1059 2735 quia
1088 2678 1193 2721 haec
1222 2681 1452 2721 terminatio
1483 2686 1634 2721 tantum

249 2768 329 2797 non
362 2755 455 2796 sola
486 2762 615 2797 exstat
652 2757 693 2796 in
724 2756 821 2799 Ven.
856 2759 892 2799 l.
933 2756 1067 2801 Ottob.
1107 2756 1183 2811 Lg.
1209 2757 1248 2800 8.
1278 2758 1372 2810 51.;
1409 2758 1507 2809 sed,
1546 2771 1633 2799 cum
