1835 3126
347 228 428 270 AD
461 227 573 269 (210.
604 226 871 271 BRUTUM
904 231 1022 275 GAP.
1046 234 1114 277 32.
1138 235 1204 277 33.
1228 234 1295 277 34.
1407 237 1524 282 325

128 341 235 380 fusas
263 340 383 392 vulgo
413 339 584 382 retentas
615 341 728 383 docet
755 343 895 383 mentio
925 344 1004 385 loci
1030 346 1137 387 illius
1167 348 1271 400 apud
1293 348 1522 390 Ciceronem

127 407 163 447 Kc
191 407 386 447 rhetorem
414 408 714 449 Herennianum.
776 411 933 451 Monuit
959 414 1202 465 Bernhardy.

235 473 420 515 XXXIII.
481 477 572 516 125.
634 478 673 515 G.
705 480 911 529 Gracchus]
942 492 978 521 v.
1008 480 1197 531 Prolegg.
1230 479 1267 532 §-
1303 484 1369 521 20.

232 542 273 579 in
310 542 496 592 manibus]
538 543 586 583 de
622 544 696 584 hac
735 545 933 585 locutione
963 547 1044 597 egit
1075 546 1325 587 Gernhardus
1357 547 1408 587 ad
1435 547 1518 590 Cic.

122 607 235 648 Lael.
263 610 337 656 27,
370 611 461 649 102.

238 676 330 714 126.
389 689 501 725 quam
532 676 593 713 ille
623 677 751 727 facile]
791 690 869 718 non
898 683 976 718 tam
1004 679 1249 731 hyperbaton
1277 684 1358 728 est,
1400 692 1516 732 quam

120 741 314 790 inversio,
357 753 435 792 qua
471 742 668 794 particula
707 743 1014 801 σχετλιαστική
1052 746 1101 785 ab
1142 758 1188 786 eo
1225 747 1418 787 vocabulo
1455 747 1515 787 (li-

118 807 289 855 rimitur,
323 807 363 846 in
394 819 469 859 quo
504 821 622 849 sonus
654 815 712 850 est
751 812 875 852 minus
908 814 1043 864 gravis
1076 813 1249 865 quidem,
1290 814 1359 853 sed
1387 819 1516 854 tamen

118 874 281 925 aliquis:
319 874 423 914 haud
463 877 564 916 enim
602 877 722 917 facile
751 877 827 919 duo
865 881 987 920 verba
1021 892 1106 920 cum
1136 892 1232 920 sono
1262 881 1515 932 pronuntiata

116 940 226 980 iuxta
264 942 358 993 poni
389 942 527 983 solent.
589 943 670 985 Cic.
699 945 813 985 Lael.
842 948 888 994 3,
923 948 993 986 10;
1034 959 1146 996 quam
1176 947 1216 983 td
1246 952 1342 984 recte
1369 947 1514 993 faciam

113 1008 275 1046 viderint
302 1012 502 1059 sapientes.
547 1011 600 1049 ib.
633 1012 668 1066 ξ.
698 1013 769 1050 11:
801 1025 914 1062 quam
936 1018 1060 1050 autem
1083 1014 1227 1049 civitati
1249 1025 1361 1048 carus
1382 1012 1511 1059 fuerit.

116 1076 188 1122 17,
219 1076 293 1114 63:
334 1076 486 1125 quidam
520 1088 631 1125 saepe
665 1079 705 1114 in
739 1090 861 1126 parva
898 1080 1056 1127 pecunia
1093 1080 1369 1127 perspiciuntur
1398 1091 1512 1128 quam

112 1144 188 1178 sint
217 1141 324 1178 leves.
367 1140 428 1180 Ad
456 1140 545 1182 Div.
570 1142 654 1183 VII.
680 1144 751 1182 31:
782 1156 895 1193 quam
923 1145 1014 1182 mim
1044 1157 1155 1182 carus
1185 1157 1294 1181 esses.
1337 1144 1437 1186 VIII.
1465 1146 1510 1184 1:

115 1220 228 1257 quam
268 1207 437 1245 omnibus
473 1210 795 1258 pereyrlnantibus
832 1216 985 1259 matum
1012 1213 1074 1248 sit.
1132 1210 1202 1249 IX.
1234 1211 1260 1249 6
1289 1222 1355 1249 m.:
1397 1224 1510 1261 (ptam

111 1273 207 1311 {llud
240 1276 371 1323 inyens
409 1276 564 1313 niallam.
621 1275 727 1316 XIII.
760 1277 835 1315 26:
876 1289 989 1327 (suam
1025 1277 1065 1315 td
1094 1276 1308 1324 beneficium·
1336 1277 1424 1315 bene
1453 1299 1508 1304 —

109 1343 300 1391 positurus
329 1353 438 1379 esses.

222 1420 358 1445 manus
402 1408 585 1458 extrema]
634 1422 820 1447 summam
867 1422 1020 1449 manum
1066 1409 1347 1459 Quintilianum
1389 1409 1509 1449 habet

109 1484 284 1526 prooem.
314 1473 344 1513 1.
374 1474 414 1513 4.
462 1474 512 1514 Χ.
548 1476 591 1524 l,
619 1476 688 1515 97.
721 1476 958 1527 coniungens
991 1489 1075 1517 cum
1098 1477 1228 1518 verbis
1259 1479 1446 1527 imponere
1470 1481 1508 1517 et

107 1542 240 1579 deesse.

223 1608 317 1647 127.
377 1607 504 1645 cecidit
535 1610 573 1646 in
603 1607 728 1657 cursu]
759 1621 784 1647 a
814 1620 930 1649 cursu
959 1605 1175 1664 σταδιαίῳ
1200 1608 1351 1648 Graeco
1377 1608 1504 1659 magis

108 1687 223 1727 quam
241 1674 505 1714 Romanorum
521 1686 627 1714 more
644 1675 884 1728 desumptum
900 1676 1057 1716 dicitur:
1079 1676 1129 1715 cf.
1146 1687 1177 1715 c.
1198 1677 1233 1723 1,
1252 1677 1289 1716 3.
1319 1676 1386 1722 67,
1407 1673 1504 1714 236.

106 1742 339 1794 Quanquam
370 1742 484 1780 etiam
515 1754 540 1780 a
561 1742 716 1782 navium
738 1754 857 1783 cursu
880 1743 1032 1783 deflexa
1057 1743 1201 1782 similia
1229 1742 1435 1792 leguntur,
1467 1745 1504 1781 et

105 1810 349 1850 coniunctum
376 1812 581 1860 utrumque
609 1810 831 1849 tralationis
861 1822 986 1861 genus
1017 1809 1121 1862 apud
1150 1808 1323 1848 Tullium
1353 1807 1401 1847 de
1432 1808 1499 1847 Or.

104 1876 170 1916 111.
193 1879 239 1924 2,
263 1877 321 1922 7.;
362 1886 439 1926 quo
480 1874 569 1915 loco
607 1876 744 1915 inanes
774 1877 969 1916 hominum
1007 1875 1271 1915 contentiones
1308 1876 1349 1912 'in
1378 1873 1499 1912 medlo

101 1945 226 1993 spatio
268 1955 379 1991 saepe
412 1942 543 1991 frangi
579 1948 614 1979 et
650 1955 822 1981 corruere
855 1942 1056 1990 (licuntur,
1098 1947 1164 1979 aut
1199 1943 1240 1979 in
1276 1943 1358 1991 ipso
1389 1953 1535 1978 cursu=

102 2010 229 2054 obrui,
261 2013 460 2058 aratequam
488 2014 637 2058 portum
668 2012 878 2059 conspicere
902 2011 1106 2060 potuerint.

211 2077 252 2113 in
290 2075 442 2124 collegio
479 2075 727 2124 sacerdotum]
768 2076 1013 2124 sacerdotes,
1057 2074 1123 2126 qui
1159 2072 1310 2124 aliquid
1341 2072 1498 2112 commi-

99 2144 258 2191 sissent,
289 2140 556 2193 pontificibus,
586 2142 626 2180 hi
655 2146 783 2181 autem
812 2143 958 2193 singuli
986 2141 1157 2191 collegio
1182 2140 1374 2179 rationem
1402 2139 1498 2178 facti

96 2209 314 2249 reddidisse
346 2208 438 2247 olim
461 2207 662 2255 videntur,
693 2209 801 2248 cuius
830 2210 889 2248 rei
910 2210 1097 2260 Meyerus
1117 2207 1376 2246 testimonium
1398 2205 1496 2245 Dio-

99 2276 199 2328 nysii
220 2274 396 2314 laudavit
416 2276 504 2314 Ant.
522 2275 568 2314 R.
592 2274 639 2314 II.
659 2276 731 2314 73:
756 2270 799 2315 οἱ
823 2271 1081 2330 ποντίφικές
1107 2269 1218 2314 εἰσιν
1243 2267 1495 2314 ἀνυπεύθυ-

98 2357 167 2383 νοι
194 2336 343 2393 πάσης
373 2336 497 2395 δίκης
525 2355 572 2382 τε
603 2338 676 2383 καὶ
709 2338 864 2395 ζημίας
888 2334 989 2383 οὔτε
1014 2339 1156 2396 βουλῇ
1182 2335 1312 2392 λόγον
1334 2334 1494 2379 ἀποδι-

100 2404 248 2457 δόντες
278 2402 378 2448 οἷὲτε
409 2405 547 2462 δήμῳ.
755 2451 759 2454 ,

211 2475 393 2516 XXXIV.
456 2476 549 2515 128.
610 2478 652 2511 Ρ.
695 2475 842 2525 Scipio]
887 2474 1056 2514 Nasicae
1102 2472 1331 2526 Serapionis
1375 2470 1491 2518 filius,

98 2542 235 2583 consul
279 2554 364 2582 cum
408 2543 452 2582 L.
500 2541 713 2594 Calpurnio
756 2542 891 2581 Bestia
935 2555 971 2581 a.
1011 2543 1107 2582 643.
1171 2542 1281 2581 Hunc
1317 2537 1491 2578 Bestiam

98 2609 234 2650 laudat
257 2609 418 2657 Cicero,
450 2614 491 2648 ut
513 2610 558 2649 L.
587 2609 799 2661 Opimium,
833 2609 978 2661 quippe
998 2609 1238 2662 optimatium
1260 2616 1489 2659 propugna-

96 2682 224 2717 tores:
253 2677 456 2729 utriusque
486 2681 523 2717 et
552 2676 746 2717 crudelem
777 2681 814 2716 et
841 2676 1019 2717 venalem
1049 2675 1217 2715 animum
1246 2673 1315 2713 alii
1346 2671 1490 2711 rectius

96 2748 344 2793 notaverunt,
383 2744 488 2786 velut
527 2744 566 2784 in
604 2744 739 2785 Bestia
778 2743 1009 2793 Sallustius,
1052 2742 1187 2784 Livius
1221 2740 1322 2793 epit.
1351 2738 1490 2781 LXIV.
