1835 3126
332 241 414 285 AD
447 239 560 283 CIC.
590 238 855 282 BRUTUM
887 238 1007 282 CAP.
1030 238 1097 281 58.
1121 238 1187 281 59.
1210 237 1277 281 60.
1372 237 1503 284 :399

227 356 320 396 212.
380 356 439 394 hic
476 355 617 406 Scipio]
663 353 712 404 Q.
754 353 951 395 Caecilius
994 352 1181 394 Metellus
1223 352 1316 392 Pius
1355 350 1504 404 Scipio,

115 433 228 463 socer
265 427 303 462 et
333 421 492 473 collega
519 422 695 475 Pompeii
731 422 846 461 tertio
875 420 1081 460 consulatu
1114 431 1149 457 a.
1181 420 1281 466 702,
1318 419 1430 458 Bruti
1463 419 1504 458 in

113 489 350 542 pontificatu.
410 489 608 529 Interfecit
628 501 670 529 se
696 493 785 541 post
806 498 977 539 pugnam
1008 485 1058 524 ad
1080 484 1278 536 Thapsum
1307 486 1346 524 in
1367 486 1505 525 Africa

113 570 149 596 a.
177 558 271 597 708.
320 558 523 609 Pronepos
554 562 638 596 erat
666 556 710 595 P.
735 554 932 606 Scipionis
957 552 1127 592 Nasicae
1156 551 1406 604 Serapionis,
1437 553 1504 603 qui

114 624 175 663 Ti.
211 625 427 664 Gracchum
464 623 678 669 interfecit,
723 625 760 660 et
801 620 1010 672 adoptione
1048 619 1204 659 Metelli
1238 619 1300 659 Pii
1339 620 1378 658 in
1419 620 1503 658 eius

112 691 301 731 familiam
338 695 516 738 venerat,
556 701 634 742 qua
668 699 712 727 re
745 688 1006 725 Cornelianum
1044 685 1121 725 dici
1159 686 1384 738 oportebat,
1427 686 1503 725 nisi

113 760 293 809 antiquus
327 758 442 796 etiam
477 757 518 795 in
545 755 761 795 nominibus
793 754 1056 794 Romanorum
1086 765 1167 793 mos
1200 758 1289 793 tunc
1326 754 1403 792 iam
1432 753 1502 793 oh-

110 824 263 864 literari
289 824 493 875 coepisset.
539 823 752 863 Stemmata
770 822 1009 862 Liciniorum
1038 821 1259 861 Muciorum
1290 820 1323 859 δι
1347 821 1502 872 Scipio-

111 903 197 930 rum
235 890 445 931 affinitates
484 890 664 931 docentia
699 885 912 929 Wetzelius
946 887 1051 928 dedit
1086 889 1125 927 in
1161 887 1242 928 Cic.
1280 887 1365 927 Cat.
1402 888 1502 928 Mai.

110 958 150 997 8.
182 963 219 997 et
251 959 314 997 10.

223 1024 327 1064 LIX.
387 1025 481 1064 214.
539 1030 581 1062 ut
606 1022 826 1073 Sulpicium]
857 1021 1044 1071 Meyerus
1068 1021 1286 1071 Augustum
1307 1019 1504 1059 Matthiae

112 1097 281 1140 secutus,
322 1091 389 1142 qui
424 1091 464 1128 in
494 1089 589 1129 diss.
621 1088 669 1128 de
698 1087 943 1128 anacoluthis
973 1086 1077 1139 apud
1108 1087 1335 1128 Ciceronem
1363 1099 1402 1139 p.
1437 1089 1501 1126 11.

109 1159 200 1198 huic
232 1157 408 1209 exemplo
448 1155 714 1196 diversissima
744 1153 960 1203 contendit,
996 1154 1212 1194 orationem
1242 1154 1505 1194 anacoluthon

111 1237 197 1265 esse
225 1230 353 1277 putat3
388 1223 513 1276 quod,
543 1223 616 1264 etsi
645 1222 722 1263 dici
748 1222 874 1275 potuit
902 1224 942 1259 tn
965 1222 1151 1270 Sulptcto,
1182 1223 1222 1258 tn
1245 1222 1430 1267 Antonio,
1460 1225 1503 1260 ut

109 1293 178 1332 ille
200 1292 301 1340 vult,
330 1303 464 1332 verum
486 1296 614 1330 tamen
642 1302 721 1330 non
746 1294 815 1329 est.
873 1287 1190 1328 Subaudiendum
1219 1288 1320 1326 enim
1342 1288 1503 1327 verbum

109 1360 295 1397 vidimus.-
325 1371 417 1408 quos
440 1356 656 1409 (oratores)
685 1369 822 1407 parum
846 1356 905 1393 hts
928 1358 1130 1393 instructos
1154 1354 1298 1393 artibus
1325 1354 1501 1400 vidimus,

108 1431 151 1463 ut
179 1426 388 1475 Sulpicium
416 1424 597 1469 vidimus,
627 1428 669 1460 ut
697 1424 916 1460 Antonium.

222 1491 317 1532 215.
375 1493 488 1541 paria
505 1513 556 1519 -—
570 1488 778 1540 superiora]
804 1488 920 1540 paria
933 1488 1148 1540 pleraeque
1161 1488 1392 1529 inventionis
1408 1500 1502 1540 par-

108 1564 165 1599 tes
196 1557 399 1610 dispositio
429 1557 635 1605 memoria,
665 1556 873 1608 superiora
896 1568 961 1595 ars
984 1555 1259 1597 movendorum
1288 1556 1503 1595 animorum

110 1630 147 1665 et
176 1625 278 1664 actio
303 1624 436 1675 gravis
460 1629 497 1664 et
522 1623 572 1663 ad
594 1623 967 1663 commiserationem
989 1622 1233 1662 excitandam
1257 1627 1367 1675 apta,
1399 1623 1503 1675 quod

109 1704 232 1744 genus
269 1692 461 1731 orationis
491 1690 657 1731 Crassus
695 1690 776 1731 sive
815 1694 958 1729 natura
996 1690 1078 1730 sive
1117 1690 1281 1729 consilio
1312 1702 1502 1743 asperna-

108 1761 224 1800 batur
253 1758 454 1810 dignitatis
483 1758 560 1799 viri
586 1758 628 1796 in
656 1768 700 1797 re
729 1756 889 1810 publica
920 1757 1107 1809 principis
1136 1757 1319 1796 retinens.

220 1826 306 1867 LX.
364 1826 460 1865 216.
518 1826 602 1874 quis
630 1824 840 1874 loqueretur
864 1837 883 1861 e
911 1823 1034 1872 lintre]
1073 1827 1231 1862 notatur
1264 1824 1439 1872 frequens
1467 1829 1501 1860 et

107 1896 295 1933 concitata
323 1894 363 1930 in
390 1897 586 1941 utramque
613 1896 759 1940 partem
788 1892 954 1934 natatio,
986 1900 1087 1940 quae
1117 1894 1204 1928 sunt
1231 1889 1354 1929 verba
1379 1889 1502 1939 Quin-

106 1961 235 2001 tiliani
272 1958 340 1999 XI.
372 1959 418 2006 3,
460 1959 553 1998 129.
595 1956 795 1997 Ciceronis
831 1956 1097 1996 narrationem
1131 1957 1171 1995 in
1207 1956 1365 1997 brevius
1407 1968 1502 1996 con-

105 2031 269 2067 tractam
308 2024 551 2077 apponentis.
612 2023 691 2064 Sed
731 2035 779 2063 ea
812 2024 962 2063 nutatio
998 2024 1151 2063 minime
1187 2024 1356 2075 speciem
1383 2024 1502 2062 remi-

106 2093 235 2146 gantis
265 2093 448 2145 praebet,
477 2097 519 2131 ut
541 2091 707 2142 Meyero
735 2091 879 2138 visum,
911 2101 1024 2142 quem
1054 2089 1157 2142 apud
1179 2090 1380 2130 Helvetios
1409 2102 1501 2130 suos

105 2161 361 2212 remigantem
381 2159 526 2200 vidisse
548 2158 737 2198 neminem
757 2157 842 2198 veri
864 2156 1008 2205 simile,
1035 2156 1104 2196 sed
1126 2157 1168 2196 in
1188 2156 1306 2196 lintre
1326 2157 1501 2197 fluitante

106 2229 262 2275 stantis,
303 2226 388 2277 qui,
419 2236 504 2265 cum
532 2230 695 2277 propter
721 2224 918 2265 levitatem
946 2223 1125 2272 vacillet,
1166 2224 1283 2263 etiam
1309 2225 1501 2264 hominem

106 2297 253 2335 incerto
283 2293 451 2343 vestigio
481 2292 551 2331 niti
581 2292 700 2343 cogit.

223 2362 288 2399 Gn..
325 2360 506 2409 Sicinius]
551 2359 728 2399 tribunus
770 2357 898 2410 plebis
939 2357 1014 2397 fuit
1050 2357 1213 2398 Octavio
1252 2362 1289 2398 et
1327 2357 1499 2399 Curione

108 2428 331 2469 consulibus
370 2439 407 2466 a.
436 2427 531 2466 678.
589 2426 649 2466 De
689 2426 896 2465 dicacitate
925 2425 1009 2464 eius
1050 2425 1310 2465 testimonium
1345 2426 1499 2477 insigne

106 2496 224 2536 habet
249 2494 482 2535 Plutarchus
514 2492 659 2534 Crasso
690 2505 722 2533 c.
753 2495 813 2540 7.;
845 2492 974 2532 attulit
1000 2493 1199 2544 Meyerus.

221 2563 315 2601 217.
371 2561 622 2611 produxisset]
661 2560 912 2613 produxisset
948 2560 988 2599 in
1017 2561 1235 2600 contionem
1271 2558 1403 2609 ibique
1438 2557 1498 2597 di-

108 2628 219 2669 cendi
260 2632 492 2681 potestatem
534 2627 724 2676 dedisset3
770 2628 825 2666 sic
868 2631 974 2667 recte
1019 2627 1243 2679 explicabat
1284 2625 1497 2667 Wetzelius

108 2695 316 2736 secundum
350 2695 569 2736 Manutium
607 2694 658 2735 ad
688 2696 755 2735 Or.
786 2707 824 2747 p.
855 2694 964 2735 Sext.
995 2694 1069 2742 50,
1098 2695 1192 2735 107.
1248 2693 1292 2732 In
1329 2693 1496 2733 concilio

107 2763 207 2804 enim
244 2763 412 2803 tribuum
447 2774 524 2803 non
560 2762 704 2803 licebat
739 2762 869 2803 dicere
903 2762 979 2801 nisi
1006 2761 1171 2802 tribunis
1202 2760 1322 2809 solis;
1356 2759 1425 2802 sed
1459 2764 1498 2800 et
