1835 3126
414 231 497 275 AD
531 230 648 273 CIC.
677 230 946 276 BRUTUM
990 234 1108 278 CAP.
1140 236 1207 278 35.
1400 238 1508 282 3ἶῖ

117 345 310 394 Lucilius3
339 357 375 387 v.
401 344 486 386 Fin.
511 346 541 386 Ι.
571 348 616 395 3,
642 347 682 387 9.
728 346 774 387 (16
797 347 864 388 Or.
890 347 956 388 III.
982 350 1056 398 43,
1082 352 1173 390 171.
1220 350 1287 391 Or.
1312 351 1368 392 44
1376 382 1388 405 ,
1413 352 1506 392 149.

119 413 302 454 Carmina
331 412 414 452 eius
445 412 558 452 arida
588 413 685 453 dixit
716 414 862 454 Fronto
897 427 934 467 p.
970 418 1061 457 171.

228 482 379 518 minime
408 486 536 530 aptum
567 503 623 507 ——
650 482 777 531 yemis]
811 482 958 522 clarum
989 487 1046 521 est
1071 482 1247 533 quamvis
1279 482 1509 525 adversante

115 545 368 598 Bernhardyo
407 548 507 587 hanc
549 559 635 587 esse
672 549 930 599 epexegesin,
973 561 1050 600 qua
1085 549 1276 588 sententia
1313 549 1386 589 illa
1424 556 1508 590 tota

114 614 314 666 prioribus
346 613 677 662 accommodetur,
714 614 771 652 ita
800 613 975 666 quidem,
1005 620 1046 654 ut
1074 627 1150 655 non
1179 628 1277 655 unus
1307 617 1507 666 Albucius,

115 680 183 720 sed
227 685 310 720 tota
346 680 628 732 Epicureorum
671 685 825 720 notetur
867 683 993 722 natio:
1039 694 1086 722 ea
1128 683 1228 722 enim
1264 683 1429 723 solutum
1471 689 1508 724 et

112 747 341 798 languidum
364 746 516 785 dicendi
539 758 681 797 genus,
713 759 788 799 quo
814 747 1030 800 Epicureus
1055 751 1168 802 quasi
1191 745 1509 800 αὐτοδίδακτος

113 826 199 854 5656
228 813 415 861 iactabat,
446 813 597 853 imitata
621 814 773 854 minime
798 819 891 867 apta
918 822 1003 856 erat
1027 816 1077 856 ad
1100 817 1288 857 dictiones
1314 818 1505 857 forenses.

113 880 303 922 Similiter
329 879 590 929 Quintilianus
614 881 767 921 locutus
796 887 853 921 est
878 882 907 922 I.
936 885 978 931 1,
1004 885 1075 923 10:
1099 887 1133 922 st
1158 887 1217 922 cut
1238 885 1358 923 multa
1379 885 1508 923 videor

113 951 278 998 eximi-c,
319 950 449 997 cogitet
480 954 667 985 oratorem
698 951 865 994 institut,
901 962 977 986 rem
1008 950 1179 988 arduam.
1237 950 1287 989 Et
1315 951 1507 1003 Virgilius

113 1028 183 1056 seu
221 1016 307 1067 quis
339 1015 439 1054 alius
468 1026 603 1054 versus
634 1014 727 1053 fecit
754 1014 919 1055 Aeneidi
946 1014 1114 1066 praefigi
1143 1015 1300 1055 solitos:
1339 1031 1508 1067 egressus

111 1084 219 1121 silvis
257 1085 381 1119 vicina
418 1083 541 1129 coegi,
583 1085 623 1117 ut
660 1083 831 1130 quamvis
869 1081 979 1118 avido
1017 1088 1192 1132 parerent
1227 1096 1321 1122 arva
1363 1085 1504 1132 colono,

109 1155 259 1199 yratnm
292 1160 386 1197 opus
411 1147 600 1195 agricolis.

227 1216 319 1254 132.
381 1214 424 1259 Q.
459 1212 628 1262 Catulus]
659 1225 695 1254 v.
726 1213 911 1265 prolegg.
944 1212 978 1266 ξ.
1011 1215 1078 1254 24.

224 1283 273 1321 A,
309 1280 479 1329 Furtum]
509 1281 590 1327 ‚,A.
612 1280 754 1320 Furius
776 1281 913 1320 Antias
937 1280 1145 1320 Annalium
1174 1281 1298 1321 libros
1330 1282 1506 1324 undecim

111 1350 187 1401 (tot
218 1348 317 1387 enim
345 1346 615 1399 proferuntur)
646 1347 822 1388 versibus
853 1348 1087 1387 hexametris
1118 1347 1306 1397 condidit,
1342 1362 1507 1402 quorum

109 1415 395 1469 pulcherrimae
432 1419 638 1465 supersunt
676 1414 896 1465 particulae
935 1414 1038 1467 apud
1073 1415 1239 1455 Gellium
1266 1416 1406 1458 XVIII.
1439 1421 1505 1459 11.

108 1482 276 1523 Nonium
301 1493 340 1533 p.
375 1482 467 1520 133.
495 1480 587 1520 145.
615 1481 707 1520 148.
736 1481 830 1521 188.
873 1482 1126 1522 Macrobium
1148 1482 1231 1523 Sat.
1255 1483 1318 1524 VI.
1345 1486 1380 1523 1.
1409 1485 1442 1524 δι
1466 1487 1504 1525 3.

108 1551 153 1591 111
195 1550 255 1589 his
293 1547 509 1588 Annalibus
551 1548 666 1587 etiam
705 1547 832 1587 Catuli
872 1560 935 1587 res
975 1561 1047 1601 per
1090 1549 1332 1589 consulatum
1373 1557 1507 1602 gestas

112 1617 309 1657 exstitisse
343 1614 588 1658 Weichertus
626 1615 750 1656 Poett.
781 1615 885 1655 Latt.
915 1615 1018 1656 Rell.
1057 1628 1095 1668 p.
1128 1616 1221 1657 353.
1262 1618 1468 1659 existimat.
1482 1620 1507 1639 ‘⁶

109 1688 252 1732 Meyer.

226 1752 318 1790 133.
379 1748 689 1799 appellandarum
719 1748 929 1798 literarum]
969 1749 1234 1800 pronuntiatio
1265 1750 1508 1801 significatur

111 1819 272 1871 elegans
305 1822 342 1856 et
369 1827 440 1855 nec
471 1815 608 1868 putida
639 1826 710 1854 nec
741 1815 923 1854 obscura.
983 1815 1245 1865 Quintilianus
1274 1818 1372 1858 haec
1395 1818 1507 1859 Cice-

109 1887 217 1927 ronis
254 1884 377 1926 verba
414 1883 607 1935 expressit
641 1881 711 1921 XI.
747 1883 792 1930 3,
824 1880 891 1921 35.
948 1881 1122 1921 Eandem
1161 1882 1207 1922 de
1238 1883 1379 1924 Catulo
1419 1897 1507 1925 sen-

110 1954 269 1993 tentiam
304 1950 478 2003 proferri
505 1949 678 1989 videmus
717 1959 748 1987 c.
782 1949 855 1997 74,
886 1948 981 1989 259.
1020 1954 1056 1988 et
1093 1950 1156 1989 hic
1187 1951 1341 2002 quidem
1371 1952 1507 1993 eodem

111 2019 319 2060 selectiore
356 2029 430 2056 11511
466 2015 650 2056 vocabuli
688 2016 973 2066 ap1›ellattonis,·
1012 2016 1103 2056 item
1139 2016 1211 2058 Off.
1242 2017 1272 2057 I.
1305 2020 1378 2068 37,
1412 2021 1507 2059 133.

108 2087 156 2127 (16
187 2087 253 2127 Or.
279 2083 345 2125 III.
377 2086 449 2132 ll,
480 2085 549 2123 42.

224 2153 316 2192 134.
375 2154 455 2189 stne
486 2148 777 2199 comparatione]
813 2149 913 2188 hanc
946 2149 1181 2189 locutionem
1221 2155 1258 2189 et
1288 2152 1507 2191 contrarias

108 2224 148 2259 in
178 2221 478 2268 comparatione,
511 2229 557 2253 ea·
587 2228 726 2265 comp.‚
756 2215 823 2252 sub
848 2229 966 2266 comp.
1002 2217 1161 2269 copiose
1190 2223 1417 2269 persecutus
1449 2223 1507 2258 est

108 2284 299 2327 Muetzell
328 2285 368 2323 in
398 2284 572 2324 Curtium
598 2281 678 2322 vol.
707 2282 738 2321 I.
769 2294 806 2334 p.
839 2284 931 2323 134.

226 2353 318 2392 135.
380 2351 423 2396 Q.
449 2349 640 2399 Metellus]
670 2362 705 2390 v.
731 2349 913 2402 prolegg.
947 2350 983 2405 §-
1006 2352 1073 2389 23.
1131 2354 1192 2388 M.
1216 2353 1385 2390 Scaurus
1413 2363 1506 2392 con-

111 2420 278 2460 sulatum
309 2418 431 2469 gessit
464 2430 499 2457 a.
530 2417 634 2464 6463
675 2417 724 2453 Α.
753 2416 914 2454 Albinus
944 2428 1027 2456 cum
1058 2417 1116 2457 M.
1147 2418 1316 2458 Antonio
1348 2425 1508 2459 oratore

112 2501 148 2527 a.
172 2487 269 2527 655.
331 2486 373 2531 Q.
401 2485 584 2523 Servilius
609 2484 745 2533 Caepio
772 2488 909 2523 auctor
931 2483 1034 2535 legis
1065 2484 1111 2524 de
1136 2484 1291 2524 iudiciis
1321 2486 1370 2524 ab
1398 2487 1510 2538 equi-

112 2555 213 2594 tibus
245 2552 295 2592 ad
325 2557 498 2592 senatum
530 2549 834 2599 transferendis,
873 2563 988 2602 quam
1020 2551 1186 2592 Crassus
1222 2556 1357 2592 orator
1386 2553 1510 2592 suasit

113 2620 165 2672 (v.
195 2622 234 2660 in
266 2620 312 2660 (16
339 2621 405 2660 Or.
431 2620 459 2659 I.
488 2619 561 2666 52,
588 2617 725 2669 225.);
756 2629 841 2657 eam
870 2617 998 2670 legem
1029 2623 1190 2670 propter
1221 2630 1404 2658 summam
1433 2631 1506 2671 po-

113 2688 197 2741 puli
228 2687 412 2728 invidiam
443 2686 621 2739 perferre
657 2698 733 2725 non
762 2685 902 2738 potuit.
959 2686 1054 2726 Post
1087 2685 1329 2724 consulatum
1359 2698 1398 2725 a.
1425 2687 1508 2727 648

114 2760 291 2807 gestum,
345 2766 421 2808 quo
470 2766 571 2794 anno
618 2752 757 2795 Cicero
807 2757 919 2794 natus
964 2757 1046 2803 est,
1094 2752 1307 2805 proconsul
1354 2752 1509 2795 Galliae
