1835 3126
230 161 347 230 1:34
439 177 635 224 anvis
665 176 1059 232 ELOQUENTIAE
1090 177 1226 223 ROM.
1255 177 1400 222 ulsT.

237 296 369 343 annis,
399 304 514 345 quam
536 293 784 332 Hortensium
814 298 851 333 et
874 293 1075 343 Crassum,
1106 305 1269 346 quorum
1290 293 1360 333 ille
1384 291 1625 343 undeviginti

236 372 380 408 annos,
415 360 479 399 hic
507 370 624 399 unum
654 364 691 399 et
718 360 859 410 viginti
893 365 1007 400 natus
1034 361 1198 413 primum
1235 362 1275 400 in
1303 361 1392 400 foro
1422 360 1535 408 dixit,
1574 358 1625 399 ad

235 438 375 467 causas
413 425 587 477 agendas
625 426 839 465 accessisse
866 426 1029 467 Calvum
1067 432 1203 467 auctor
1239 432 1297 467 est
1326 428 1391 479 qui
1425 427 1625 477 dialogum

235 493 285 534 de
314 494 537 534 oratoribus
571 492 727 544 scripsit
753 490 848 543 (6⁶),
888 493 1097 545 reliquisse
1131 498 1258 533 autem
1292 494 1416 534 libros
1445 506 1560 533 unum
1590 498 1628 532 et

234 560 375 611 viginti
394 557 479 611 (67).
537 558 685 599 Horum
712 564 887 611 tempore
917 561 1070 612 priores
1099 560 1195 599 illae
1231 560 1354 600 fuisse
1381 561 1627 608 videbuntur,

237 638 341 680 quae
377 627 428 666 ad
461 626 680 677 augendam
711 626 793 665 eius
832 627 1002 678 gloriam
1037 626 1137 666 nihil
1170 627 1428 675 coutulerunt,
1465 639 1628 679 quarum

237 695 416 747 exemplo
442 693 657 733 afferuntur
686 694 884 733 orationes
914 697 954 732 in
974 695 1138 731 Asitium
1164 698 1201 733 et
1224 697 1386 731 Drusum
1404 690 1487 744 (⁶³).
1532 694 1628 742 Quis

236 764 385 804 Asitius
413 763 532 802 fuerit
557 762 765 812 ignoratur
786 761 986 813 variisque
1017 760 1217 800 doctorum
1247 760 1530 812 suspicionibus
1559 772 1632 799 no-

237 842 325 870 men
353 830 451 870 illud
479 841 636 869 causam
666 828 770 868 dedit
795 826 879 880 (69).
929 829 1080 868 Drusus
1109 833 1234 867 autem
1262 827 1333 867 ille
1364 826 1534 875 videtur,
1566 827 1632 878 qui

238 909 330 938 reus
367 897 414 937 de
447 897 788 950 praevaricatione
823 896 950 935 factus
989 901 1064 944 est,
1100 895 1309 933 familiaris
1336 894 1531 946 Pompeii,
1564 894 1630 933 Pi-

239 965 459 1013 saurensis;
482 964 516 1003 is
540 976 624 1004 cum
647 963 813 1016 epulone
835 964 990 1005 Vatinio
1015 961 1365 1002 subcontumeliose
1389 961 1634 1012 componitur

237 1032 279 1071 in
316 1032 486 1084 epistola
526 1025 1040 1083 q11adam‘ciceronis(⁷⁰).
1099 1030 1329 1080 Quanquam
1367 1028 1505 1068 Cicero
1546 1038 1632 1066 eum

239 1098 411 1139 defendit
441 1098 627 1149 Pompeio
668 1097 981 1147 gratificaturus;
1024 1108 1125 1148 quae
1165 1095 1338 1134 defensio
1382 1106 1471 1133 num
1509 1094 1633 1145 ipsius

241 1165 356 1207 Calvi
377 1165 567 1204 actionem
593 1164 843 1215 spectaverit,
876 1177 926 1203 an
948 1163 1091 1204 Calvus
1122 1162 1362 1201 accusationi
1391 1161 1635 1212 subscripse-

240 1233 293 1272 rit
328 1233 512 1272 nescitur.
569 1230 657 1270 Non
701 1231 890 1270 clariores
931 1235 1018 1270 sunt
1057 1229 1302 1269 defensiones
1340 1228 1462 1276 duae,
1507 1227 1635 1266 altera

244 1299 283 1338 G.
325 1300 478 1337 Catonis
522 1297 709 1338 adversus
751 1298 878 1338 Asinii
914 1298 1106 1337 Pollionis
1151 1297 1341 1336 actionem
1373 1292 1464 1346 (⁷¹);
1508 1294 1635 1333 altera

241 1368 378 1403 Messtt
421 1364 640 1412 cuiusdam,
686 1365 754 1416 qui
795 1364 948 1405 videtur
989 1364 1032 1405 G.
1067 1364 1240 1404 Messius
1287 1363 1463 1402 tribunus
1508 1361 1635 1413 plebis

242 1444 279 1471 a.
306 1433 408 1480 697,
445 1430 628 1471 laudatus
668 1443 692 1468 a
723 1431 913 1470 Cicerone
947 1435 1110 1482 propter
1144 1430 1391 1479 rogationem
1428 1428 1475 1467 de
1510 1427 1637 1467 reditu

241 1499 324 1538 eius
353 1497 642 1551 promulgatam
666 1493 750 1547 (³2).
809 1496 937 1536 Etiam
966 1497 1029 1535 hic
1057 1496 1235 1547 Pompeii
1265 1500 1351 1534 erat
1380 1495 1524 1534 amicus
1551 1491 1636 1545 (73),

240 1565 470 1617 videturque
511 1575 630 1604 causa
668 1563 803 1603 eadem
839 1574 944 1612 esse,
987 1575 1100 1615 quam
1138 1563 1254 1602 etiam
1285 1562 1424 1603 Cicero
1467 1561 1639 1601 defendit

243 1633 346 1686 apud
372 1637 595 1685 praetorem
623 1631 668 1671 P.
694 1631 902 1672 Servilium
928 1631 1142 1671 Isauricum
1158 1627 1243 1680 (⁷⁴).
1292 1629 1352 1669 De
1381 1641 1525 1680 genere
1555 1630 1637 1669 eius

243 1700 317 1739 etsi
351 1699 450 1738 nihil
487 1698 583 1737 certi
618 1698 822 1746 habemus,
866 1698 1064 1750 publicam
1106 1703 1235 1737 tamen
1277 1696 1400 1736 fuisse
1445 1701 1482 1735 et
1515 1696 1640 1736 verba

243 1765 420 1807 Senecae
450 1764 671 1813 ostendunt,
706 1777 754 1804 ex
782 1766 921 1816 quibus
944 1766 1135 1805 Messium
1163 1765 1279 1805 tertio
1307 1775 1465 1804 causam
1494 1762 1640 1802 dixisse

243 1832 416 1874 videmus
433 1830 503 1882 (75)
535 1836 572 1871 et
596 1837 841 1884 comparatus
870 1838 1033 1884 propter
1059 1833 1323 1884 perorationis
1345 1832 1524 1873 virtutem
1547 1830 1640 1871 Gal-

335 1984 396 2028 66)
421 1996 450 2018 c.
469 1983 525 2021 31.
641 1984 702 2029 67)
729 1996 757 2019 c.
779 1985 834 2018 21.
949 1983 1008 2027 68)
1036 1984 1131 2019 Dial.
1157 1984 1202 2018 de
1228 1995 1280 2019 or.
1301 1983 1356 2019 34.
1476 1984 1536 2028 69)
1563 1984 1637 2019 Cic.

247 2041 348 2076 Cael.
375 2040 437 2082 10,
461 2041 517 2076 23.
546 2040 699 2075 eundem
724 2042 881 2075 sortasse
903 2041 1071 2075 Ascitium
1095 2041 1198 2082 dicit,
1227 2041 1292 2075 sed
1316 2052 1382 2075 nec
1406 2040 1514 2075 lectio
1541 2046 1641 2074 certa

245 2108 314 2132 nec
338 2108 470 2131 nomen
487 2097 687 2131 Romanuin
716 2098 868 2132 videtur.
920 2097 1064 2142 Lipsius
1084 2097 1288 2137 Asinium,
1315 2097 1544 2131 Heumanuus
1567 2097 1640 2131 Fu-

247 2155 437 2194 scinz‘um,
471 2153 568 2198 quod
602 2164 733 2187 nomen
768 2155 820 2187 sic
845 2159 1014 2197 corrupte
1040 2153 1210 2198 scriptum
1236 2159 1353 2187 exstat
1378 2165 1445 2199 pro
1470 2153 1638 2187 >Vatinio

248 2209 344 2255 apud
377 2209 515 2244 Charis.
551 2221 586 2254 p.
610 2209 708 2251 203..
744 2209 919 2244 Nicotaus
951 2209 1105 2244 Lo'e'nsis
1146 2210 1368 2251 Vatinium,
1405 2209 1463 2243 hic
1497 2209 1643 2253 quidem

246 2267 424 2312 pessime,
460 2266 544 2310 quia
579 2265 613 2299 in
641 2266 786 2300 Vatinio
821 2267 856 2300 in
890 2267 1011 2311 primis
1045 2266 1174 2300 claruit
1200 2267 1355 2309 Calvus,
1391 2266 1642 2300 Thorbeckius

248 2322 431 2357 fisidiam
451 2322 645 2356 secundum
671 2322 755 2358 Sen.
777 2323 881 2358 Suus.
901 2323 933 2357 2.
961 2336 995 2368 p.
1016 2322 1089 2365 16.,
1114 2323 1269 2368 denique
1287 2323 1521 2357 XVeichertus
1539 2321 1642 2357 Mes-

249 2381 353 2413 sium
378 2379 560 2421 correxit,
584 2378 642 2412 hic
666 2380 770 2425 gravi
796 2391 940 2421 errore,
967 2391 1045 2413 cum
1067 2380 1200 2414 Calvus
1225 2379 1403 2414 Messium
1428 2378 1641 2420 defenderit,

250 2445 323 2468 non
348 2436 584 2470 accusaverit.
701 2436 761 2480 70)
788 2436 860 2471 Cic.
881 2434 1016 2470 Att511.
1038 2436 1069 2471 7.
1110 2436 1152 2470 cs.
1180 2436 1241 2471 IV.
1272 2435 1324 2471 15.
1443 2435 1501 2478 71)
1528 2433 1641 2468 Thor-

249 2491 397 2526 beckius
417 2504 449 2537 p.
465 2492 519 2527 56.
558 2490 597 2527 C.
613 2491 789 2526 Catonem
814 2503 857 2526 ex
878 2492 1056 2526 tribunatu
1082 2493 1285 2527 turbulente
1304 2497 1406 2538 gesto
1435 2503 1456 2525 a
1470 2491 1642 2525 Pollione

251 2554 453 2597 accusatum
477 2548 579 2590 ‹licit3
608 2559 643 2584 v.
671 2549 778 2583 etiam
803 2549 876 2585 Cic.
902 2549 973 2583 Att.
1001 2548 1060 2582 lv.
1091 2549 1141 2582 15.
1170 2550 1222 2585 16.
1251 2548 1303 2583 17.
1338 2549 1422 2583 Asc.
1453 2548 1488 2581 in
1516 2548 1642 2581 Scaur.

250 2614 286 2649 p.
314 2604 368 2638 19.
417 2604 509 2638 Aeta
533 2616 591 2639 res
617 2617 649 2640 a.
673 2605 752 2640 700.
788 2602 884 2651 εἰς.
911 2604 965 2640 53.
1083 2605 1141 2648 72)
1169 2606 1242 2640 Cic.
1263 2617 1298 2651 p.
1320 2605 1411 2639 Red.
1438 2605 1474 2638 in
1499 2604 1586 2638 Sen.
1606 2603 1640 2638 8.

251 2661 310 2704 73)
337 2660 412 2695 Cic.
434 2661 506 2696 Att.
532 2661 627 2697 vm.
656 2662 708 2697 ll.
826 2663 884 2705 74)
912 2662 985 2696 Cic.
1007 2661 1079 2695 Att.
1106 2661 1166 2696 lv.
1188 2661 1237 2695 15.
1355 2662 1413 2705 75)
1439 2662 1526 2695 Seu.
1546 2660 1641 2694 Con-

247 2721 344 2753 trov.
371 2716 395 2752 1.
419 2728 448 2751 c.
477 2716 538 2754 111.
567 2717 618 2754 19.
675 2718 800 2754 Tertio
838 2729 982 2753 causam
1016 2718 1124 2759 dixit,
1162 2718 1294 2763 quippe
1332 2730 1353 2751 a
1383 2716 1544 2763 pluribus
1580 2715 1641 2749 dc-
