1835 3126
587 171 620 213 B
632 170 668 214 R
677 170 710 214 U
721 170 758 214 T
767 171 801 214 U
811 170 842 213 S
875 171 993 214 CAP.
1025 173 1092 215 53.
1409 172 1536 218 245

148 285 292 332 cisset‚
331 281 410 324 hoc
449 283 656 333 sensisse,
695 296 857 339 quoquo
888 284 1017 327 'modo
1048 283 1155 326 filius
1185 296 1268 327 non
1293 289 1424 334 esset,
1464 283 1534 339 qui

145 363 187 403 in
217 373 332 402 suam
361 360 530 402 tutelam
559 363 740 412 veniret,
772 363 860 404 sive
890 376 973 405 non,
1003 370 1145 412 natus,
1177 364 1265 404 sive
1296 368 1390 404 ante
1422 375 1533 405 mor-

144 445 256 488 tuus,
291 437 438 480 Curius
466 438 589 481 heres
618 446 660 481 ut
693 447 826 482 esset:
866 442 924 483 ita
954 441 1138 483 scribere
1167 440 1388 496 plerosque
1421 447 1460 482 et
1489 439 1533 482 id

141 516 283 560 valere
324 523 362 558 et
397 517 584 560 valuisse
623 532 796 574 semper.
854 518 969 561 Haec
1006 526 1045 561 et
1080 518 1207 560 multa
1236 518 1437 560 eiusmodi
1470 517 1533 559 di-

144 608 242 638 cens
279 594 399 636 fidem
436 596 635 638 faciebat:
674 597 782 652 quod
819 604 881 639 est
919 611 969 639 ex
1006 597 1135 639 tribus
1174 598 1351 639 oratoris
1384 595 1532 638 officiis

143 673 328 716 alterum.
390 673 482 715 198.
516 672 673 716 Deinde
699 688 873 730 aequum
897 674 1047 718 bonum
1073 681 1409 717 testamentorum
1437 687 1534 715 sen-

142 753 292 793 tentias
329 751 643 808 voluntatesque
684 759 834 794 tutatus
867 760 951 803 est3
998 760 1151 808 quanta
1180 759 1292 794 esset
1322 754 1364 793 in
1392 751 1533 793 verbis

144 832 279 886 captio
313 843 402 872 cum
433 831 473 870 in
507 832 656 871 ceteris
686 830 810 872 rebus
840 836 922 872 tum
953 831 995 870 in
1020 830 1297 877 testamentis,
1329 829 1365 869 si
1387 828 1534 882 neg-le-

142 915 336 962 gerentur
363 907 618 956 voluntates3
646 914 838 962 quantam
871 906 951 947 sibi
980 907 1203 961 potentiam
1230 904 1442 947 Scaevola
1464 918 1534 947 as-

142 991 337 1034 sumeret,
371 985 405 1025 si
434 997 554 1026 nemo
583 983 753 1026 auderet
779 990 1066 1026 testamentum
1090 984 1230 1026 facere
1253 990 1421 1040 postea,
1452 984 1536 1025 nisi

142 1063 191 1105 de
230 1062 342 1104 illius
378 1064 595 1103 sententia.
654 1061 760 1104 haec
791 1046 881 1104 cum
916 1063 1101 1117 graviter
1129 1069 1211 1104 tum
1246 1062 1297 1104 ab
1334 1061 1535 1118 exemplis

142 1142 331 1197 copiose,
369 1146 451 1181 tum
489 1142 627 1190 varie,
667 1146 750 1182 tum
790 1141 913 1182 etiam
952 1140 1127 1182 ridicule
1168 1147 1207 1182 et
1236 1141 1371 1182 facete
1404 1139 1536 1196 expli-

141 1232 243 1262 cans
265 1232 358 1261 eam
381 1218 695 1261 admirationem
721 1220 1089 1275 assensionemque
1115 1220 1351 1267 commovit,
1377 1218 1533 1260 dixisse

140 1305 182 1340 ut
213 1304 356 1340 contra
385 1310 504 1338 nemo
533 1296 754 1339 videretur.
802 1296 880 1339 hoc
912 1304 1000 1339 erat
1030 1299 1208 1340 oratoris
1237 1296 1413 1339 officium
1439 1309 1535 1352 par-

140 1379 283 1419 titione
325 1376 513 1425 tertium,
558 1389 712 1429 genere
757 1389 1004 1418 maxumum.
1071 1374 1148 1417 Hic
1182 1375 1254 1417 ille
1293 1375 1342 1417 de
1383 1373 1533 1430 populo

142 1455 284 1503 iudex,
324 1455 390 1509 qui
432 1455 656 1509 separatim
688 1453 859 1496 alterum
895 1454 1120 1497 admiratus
1151 1460 1282 1502 esset,
1319 1453 1428 1495 idem
1459 1466 1534 1494 au-

141 1533 225 1575 dito
268 1532 399 1574 altero
439 1531 633 1574 iudicium
673 1545 788 1573 suum
830 1538 1130 1573 contemneret:
1171 1537 1210 1573 at
1239 1545 1337 1574 vero
1369 1530 1535 1573 intelle-

140 1623 245 1665 gens
276 1616 315 1651 et
345 1609 488 1651 doctus
523 1609 695 1652 audiens
728 1608 978 1653 Scaevolam
1009 1611 1178 1651 sentiret
1207 1622 1301 1651 esse
1326 1609 1534 1664 quoddam

140 1688 309 1731 uberius
333 1687 497 1729 dicendi
520 1700 652 1741 genus
675 1694 714 1729 et
734 1689 931 1729 ornatius.
971 1686 1022 1728 ab
1046 1693 1218 1742 utroque
1243 1693 1377 1728 autem
1402 1699 1534 1729 causa

140 1772 335 1824 perorata
372 1767 408 1807 si
441 1772 709 1820 quaereretur
746 1771 836 1807 uter
864 1771 1096 1821 praestaret
1125 1771 1285 1815 orator,
1325 1777 1534 1820 nunquam

140 1846 325 1902 profecto
355 1844 555 1899 sapientis
585 1843 780 1886 iudicium
813 1857 838 1886 a
868 1844 1022 1886 iudicio
1049 1843 1164 1898 volgi
1193 1843 1462 1900 discreparet.

227 1955 287 1982 197.
322 1953 380 1980 hoc
398 1953 449 1980 ille
469 1954 573 1989 initio]
594 1954 650 1981 hoc
668 1955 697 1980 in
717 1955 766 1981 illo
787 1956 879 1982 initio.
900 1970 934 1974 —
960 1956 1086 1990 veniret]
1108 1956 1255 1981 venisset.

142 2035 189 2071 ob
214 2035 392 2080 eamque]
421 2046 493 2079 que
518 2046 587 2069 om.
612 2034 677 2080 Lg.
699 2034 754 2069 20.
772 2053 820 2062 ο-
846 2034 920 2070 hoc
945 2035 1010 2070 ille
1034 2036 1166 2078 initio]
1191 2035 1285 2068 hanc
1309 2045 1424 2068 meam
1450 2034 1533 2067 olim

141 2093 383 2126 coniecturam
417 2089 561 2123 firmant
593 2091 648 2124 ed.
674 2102 729 2134 pr.
761 2097 797 2125 et
828 2091 920 2125 liber
953 2090 1233 2126 ottobonianus.
1283 2089 1356 2123 hoc
1390 2092 1430 2123 z‘n
1467 2089 1534 2123 illo

142 2151 278 2188 initio,
306 2158 398 2191 quae
424 2147 528 2181 codd.
554 2152 636 2180 cett.
666 2151 701 2179 et
724 2147 873 2191 vulgata
898 2148 1095 2191 scriptura,
1120 2146 1206 2179 ferri
1230 2157 1302 2179 non
1329 2150 1468 2190 potes13
1495 2147 1536 2179 in

143 2204 358 2238 deleverunt
390 2202 476 2235 Ern.
509 2207 544 2235 et
577 2200 691 2236 Orell.
716 2220 761 2226 —
804 2203 1050 2245 consecutas]
1082 2204 1299 2236 consecutis
1334 2200 1399 2234 Gu.
1428 2202 1457 2236 l.
1491 2220 1537 2226 —

143 2260 307 2302 veniret]
341 2261 510 2292 venisset
543 2257 599 2291 ed.
626 2257 717 2291 Ven.
750 2257 935 2301 probatum
960 2257 1116 2291 Ernesto
1150 2260 1228 2291 sine
1255 2268 1383 2291 causa:
1416 2257 1468 2290 sic
1501 2261 1537 2290 et

144 2327 239 2350 mox.
289 2314 364 2347 Par
388 2314 631 2358 discrepantia
655 2317 708 2346 est
740 2314 775 2346 in
801 2313 928 2347 eadem
953 2314 1096 2358 quidem
1130 2319 1164 2346 et
1199 2313 1384 2347 simillimis
1412 2312 1536 2346 verbis

145 2371 325 2406 sententia
351 2370 395 2403 (le
421 2367 486 2403 Or.
516 2368 541 2403 l.
569 2369 630 2410 39,
660 2369 733 2404 180.
757 2388 804 2396 ·—
840 2381 889 2403 ex
915 2370 1053 2414 tribus]
1079 2382 1127 2404 ex·
1153 2382 1221 2403 om.
1248 2369 1314 2415 Lg.
1343 2369 1374 2403 8.
1401 2369 1456 2403 39.
1481 2368 1536 2404 51.

145 2428 189 2462 56
213 2427 295 2460 add.
322 2438 352 2461 e.
379 2426 454 2467 5S.‚
483 2426 566 2459 item
591 2425 682 2460 Ven.
708 2427 736 2460 1.
760 2444 807 2452 -——
842 2427 1031 2470 oratoris]
1060 2429 1251 2461 oratoriis
1276 2426 1341 2472 Lg.
1366 2425 1421 2459 20.

239 2482 316 2517 198.
364 2482 670 2527 neyleyerentur]
704 2483 756 2516 sic
789 2482 856 2528 Lg.
882 2483 914 2517 8.
940 2483 994 2517 20.
1029 2483 1084 2518 51.
1110 2483 1164 2517 58.
1196 2483 1253 2517 68.
1303 2482 1541 2527 neyliyentm*

148 2539 213 2574 Gu.
234 2540 264 2573 l.
283 2558 329 2562 ——
352 2541 548 2584 [st-aviter,
575 2539 670 2582 tum]
696 2550 753 2585 qr.
778 2550 865 2573 cum
889 2539 954 2585 Lg.
974 2545 1119 2585 praeter
1134 2540 1166 2574 8.
1183 2559 1228 2563 -
1251 2538 1397 2583 facete]
1417 2537 1540 2582 facile

148 2595 216 2629 Cu.
241 2596 269 2630 l.
297 2595 354 2628 ed.
379 2606 430 2639 pr.
455 2614 501 2620 —
534 2590 789 2640 maxumam]
819 2597 870 2630 sic
897 2596 963 2642 Lg.
989 2596 1021 2630 8.
1049 2596 1102 2630 51.
1133 2595 1187 2630 53.
1216 2595 1270 2630 58.
1297 2595 1351 2630 68.
1387 2593 1469 2628 Vat.
1497 2614 1538 2620 ——-

150 2652 427 2695 contemneret]
450 2656 718 2688 contemnetur
738 2652 793 2687 ed.
812 2664 864 2698 pr.
880 2673 926 2677 —-
951 2652 1190 2699 intelleyens]
1209 2652 1261 2686 sic
1280 2651 1344 2699 Lg.
1361 2652 1395 2689 8.
1413 2651 1468 2688 39.
1483 2651 1538 2687 51.

150 2706 228 2745 Ott.
245 2725 292 2736 ο-
327 2708 443 2755 volqz']
469 2709 521 2745 sic
542 2707 609 2754 Lg.
632 2709 666 2745 8.
690 2709 747 2745 35.
770 2708 826 2746 39.
852 2708 908 2743 51.
933 2710 987 2745 53.
1012 2709 1067 2744 58.
1092 2708 1145 2746 68,
1174 2708 1228 2744 70.
