1835 3126
320 141 454 186 282
843 138 1194 185 CICERONIS

320 250 417 298 sed,
457 248 549 289 dum
578 247 708 289 voluit
742 250 850 292 alios
884 250 1039 293 habere
1076 259 1224 307 parata
1265 253 1371 294 unde
1407 259 1612 295 sumerent
1643 256 1711 308 qui

319 325 474 368 vellent
518 324 703 367 scrssiere
745 325 981 377 historiam,
1021 328 1170 383 ineptis
1197 337 1358 384 gratum
1388 331 1566 373 fortasse
1600 330 1711 380 fecit,

320 404 389 459 qui
418 402 557 445 volent
587 402 662 445 illa
688 402 938 446 calamistris
966 405 1155 447 inurere:
1187 419 1313 449 sanos
1338 408 1500 462 quidem
1523 408 1712 451 homines

323 495 350 523 a
380 480 600 523 scribendo
633 481 840 524 deterruit.
898 482 1001 524 nihil
1031 489 1092 524 est
1123 485 1230 525 enim
1264 485 1306 524 in
1335 484 1509 527 historia
1539 499 1642 542 pura
1673 491 1713 527 et

318 560 471 601 illustri
500 558 700 601 brevitate
732 559 906 602 dulcius.
952 559 1039 602 Sed
1069 560 1122 603 ad
1153 574 1248 611 eos,
1280 562 1316 603 si
1345 561 1503 617 placet,
1533 565 1602 618 qui
1625 565 1712 607 vita

319 643 602 687 excesserunt,
634 644 899 679 revertamur.

431 713 623 756 LXXVI.
666 716 765 757 263.
813 714 858 757 (2.
900 714 1084 759 Sicinius
1124 717 1249 771 igitur
1288 715 1337 767 Q.
1375 714 1543 772 Pompei
1584 716 1712 768 illius⁷

321 794 391 849 qui
424 806 574 835 censor
603 793 697 844 fuit,
736 807 786 836 ex
816 793 903 836 filia
932 807 1082 850 nepos,
1125 796 1387 850 quaestorius
1417 801 1598 837 mortuus
1629 801 1712 845 est3

317 870 549 927 probabilis
590 878 748 923 orator,
786 874 869 914 iam
902 886 1001 915 vero
1033 874 1156 915 etiam
1186 872 1383 929 probatus
1415 886 1464 915 ex
1494 872 1573 915 hac
1599 874 1711 928 inopi

321 950 376 992 ad
406 949 657 1000 ornandum,
698 950 773 992 sed
804 951 856 993 ad
886 951 1174 994 inveniendum
1207 951 1398 1007 expedita
1427 949 1712 1005 Hermagorae

319 1028 555 1083 disciplina.
614 1041 667 1070 ea
709 1029 778 1071 dat
811 1030 995 1071 rationes
1033 1035 1168 1071 certas
1209 1036 1248 1071 et
1277 1035 1498 1084 praecepta
1527 1029 1711 1071 dicendi:

319 1118 426 1160 quae
467 1107 503 1146 si
543 1107 740 1147 minorem
778 1106 932 1149 habent
972 1114 1210 1162 apparatum
1251 1108 1363 1158 (sunt
1400 1108 1507 1149 enim
1552 1106 1712 1157 exilia),

318 1190 458 1225 tamen
484 1181 637 1224 habent
667 1183 852 1224 ordinem
880 1190 920 1225 et
950 1185 1151 1238 quasdam
1178 1197 1320 1225 errare
1351 1185 1393 1225 in
1423 1185 1597 1227 dicendo
1628 1198 1712 1227 non

316 1262 510 1317 patientis
541 1262 646 1303 vias.
706 1259 784 1302 has
815 1261 887 1303 ille
917 1267 1063 1303 tenens
1097 1267 1136 1303 et
1165 1268 1334 1317 paratus
1371 1261 1425 1303 ad
1455 1275 1606 1304 causas
1635 1275 1709 1304 ve-

315 1340 438 1380 niens
467 1338 685 1381 verborum
722 1352 805 1381 non
839 1352 968 1394 egens
1007 1340 1100 1395 ipsa
1141 1339 1217 1381 illa
1248 1340 1553 1395 comparatione
1586 1339 1713 1382 disci-

315 1417 511 1473 plinaque
543 1416 708 1458 dicendi
737 1418 820 1458 iam
852 1418 895 1458 in
924 1424 1189 1473 patronorum
1218 1431 1429 1459 numerum
1455 1423 1713 1473 pervenerat.

315 1494 415 1536 264.
452 1493 552 1536 Erat
587 1496 710 1535 etiam
747 1496 812 1536 vir
841 1495 985 1537 doctus
1025 1497 1067 1536 in
1097 1496 1238 1551 primis
1271 1494 1316 1536 (1.
1347 1494 1546 1537 Visellius
1577 1494 1709 1538 Varro

315 1572 591 1615 consobrinus
618 1586 753 1623 meus,
785 1574 853 1628 qui
883 1573 958 1614 fuit
988 1572 1262 1626 cumlSicinio
1295 1559 1436 1615 aetate
1453 1575 1709 1616 coniunctus.

316 1652 373 1701 is,
407 1664 498 1693 cum
527 1656 620 1706 post
643 1650 825 1694 curulem
850 1651 1104 1694 aedilitatem
1133 1651 1259 1693 iudex
1290 1652 1547 1707 quaestionis
1578 1657 1704 1703 esset,

402 1815 462 1843 203.
500 1824 575 1850 quae
593 1818 634 1852 si]
655 1826 730 1852 quae
750 1819 816 1845 etsi.

315 1934 398 1963 sunt
426 1929 496 1963 alia
522 1929 687 1972 veriora,
712 1934 750 1963 ut
773 1941 809 1974 p.
834 1929 915 1974 lege
940 1928 1070 1963 Manil.
1094 1927 1132 1970 5,
1163 1928 1214 1961 ll.
1239 1947 1283 1953 ——
1317 1929 1490 1974 parata]
1515 1933 1707 1975 paralum

318 1985 501 2019 Corradus
535 1988 567 2018 δι
597 1986 804 2020 Lambinus.
829 2006 874 2010 —
912 1985 1059 2028 volent]
1095 1984 1226 2018 volunt
1260 1984 1325 2019 Gn.
1357 1984 1384 2019 l.
1424 1996 1447 2018 a
1478 1996 1593 2027 coi-r.9
1630 1990 1709 2019 erat

316 2043 411 2076 enini
437 2042 568 2076 voluit.
611 2041 728 2075 velint
754 2042 820 2086 Lg.
847 2041 901 2075 53.
928 2040 983 2074 ssS.
1013 2041 1067 2074 70.
1109 2039 1183 2075 Ott.
1210 2060 1256 2066 »-
1298 2040 1400 2074 nihil
1425 2046 1482 2074 est
1508 2043 1626 2085 enim]
1656 2043 1709 2076 sic

317 2098 372 2131 ed.
398 2109 450 2142 pr.
486 2097 578 2132 Ven.
608 2097 634 2130 l.
675 2097 739 2142 Lg.
772 2103 915 2141 praeter
937 2096 992 2130 20.
1044 2096 1161 2140 Vulgo
1193 2096 1294 2130 nihil
1320 2099 1422 2130 enim
1447 2102 1513 2132 est.
1563 2098 1607 2131 V.
1635 2099 1709 2133 Ex·

315 2154 452 2198 plicuit.
482 2154 515 2187 in
543 2154 589 2186 de
609 2151 673 2187 Or.
696 2152 756 2186 ΙΙΙ.
777 2153 839 2193 30,
861 2152 934 2186 119.
953 2170 1000 2176 ——
1031 2152 1131 2194 vita]
1159 2163 1179 2185 e
1197 2154 1277 2186 vila
1302 2151 1520 2194 Lambinus,
1544 2155 1707 2189 usitatius

316 2217 468 2245 secutus.
507 2210 582 2243 Sed
605 2221 639 2244 v.
662 2209 764 2243 Tusa
787 2208 811 2241 l.
835 2208 895 2250 13,
913 2208 967 2242 29.
987 2229 1033 2233 —
1065 2209 1329 2251 accesserunt]
1356 2214 1552 2243 cesserunt
1571 2209 1636 2254 Lg.
1653 2210 1708 2244 ⁶20.

411 2265 581 2299 LXXVI.
630 2265 706 2299 263.
757 2263 952 2307 Sicinius]
987 2263 1166 2299 Sinicius
1198 2264 1264 2309 Lg.
1297 2264 1329 2298 S.
1363 2264 1417 2299 39.
1454 2265 1508 2298 51.
1552 2265 1644 2301 Ven.
1677 2267 1707 2302 l.

317 2323 386 2357 Gu.
413 2322 442 2356 l.
470 2342 514 2347 ——
552 2321 734 2368 Pompei]
761 2321 811 2354 sic
834 2319 899 2365 Lg.
924 2320 955 2354 8.
981 2321 1035 2355 20.
1063 2321 1116 2355 39.
1145 2321 1199 2355 51.
1229 2321 1282 2355 56.
1309 2320 1361 2353 58.
1387 2320 1442 2356 68.
1471 2321 1524 2356 70.
1563 2319 1638 2356 Οῑῐ.
1662 2341 1708 2347 ——

315 2381 402 2414 iam
422 2379 526 2421 vero]
553 2379 604 2412 sic
628 2378 682 2412 ed.
705 2389 756 2421 pr.
784 2376 889 2410 codd.
911 2388 1053 2409 omnes:
1078 2389 1111 2413 v.
1130 2377 1246 2411 Hand.
1269 2376 1369 2411 Turs.
1390 2376 1448 2410 111.
1471 2376 1545 2411 139.
1583 2380 1704 2412 immo

314 2446 404 2469 'vm-o
430 2434 555 2469 hamb.
579 2452 625 2461 »-
655 2435 782 2480 inopi]
809 2436 945 2479 inopia
971 2433 1034 2467 Gu.
1062 2433 1091 2469 l.
1115 2453 1160 2458 -—
1190 2432 1476 2478 Hermuyorcze]
1503 2435 1708 2480 crz‘nayore

316 2492 385 2525 Gu-
414 2491 443 2524 l.
468 2511 513 2515 -—
549 2503 648 2535 qnae
674 2492 728 2533 si]
765 2490 856 2524 haec
885 2490 987 2524 codd.
1013 2491 1193 2534 scriptura
1224 2490 1331 2533 longe
1362 2489 1489 2524 lectior
1513 2497 1568 2524 est
1601 2502 1705 2534 quam

315 2548 485 2582 editionis
511 2548 684 2593 principis
710 2559 811 2591 quae
836 2549 927 2587 elsi,
955 2558 1059 2591 quoni
1084 2546 1208 2580 Lonib.
1235 2552 1270 2579 et
1294 2545 1439 2590 lweyer.
1463 2552 1668 2590 sequuntur.

405 2604 484 2639 ‘zo-1.
534 2607 575 2638 in
602 2604 766 2650 primis]
801 2603 852 2637 sic
885 2603 978 2638 libri.
1026 2605 1224 2649 imprimis
1259 2602 1315 2636 ed.
1344 2614 1395 2647 pr.
1424 2623 1463 2628 —-
1502 2603 1623 2649 volqi]
1656 2602 1707 2636 sic

318 2660 382 2705 Lg.
401 2660 433 2697 S.
456 2661 510 2696 35.
531 2660 584 2696 53.
605 2660 660 2696 58.
677 2660 733 2697 68.
755 2660 808 2697 70.
836 2658 913 2696 Ott.
936 2680 975 2685 -
1012 2670 1202 2706 praeceps
1225 2659 1438 2704 quaedam]
1458 2671 1524 2706 pr.
1548 2659 1705 2704 quidem
