1835 3126
293 234 423 283 398
722 229 1255 274 EXPLICATIONES

406 347 501 399 209.
559 349 686 393 parles
719 345 828 392 quast
856 343 1034 392 membra]
1074 344 1299 383 ascribimus
1328 342 1572 394 Bernhardyi
1610 353 1678 381 ex-

294 412 474 465 plicantis
495 410 635 451 verba:
659 409 823 457 „Cicero
846 421 945 448 nune
968 415 1095 459 partes
1115 414 1224 458 atque
1246 411 1408 448 membra
1432 410 1497 461 (de
1519 409 1606 449 Nat.
1628 408 1676 447 D.

293 481 322 520 Ι.
342 481 382 518 4.
411 479 459 518 ΙΙ.
482 479 548 517 34.
580 477 628 516 ef.
650 477 755 517 Suet.
776 477 878 527 Aug.
898 475 985 525 48.)
1017 474 1193 527 copulat,
1223 486 1322 514 nune
1343 475 1506 516 sormam
1529 475 1679 515 dicendi

293 546 408 598 quasi
436 544 643 595 figuratam
681 549 840 583 excusat
878 549 915 582 et
950 542 1164 593 distinguit.
1220 541 1372 580 Partitt.
1403 554 1460 582 or.
1493 545 1563 583 10:
1601 544 1679 581 veri¹

292 613 433 650 similia
456 614 689 660 reperiuntur
718 624 765 648 θα·
787 611 957 660 partibus
987 616 1021 646 et
1044 611 1152 658 quast
1175 608 1346 644 membris
1367 611 1559 646 orationis.
1602 611 1679 648 Ac-

294 679 405 719 cedat
443 679 542 730 Top.
573 677 617 717 5:
659 680 909 727 unvtsquisqne
947 689 1073 713 eorum
1112 676 1276 712 locorum
1304 697 1359 700 -—
1388 688 1457 711 sna
1499 675 1678 724 quaedam

293 746 458 783 membra
496 745 614 782 habet.
674 743 859 783 Nimirum
895 749 1020 793 parles
1062 741 1109 780 ad
1152 746 1349 779 externam
1389 741 1604 780 iuncturam
1646 745 1683 779 et

293 812 511 859 fortuitam,
541 811 703 848 membra
736 810 785 849 ad
809 811 1034 849 interiorem
1063 808 1305 859 solidamque
1335 819 1581 860 compagem,
1609 808 1683 847 hoc

294 884 352 918 est
390 878 635 928 organicam,
671 878 905 917 referuntur.
963 876 1110 917 Eadem
1146 875 1298 916 ratione
1341 875 1481 915 Graeci
1518 874 1684 914 Platone

294 950 506 998 praeeunte
537 945 736 983 sociarunt
763 943 876 997 μέρη
908 941 982 984 καὶ
1010 941 1142 998 μέλη,
1173 954 1211 982 v.
1243 953 1339 993 quos
1369 941 1541 981 indicant
1568 941 1682 980 Bois-

295 1011 490 1052 sonnadus
531 1012 571 1050 in
605 1011 749 1051 Anecd.
789 1016 815 1050 t.
844 1012 889 1053 V.
930 1024 969 1063 p.
1001 1012 1096 1050 233.
1137 1014 1174 1049 et
1209 1009 1381 1049 Loheck.
1410 1008 1586 1061 Paralip.
1618 1008 1684 1049 Gr.

298 1079 362 1121 Gr.
393 1091 434 1131 p.
460 1079 563 1118 58st
1403 1072 1407 1076 ’

405 1144 541 1186 LVIII.
601 1147 695 1184 210.
753 1158 823 1182 usn
848 1145 973 1194 aliquo
997 1143 1208 1192 domestico]
1232 1142 1354 1194 patris
1377 1146 1530 1181 secutus
1555 1153 1684 1181 exem-

296 1212 414 1265 plum.
474 1222 506 1249 c.
529 1210 603 1258 59,
629 1212 732 1249 213:
761 1213 931 1259 suspicor
953 1232 1008 1237 »ἠ
1031 1211 1223 1254 Curionis,
1255 1212 1322 1246 etsi
1352 1209 1515 1258 pupillus
1536 1209 1684 1246 relictus

296 1285 367 1325 est,
397 1280 522 1328 patrio
551 1278 668 1324 fuisse
695 1279 865 1314 instituto
894 1289 988 1326 puro
1016 1287 1184 1312 sermone
1213 1275 1466 1321 assuefactam
1497 1275 1658 1312 domum.

409 1344 609 1383 admodum
638 1343 745 1392 nillil]
777 1355 813 1383 v.
843 1342 1055 1395 Explicatt.
1084 1341 1124 1380 in
1154 1340 1201 1380 de
1229 1341 1296 1380 Or.
1326 1340 1374 1380 II.
1407 1343 1451 1389 2,
1483 1342 1522 1381 8.

409 1414 503 1450 211.
562 1413 684 1460 patris
717 1410 902 1459 elementia
932 1409 1100 1458 tinctam]
1139 1412 1328 1460 paternae
1367 1407 1588 1458 elegantiae
1622 1421 1688 1448 Sa-

297 1490 432 1532 porem
468 1478 716 1525 retinentem,
756 1477 941 1516 imbutam
982 1476 1064 1515 eius
1103 1475 1322 1526 elegantia,
1366 1475 1479 1526 quasi
1517 1475 1690 1515 duxisset

297 1547 386 1586 inde
416 1545 600 1586 colorem.
650 1548 822 1582 Tinctum
852 1544 970 1581 lateris
999 1543 1025 1582 i.
1056 1554 1089 1582 e.
1120 1539 1369 1581 mediocriter
1399 1542 1588 1582 eruditum
1607 1544 1688 1582 An-

296 1615 425 1654 tonius
471 1612 757 1652 adolescentem
795 1610 1042 1662 eloquentiae
1089 1608 1301 1649 studiosum
1339 1621 1424 1649 esse
1460 1610 1544 1650 vult
1586 1609 1690 1662 apud

299 1681 379 1721 Cic.
412 1680 458 1720 de
486 1680 552 1720 Or.
582 1679 629 1719 ΙΙ.
661 1680 734 1727 20,
765 1678 831 1718 85.
861 1691 896 1718 v.
921 1677 1155 1729 Explicatt.:
1186 1676 1380 1717 diversum
1406 1678 1480 1716 hoc
1510 1690 1534 1716 a
1564 1678 1690 1715 leviter

299 1748 461 1792 erudito,
503 1758 613 1786 secus
655 1757 701 1785 ac
739 1745 923 1798 placebat
960 1745 1003 1784 P.
1035 1744 1208 1785 Victorio
1244 1745 1337 1786 Var.
1375 1745 1497 1785 Leett.
1538 1744 1587 1783 X.
1624 1745 1688 1784 18.

297 1813 421 1852 Paulo
454 1813 569 1852 aliter
599 1813 721 1852 verba
749 1826 860 1850 sensa
888 1815 1005 1850 ancta
1036 1823 1121 1851 esse
1160 1812 1200 1850 in
1229 1813 1333 1851 tenui
1364 1811 1516 1851 dicendi
1546 1822 1691 1862 genere

298 1879 381 1919 vult
416 1878 677 1927 Quintilianus
710 1878 773 1918 IV.
805 1881 848 1925 2,
882 1881 974 1917 117.
1012 1879 1038 1917 i.
1072 1890 1104 1917 e.
1144 1879 1193 1918 ab
1228 1880 1329 1919 omni
1361 1884 1500 1918 ornatu
1534 1884 1572 1918 et
1598 1878 1688 1918 fuco

300 1946 450 1992 aliena,
484 1957 555 1984 nee
584 1946 658 1984 nisi
690 1957 713 1984 a
742 1945 859 1984 rebus
891 1948 927 1984 et
956 1945 1152 1983 sententiis
1183 1945 1355 1984 colorem
1386 1945 1578 1987 ducentia.

413 2012 581 2060 Laeliae]
610 2012 806 2063 Sapientis
828 2010 934 2049 filiae
958 2010 1005 2049 de
1022 2011 1087 2051 Or.
1104 2010 1170 2049 III.
1190 2013 1259 2059 12,
1277 2011 1344 2051 45.
1374 2011 1483 2051 Brut.
1502 2014 1572 2060 26,
1597 2013 1689 2051 101.

300 2078 346 2128 Q.
369 2078 503 2118 Mucio
530 2078 750 2118 Scaevolae
774 2077 926 2128 Auguri
955 2082 1160 2128 nupserat,
1191 2078 1351 2129 eiusque
1374 2076 1541 2117 filiarum
1564 2078 1692 2118 altera

301 2146 447 2186 Crasso
480 2145 642 2184 oratori.

412 2213 509 2250 hanc
538 2235 594 2240 —
619 2210 820 2261 Scipionis]
862 2210 1041 2260 intellige
1069 2222 1237 2247 umorem.
1299 2222 1330 2249 c.
1363 2212 1436 2257 61,
1468 2213 1568 2250 217:
1610 2224 1692 2248 cum

300 2293 365 2329 eyo
405 2292 473 2329 pro
518 2280 662 2316 Titinia
707 2278 834 2315 Cottae
875 2290 1118 2327 perorassem.
1184 2277 1343 2327 Virgilii
1385 2277 1484 2316 illud
1523 2280 1694 2315 Hectoris

301 2346 581 2390 Andromache,
620 2344 739 2385 Plinii
774 2344 934 2384 maioris
969 2347 1146 2393 Poppaea
1181 2346 1363 2394 principis
1397 2346 1580 2390 Neronis,
1620 2344 1691 2383 mi-

300 2413 411 2452 noris
443 2412 568 2464 (Epp.
599 2412 648 2452 ΙΙ.
679 2410 764 2462 20.)
801 2414 966 2449 Verania
995 2414 1162 2456 Pisonis,
1206 2411 1335 2451 Taciti
1366 2413 1531 2461 Apicum
1563 2413 1693 2448 Sciant

302 2480 417 2530 (Arm.
448 2480 510 2520 IV.
546 2479 629 2530 ll.)
669 2484 872 2531 comparat
899 2477 1139 2528 Bernhardy.
1197 2478 1309 2518 Addo
1341 2469 1560 2530 exemplum
1584 2476 1694 2516 'haud

301 2547 421 2600 paulo
453 2546 617 2595 clarius,
656 2546 761 2599 quod
797 2557 845 2585 ex
875 2545 1055 2598 sepulcro
1085 2546 1275 2585 Metellae
1315 2546 1365 2585 ad
1396 2546 1498 2587 viam
1524 2545 1695 2597 Appiam

302 2614 471 2667 posteris
490 2614 685 2665 proditum
703 2618 777 2653 est:
804 2625 1024 2653 CAECILIAE
1049 2625 1084 2660 o.
1105 2625 1274 2653 cunum
1296 2625 1437 2653 FILIAE
1463 2623 1689 2652 METELLAE

305 2693 461 2721 GRAssL
494 2705 545 2710 —
590 2682 731 2721 Totum
767 2681 866 2720 hunc
904 2681 1031 2720 locum
1067 2679 1113 2719 de
1145 2680 1356 2721 domestica
1392 2679 1577 2733 loquendi
1610 2678 1691 2717 ele-

304 2749 441 2798 gantia
473 2750 663 2801 expressit
693 2748 953 2800 Quintilianus
983 2748 1012 2789 1.
1044 2750 1088 2797 1,
1118 2751 1157 2789 6.
