1835 3126
481 110 739 155 BRUTUS
782 111 901 155 CAP.
932 112 999 156 66.
1030 113 1099 164 67,
1366 113 1488 158 262

95 227 197 270 nihil
238 229 402 283 praeter
436 225 641 267 actionem
679 223 775 276 suit,
821 231 961 268 cetera
1001 226 1124 267 etiam
1164 225 1326 268 minora
1363 236 1486 280 quam

95 308 138 348 iu
150 290 155 294 .
167 304 390 360 superiore.

204 379 371 423 LXVII.
412 381 508 422 236.
544 379 603 423 M.
634 380 731 423 Piso
763 381 956 437 quicquid
986 380 1128 423 habuit
1168 379 1312 422 habuit
1341 392 1392 421 ex
1422 379 1486 421 di-

90 459 268 516 sciplina
290 472 560 515 maxumeque
584 472 634 501 ex
659 459 870 510 omnibus,
895 461 963 516 qui
988 467 1081 501 ante
1107 459 1280 509 suerunt,
1308 456 1484 499 Graecis

91 538 289 580 doctrinis
331 538 514 580 eruditus
552 537 638 579 fuit.
697 537 841 580 habuit
876 551 902 580 a
935 544 1083 580 natura
1111 550 1244 592 genus
1276 535 1484 592 quoddam

90 617 314 666 acuminis,
354 616 463 672 quod
501 618 625 658 etiam
666 623 753 658 arte
790 616 1032 667 limaverat,
1071 616 1180 672 quod
1218 621 1306 658 erat
1344 616 1387 656 in
1417 626 1483 655 re-

90 694 394 751 prehendendis
421 694 562 736 verbis
599 701 806 737 versutum
850 702 890 737 et
919 694 1090 744 sollers,
1130 694 1205 736 sed
1237 705 1364 749 saepe
1398 698 1483 734 sto-

90 772 331 815 machosum
359 786 648 828 nonnunquam
679 773 873 827 frigidum
904 772 1105 814 interdum
1136 773 1260 813 etiam
1291 771 1483 812 facetum.

89 852 126 892 is
152 850 339 893 laborem
370 852 488 906 quasi
521 863 683 891 cursum
714 850 923 891 forensem
945 849 1095 890 diutius
1119 861 1202 889 non
1228 847 1340 895 tulit,
1373 846 1483 901 quod

88 936 128 970 et
166 941 338 985 corpore
367 934 457 969 erat
484 926 644 969 infirmo
675 933 714 968 et
742 926 951 968 hominum
990 926 1167 981 ineptias
1196 937 1246 966 ac
1272 923 1482 973 stultitias,

88 1019 194 1061 quae
235 1004 499 1047 devorandae
535 1003 656 1046 nobiS
695 1011 806 1054 sunt,
845 1017 926 1047 non
958 1003 1119 1046 ferebat
1159 1002 1481 1057 iracundiusque

87 1082 309 1140 respuebat
330 1083 417 1125 sive
441 1095 625 1132 morose,
654 1089 695 1124 ut
721 1082 962 1138 putabatur,
995 1084 1083 1123 sive
1115 1083 1295 1136 ingenuo
1324 1080 1482 1123 libero-

87 1175 165 1218 que
204 1161 386 1204 fastidio.
445 1159 486 1202 Is
525 1174 617 1203 cum
655 1162 758 1203 satis
795 1160 1004 1203 floruisset
1044 1159 1312 1209 adolescens,
1349 1160 1484 1200 minor

86 1240 233 1283 haberi
277 1246 340 1282 est
384 1245 552 1295 coeptus
586 1246 745 1296 postea.
814 1239 961 1281 deinde
1002 1252 1053 1281 ex
1086 1239 1292 1293 virginum
1326 1236 1481 1278 iudicio

87 1332 280 1374 magnam
319 1317 485 1359 laudem
526 1324 588 1360 est
619 1318 790 1374 adeptus
821 1324 861 1360 et
891 1331 942 1360 ex
974 1331 1024 1360 eo
1054 1324 1236 1373 tempore
1263 1316 1384 1371 quasi
1413 1327 1482 1356 re-

86 1403 257 1440 vocatus
301 1397 345 1438 in
388 1409 552 1438 cursum
594 1397 722 1438 tenuit
763 1395 901 1439 locum
942 1402 1027 1438 tam
1070 1395 1160 1446 diu,
1205 1407 1328 1450 quam
1368 1393 1479 1436 ferre

171 1530 249 1561 2352
268 1527 429 1563 Lentulus]
450 1528 501 1555 Cn.
521 1528 676 1556 Lentulus.

85 1642 217 1677 ceteris
242 1640 420 1675 medicina
441 1642 536 1684 (nam
562 1652 608 1675 ex
632 1642 673 1674 in
690 1640 853 1674 modum
875 1640 981 1675 facile
1004 1638 1086 1674 fieri
1113 1639 1229 1685 potuit
1253 1637 1480 1682 inridendo)

87 1705 122 1733 et
147 1699 326 1733 sententia
355 1696 544 1742 probabili.
597 1697 672 1730 Sed
696 1697 826 1741 ἐπέχω.

175 1783 253 1817 235.
303 1780 505 1824 Lentulus]
542 1779 606 1814 Cn.
636 1781 745 1825 vulgo
780 1780 938 1814 additum
969 1791 1037 1814 om.
1068 1778 1136 1824 Lg.
1160 1789 1304 1821 omneS‚
1340 1778 1408 1812 Gn.
1436 1779 1480 1821 l.‚

85 1840 224 1873 addidit
254 1837 470 1878 Lambinus,
508 1847 612 1880 quem
644 1847 716 1870 non
747 1848 902 1881 sequor,
939 1837 1022 1881 quia
1055 1836 1101 1870 de
1134 1835 1204 1869 hoc
1231 1836 1294 1870 Cn.
1320 1834 1479 1870 Lentulo

85 1896 171 1930 satis
193 1896 408 1940 disputatum
434 1899 506 1934 est,
534 1899 571 1927 ut
592 1904 668 1927 cum
686 1892 749 1935 Ρ.,
776 1894 835 1938 qui
861 1893 1031 1938 deinceps
1052 1897 1369 1933 commemoratur,
1396 1903 1480 1926 con-

84 1952 183 1986 fundi
208 1962 280 1985 non
307 1951 432 1996 possit.
460 1970 500 1976 —
538 1953 647 1984 vocis
673 1950 725 1993 et]
753 1954 791 1983 et
816 1961 884 1985 om.
912 1950 968 1985 ed.
990 1961 1044 1995 pr.
1066 1969 1113 1975 —
1146 1951 1203 1983 sic
1229 1951 1271 1982 in
1297 1947 1384 1992 hoc]
1411 1948 1481 1983 secl

84 2011 125 2044 in
149 2008 223 2043 hoc
248 2006 382 2049 Ot·ell.;
408 2007 474 2041 sed
498 2007 724 2041 concluditur
749 2007 795 2041 de
818 2018 955 2040 summa
980 2018 1024 2040 ex
1049 2005 1364 2052 praecedentibus.

174 2091 325 2127 LXVII.
373 2091 451 2126 236.
498 2090 778 2134 maxumeque]
814 2089 866 2123 sic
898 2089 965 2135 Lg.
997 2091 1031 2125 8.
1069 2089 1124 2125 51.
1164 2090 1217 2124 53.
1251 2089 1306 2124 58.
1340 2088 1395 2123 68.
1425 2088 1479 2122 70.

83 2149 202 2184 Paulo
241 2154 325 2181 ante
359 2147 510 2181 alterum
544 2145 682 2180 habuit
713 2156 782 2179 om.
810 2145 877 2180 Gu.
906 2147 933 2180 l.
958 2164 1005 2170 ——
1038 2145 1240 2180 interdum
1274 2146 1395 2178 etiam
1417 2143 1480 2189 fa-

85 2205 228 2247 cetum]
264 2202 440 2247 Meyer-us
475 2206 675 2236 versutum
710 2206 747 2236 et
779 2201 917 2236 sollers
954 2202 990 2236 in
1025 2202 1169 2236 laudem
1203 2201 1369 2243 trahens,
1404 2205 1481 2234 sto-

83 2260 318 2295 macho-sum
353 2263 391 2293 et
425 2258 621 2305 friqidum
656 2258 691 2291 in
726 2258 1053 2303 vituperationem,
1090 2270 1136 2292 ne
1172 2269 1311 2292 rursum
1346 2257 1481 2301 aliquid

84 2318 265 2352 laudabile
296 2316 491 2358 inseratur,
522 2321 580 2349 aut
604 2314 799 2359 inficetum
823 2315 930 2348 scribi
956 2315 1055 2349 iubet
1079 2319 1141 2348 aut
1164 2314 1481 2359 transpositionem

86 2373 238 2408 tentari:
275 2372 474 2406 interdum
498 2390 544 2397 ·—-
567 2370 767 2416 facetum,
798 2371 869 2405 sed
894 2383 1012 2418 saepe
1038 2370 1352 2412 stomacho-rum,
1386 2382 1480 2405 non-

85 2441 290 2475 nunquam
309 2428 516 2475 fhz'ssz'dnm.
550 2428 662 2462 Recte
684 2428 768 2462 dicit
786 2427 1005 2473 Bernhardy
1025 2429 1113 2462 illud
1131 2429 1330 2462 orationem
1350 2427 1482 2461 frustra

87 2487 258 2527 dilatare,
294 2487 463 2531 quoniam
496 2497 606 2531 genus
640 2485 802 2531 frigidum
838 2485 931 2519 idem
968 2483 1151 2519 inficetum
1184 2485 1239 2519 sit.
1301 2483 1480 2517 Vera-ntia

88 2548 207 2575 autem
239 2542 306 2576 illa*
335 2548 370 2576 et
403 2541 601 2584 sollertia,
637 2554 729 2588 quae
756 2542 898 2586 quidem
930 2542 1123 2587 perspicax
1152 2547 1206 2576 est
1237 2541 1272 2574 in
1302 2540 1480 2585 agitandis

86 2599 262 2642 ridiculis,
301 2598 487 2643 plurimum
518 2604 580 2633 aut
609 2598 839 2633 stomachosa
863 2604 916 2633 est
949 2603 1009 2632 aut
1033 2598 1181 2644 frigida,
1209 2597 1273 2632 sed
1301 2597 1479 2631 interdum

90 2657 197 2690 etiam
222 2656 339 2691 facete
364 2656 448 2691 dieti
473 2660 596 2691 mater.
619 2676 663 2682 -—
698 2657 868 2701 morose]
894 2667 1050 2692 moroso
1076 2654 1201 2691 Lamb.
1223 2674 1267 2680 —
1296 2654 1479 2701 inqenuo]
