1835 3126
269 157 388 224 138
478 171 675 216 BREVIS
705 170 1098 226 ELOQUENTIAE
1129 172 1264 218 ROM.
1294 173 1438 218 HIST.

265 289 448 343 publicae
474 287 845 339 perniciosissimum
881 300 906 327 a
933 289 1182 340 praetoribus
1215 289 1310 331 viris
1342 289 1588 342 amplissimis
1619 294 1657 329 et

266 355 501 407 gravissima
524 353 678 406 quidem
705 354 850 393 iniuria
872 354 993 394 laesis
1023 357 1207 408 scriptam
1229 356 1358 406 dicas,
1387 357 1455 397 sed
1478 370 1503 396 a
1524 357 1655 409 philo-

266 423 390 474 sopho
429 421 646 473 sapientiae
681 420 882 470 fastigium
916 422 957 460 in
993 423 1113 461 omnis
1151 425 1406 464 contumeliae
1443 424 1655 464 tolerantia

266 494 501 540 quaerente:
544 488 642 527 adeo
682 487 782 527 lenis
821 493 894 536 est,
939 500 987 527 ne
1030 489 1185 528 mollem
1222 496 1259 529 et
1298 492 1488 532 malorum
1523 491 1656 544 publi-

265 567 398 596 corum
429 555 663 607 aequissimo
695 555 822 594 auimo
851 555 1062 606 patientem
1093 555 1216 595 dicam
1241 555 1327 609 (9²).

379 624 607 663 Orationum
644 622 726 661 eius
764 622 1020 674 paucissimas
1059 627 1096 662 et
1132 624 1285 663 nomine
1320 629 1430 663 tenus
1466 625 1656 665 novimus.

263 691 544 742 Antiquissima
582 694 641 729 est
680 701 752 741 pro
788 691 862 738 Ap.
905 689 1061 727 Claudio
1102 689 1218 728 affine
1259 702 1329 729 suo
1370 691 1533 729 ambitus
1572 703 1656 739 reo,

263 770 377 809 quem
407 770 486 797 una
520 769 603 796 cum
632 756 840 810 Hortensio
874 755 1047 795 defendit
1074 768 1110 795 a.
1142 758 1225 796 704
1245 754 1331 807 (⁰3).
1389 757 1499 796 Hunc
1533 757 1654 808 paulo

261 829 353 877 post
384 825 530 863 bellum
565 824 679 864 civile
716 823 933 863 defunctum
970 823 1149 862 oratione
1185 823 1382 871 laudavit,
1424 824 1532 863 cuius
1568 823 1657 863 lau-

264 891 433 931 dationis
471 891 704 943 particulam
743 891 913 931 servavit
950 890 1158 929 Diomedes
1191 888 1275 942 (9⁴).
1342 890 1492 930 Deinde
1535 904 1657 940 regem

262 961 483 996 Deiotarum
505 957 675 998 defendit
706 957 808 1009 apud
834 957 1062 1006 Caesarem;
1094 958 1162 997 sed
1192 969 1240 997 ex
1263 957 1462 998 Ciceronis
1487 958 1655 1009 quadam

262 1024 313 1064 ad
341 1026 509 1064 Atticum
540 1025 708 1077 epistola
737 1025 897 1065 discitur
935 1036 1020 1064 eam
1050 1037 1207 1064 causam
1238 1025 1409 1065 Nicaeae
1440 1025 1580 1064 dictam
1616 1025 1656 1063 in

259 1091 443 1141 Bithynia
473 1103 508 1130 a.
534 1093 614 1131 707
627 1106 636 1139 ;
666 1096 708 1130 ut
735 1092 819 1132 veri
843 1092 968 1130 simile
998 1092 1047 1130 sit
1067 1093 1228 1131 Brutum
1252 1093 1374 1131 fuisse
1402 1093 1442 1131 iu
1463 1093 1518 1131 eis
1546 1092 1654 1141 regis

259 1157 476 1208 hospitibus
502 1161 539 1197 et
561 1158 718 1206 amicis,
746 1169 908 1209 quorum
933 1159 1113 1210 precihus
1135 1164 1258 1197 motus
1285 1158 1433 1198 Caesar
1455 1159 1517 1197 illi
1538 1159 1654 1209 igno-

259 1225 363 1265 visse
393 1223 551 1273 dicitur,
585 1236 669 1263 cum
698 1230 787 1276 post
815 1225 960 1263 bellum
988 1225 1294 1265 Alexandrinum
1325 1226 1358 1264 85
1383 1226 1585 1265 Ponticum
1612 1226 1654 1264 in

259 1291 394 1332 Asiam
421 1291 592 1331 venisset
614 1288 701 1342 (95).
759 1292 937 1344 Denique
969 1298 1290 1332 commemoratur
1319 1295 1439 1330 contio
1467 1295 1507 1330 in
1539 1293 1657 1342 Capt-

259 1359 351 1396 tolio
387 1358 515 1396 habita
541 1358 713 1399 Caesare
749 1359 972 1408 interfecto,
1007 1359 1130 1398 nitida
1164 1360 1237 1398 illa
1266 1364 1302 1399 et
1330 1359 1460 1399 verbis
1498 1359 1555 1397 ita
1585 1370 1653 1398 ex-

259 1425 405 1477 polita,
442 1429 485 1463 ut
512 1426 610 1464 nihil
640 1431 773 1477 posset
802 1439 942 1478 supra,
983 1426 1051 1465 sed
1078 1427 1320 1466 vehementia
1350 1437 1508 1472 carenS,
1549 1425 1654 1476 quod

257 1493 402 1532 Brutus
439 1490 613 1531 docendo
653 1504 768 1543 quam
805 1492 992 1532 movendo
1032 1493 1215 1531 intentior
1256 1503 1399 1531 causae
1429 1503 1523 1530 suae
1561 1503 1653 1531 con-

257 1559 402 1598 fidebat
419 1556 501 1611 (9⁶).
546 1560 761 1599 Praeterea
781 1560 842 1598 sui
866 1559 1070 1599 exercendi
1097 1560 1228 1609 gratia
1251 1572 1319 1609 pro
1335 1559 1481 1596 Mtlone
1505 1559 1653 1598 oratio-

259 1638 346 1666 nem
376 1626 533 1678 scripsit
554 1624 645 1677 (9⁷),
677 1631 714 1665 et
743 1626 862 1665 aliam
893 1627 936 1664 dc
965 1627 1153 1664 dictatura
1179 1628 1346 1676 Pompeii
1369 1622 1452 1674 (9⁸).
1509 1626 1580 1673 Et,
1611 1631 1653 1665 ut

258 1694 306 1732 de
337 1694 474 1732 ceteris
498 1693 609 1731 Bruti
639 1693 793 1745 scriptis
822 1694 994 1733 breviter
1024 1693 1302 1744 defungantur,
1332 1692 1515 1732 Catonem
1546 1692 1650 1732 libro

258 1760 452 1811 singulari
481 1760 677 1808 laudavit,
708 1773 819 1812 quem
848 1762 972 1799 minus
1004 1773 1118 1812 quam
1151 1760 1449 1801 Ciceronianum
1479 1759 1651 1798 eiusdem

258 1827 478 1878 argumenti
518 1827 716 1878 placuisse
757 1827 921 1867 Caesari
962 1827 1128 1876 legimus
1156 1825 1249 1878 (99);
1291 1827 1481 1865 librorum
1518 1819 1649 1878 philo—

259 1895 507 1946 sophicorum
531 1894 574 1930 de
591 1895 736 1931 Virtute
761 1899 798 1932 et
820 1894 862 1930 de
887 1892 1034 1939 Officiis
1062 1894 1102 1932 in
1127 1894 1327 1932 Ciceronis
1351 1894 1649 1932 aemulationem

258 1962 490 2013 scriptorum
521 1965 557 1999 et
587 1961 630 1997 de
653 1963 841 1998 Patientta
872 1959 1062 2011 quaedam
1091 1960 1214 2000 verba
1244 1973 1267 1998 a
1291 1960 1554 2010 grammaticis
1583 1972 1647 1999 re-

256 2029 341 2067 lata
370 2032 522 2067 exstant
545 2024 652 2078 (⁵⁰⁰);
690 2032 1036 2066 commemorantur
1066 2027 1181 2066 etiam
1211 2027 1402 2078 epistolae
1426 2024 1491 2077 (¹)
1532 2032 1569 2066 et
1599 2027 1648 2066 ad

257 2095 467 2134 Caesarem
490 2094 644 2146 quidem
666 2095 835 2145 scriptae
854 2094 1078 2132 nominatim
1095 2092 1173 2144 (2).
1217 2094 1362 2135 Versus
1377 2094 1488 2134 Bruti
1510 2094 1649 2135 lascivi

348 2257 407 2299 92)
433 2257 539 2291 Addo
564 2256 683 2290 Bruto
710 2255 861 2290 subinde
885 2267 1013 2290 versus
1039 2256 1216 2291 excidisse
1242 2269 1263 2290 a
1285 2257 1509 2295 Quintiliano
1536 2270 1648 2293 anno-

258 2315 322 2347 tari
348 2314 408 2348 lX.
435 2316 476 2356 -1,
502 2314 557 2348 76.
676 2313 736 2356 93)
768 2313 840 2347 Cic.
866 2312 971 2346 Brut.
998 2314 1060 2355 9-1,
1085 2313 1162 2346 324.
1280 2315 1338 2357 94)
1366 2315 1484 2349 Dioni.
1510 2327 1544 2360 p.
1567 2316 1645 2351 364.

257 2370 407 2406 Quintil.
440 2371 483 2404 X.
519 2370 558 2412 l,
588 2370 643 2405 23.
687 2370 819 2403 Ascon.
847 2370 868 2404 1.
897 2381 926 2403 c.
971 2369 1095 2403 Scliol.
1119 2369 1294 2406 Bobiens.
1327 2383 1360 2416 p.
1385 2372 1463 2407 276.
1513 2371 1646 2405 Habita

257 2427 318 2459 illa
335 2438 407 2460 11011
427 2432 478 2460 cst
490 2454 499 2465 ,
521 2428 604 2470 quia
622 2427 758 2472 Appius
775 2427 808 2460 in
826 2426 978 2460 Euboea
996 2427 1111 2460 insula
1127 2434 1297 2463 mortuum.
1414 2428 1472 2470 95)
1500 2440 1531 2462 a.
1549 2428 1645 2469 7023

258 2484 386 2517 (vicero
406 2484 438 2517 in
458 2484 527 2517 alia
547 2496 657 2517 causa
675 2495 755 2517 eum
775 2483 934 2516 defendit
955 2495 985 2516 a.
1003 2484 1078 2518 709.
1196 2485 1255 2528 96)
1281 2486 1354 2520 Cic.
1374 2484 1419 2518 ad
1434 2484 1503 2517 Att.
1519 2483 1597 2519 XV.
1616 2484 1645 2518 1.

258 2540 317 2583 97)
353 2540 502 2576 Quintil.
527 2541 570 2575 X.
598 2542 636 2582 l,
658 2539 713 2574 23.
749 2539 792 2573 cs.
812 2539 868 2573 lll.
885 2540 923 2581 6,
940 2539 993 2573 93.
1026 2540 1070 2574 Χ.
1092 2540 1132 2582 5,
1157 2542 1211 2576 ⁶20.
1246 2542 1377 2576 Ascou.
1405 2553 1477 2586 arg.
1504 2552 1555 2574 or.
1573 2540 1647 2574 Mi-

257 2596 329 2630 lon.
355 2608 388 2639 p.
414 2596 469 2629 42.
584 2598 644 2640 98)
672 2596 822 2634 Quintil.
848 2595 908 2630 IX.
932 2596 974 2636 3,
1002 2595 1058 2629 95.
1175 2598 1234 2640 99)
1269 2599 1342 2633 Cic.
1368 2598 1440 2632 ΑΗ.
1469 2597 1562 2631 Xlll.
1588 2598 1643 2630 41.

256 2653 340 2695 50⁰)
382 2652 520 2687 (thuris.
558 2653 582 2687 l.
624 2667 658 2698 p.
691 2654 746 2687 85¹).
788 2652 902 2687 Prisc.
937 2651 998 2686 Vl.
1036 2664 1069 2696 p.
1100 2654 1177 2689 (119.
1223 2655 1389 2688 Dionwd.
1426 2654 1452 2687 l.
1494 2666 1527 2699 p.
1563 2653 1643 2685 378-

263 2708 295 2751 Ι)
328 2709 447 2745 Dioni.
477 2708 501 2745 Ι.
532 2721 567 2755 p.
591 2710 669 2746 383.
709 2710 823 2745 Prisc,
848 2708 909 2744 lx.
935 2720 970 2754 1).
995 2708 1072 2743 503.
1192 2710 1230 2754 2)
1269 2711 1407 2746 Charis.
1433 2709 1478 2745 ll.
1504 2721 1540 2755 p.
1568 2708 1641 2743 105.
