1835 3126
336 215 417 257 AD
449 213 562 257 010.
592 213 863 258 BRUTUM
895 215 1014 259 (JAP.
1042 217 1288 260 10.11.12.
1382 218 1506 264 343

224 326 292 368 XI.
351 329 419 367 42.
476 328 699 379 rhetorzbus]
740 341 817 369 non
849 329 1064 381 significari
1094 337 1280 378 oratores,
1316 336 1357 371 ut
1385 331 1505 372 Hein-

114 393 234 434 dorlio
266 393 358 433 olim
389 394 512 434 visum
542 395 581 434 in
610 396 704 435 Hor.
734 396 858 437 Serm.
885 396 915 436 Ι.
948 399 1018 446 10,
1048 400 1112 437 12.
1143 397 1341 439 docuimus
1370 399 1503 452 Expll.

110 461 150 500 in
179 459 226 499 de
257 460 324 500 Or.
356 458 404 500 ΙΙ.
437 463 484 509 3,
519 463 582 502 10.
642 462 701 502 De
737 474 926 515 perversa
965 464 1057 512 issa,
1099 476 1200 515 quae
1238 476 1286 504 ex
1318 466 1504 505 Isocratis

110 525 246 566 schola
275 539 491 579 progressa
517 534 594 576 est,
625 529 828 569 historiam
855 530 1050 570 tractandi
1078 531 1230 570 ratione
1258 543 1293 571 v.
1319 531 1503 572 Wolfium

108 593 234 645 praes.
277 593 327 648 ad
354 595 657 636 Marcellianam
693 609 731 649 p.
761 596 897 637 XXXI
927 609 1011 649 sqq.
1071 597 1249 638 Ceterum
1280 597 1500 638 Clitarchus

106 664 220 699 notus
251 665 309 700 est
341 662 510 714 scriptor
538 674 667 702 rerum
693 663 909 703 Alexandri
944 676 1021 704 non
1052 665 1183 717 inepto
1214 665 1392 716 ingenio,
1431 663 1500 704 sed

105 726 271 767 tumidus
295 728 409 768 simul
434 734 470 769 et
494 730 640 769 fabulis
663 730 852 779 refertus3
882 730 1116 771 Stratoclem
1138 732 1364 771 historicum
1387 743 1498 771 nemo

104 795 223 834 novit.
282 794 369 835 Non
406 796 579 836 absurda
608 802 665 836 est
693 797 937 849 Bernhardyi
975 799 1146 850 suspicio
1179 799 1305 851 ipsum
1336 798 1497 839 Cicero-

105 872 187 900 nem
231 860 376 902 alicubi
415 876 525 903 usum
563 864 763 904 tralaticia
796 864 870 903 illa
907 865 1014 904 fama
1055 865 1102 905 de
1134 864 1337 905 Coriolani
1374 869 1498 905 morte

105 927 376 968 Themistoclis
407 930 526 969 simili
556 942 680 982 eaque
711 930 758 971 de
787 942 908 970 causa
939 932 979 970 in
1011 928 1127 970 Attici
1156 931 1497 983 reprehensionem

102 994 298 1034 incidisse.

213 1062 281 1100 43.
345 1061 588 1110 Thucydides]
620 1061 650 1101 I.
683 1062 776 1101 138.

214 1127 282 1165 44.
342 1127 389 1164 ab
417 1128 658 1176 Anaxagora
685 1127 852 1177 physico]
891 1127 950 1166 rei
989 1132 1126 1167 auctor
1162 1127 1277 1168 Plato
1312 1127 1494 1168 Phaedro

99 1204 136 1244 p.
153 1193 248 1233 269.
267 1204 321 1240 e.‚
344 1193 504 1244 eiusque
528 1193 680 1233 nomine
697 1192 835 1234 Cicero
860 1194 901 1233 iu
916 1193 1051 1233 eadem
1074 1206 1118 1233 re
1142 1195 1262 1234 utitur
1280 1195 1346 1235 Or.
1363 1196 1409 1243 4,
1429 1194 1494 1235 15.

208 1262 395 1297 suavitate
419 1260 607 1307 hilaratae
620 1266 706 1298 sunt
720 1262 891 1298 Athenae
913 1282 964 1289 ——
985 1261 1245 1311 terroremque]
1270 1264 1494 1299 suavitatem

100 1330 252 1378 spectat
280 1324 320 1365 in
344 1326 477 1378 primis
508 1326 624 1374 illud,
655 1327 758 1378 quod
789 1328 944 1367 comicis
968 1327 1092 1367 dictus
1119 1327 1318 1366 auditores
1342 1326 1495 1366 dicendi

99 1392 358 1432 delectatione
387 1392 626 1441 demulcere,
658 1392 825 1447 κηλεῖν;
855 1407 891 1435 v.
922 1393 973 1434 ad
995 1396 1043 1444 9,
1070 1394 1136 1434 38.
1193 1393 1254 1433 Ea
1283 1393 1492 1434 delectatio

98 1470 184 1499 cum
213 1471 361 1498 summa
390 1458 580 1510 dignitate
609 1460 799 1500 sentiendi
832 1460 1020 1514 loquendi
1049 1465 1086 1500 et
1115 1460 1260 1510 agendi
1289 1461 1494 1500 coniuncta

98 1531 202 1566 erat:
233 1537 305 1566 nec
333 1531 528 1578 repugnat
556 1527 678 1577 igitur
706 1527 803 1567 haec
834 1529 1024 1567 sententia
1055 1527 1166 1567 dictis
1195 1527 1235 1566 in
1266 1526 1493 1568 Officiorum

96 1593 126 1633 Ι.
152 1594 223 1641 30,
252 1594 350 1633 108:
380 1605 469 1631 nam
499 1605 523 1632 a
551 1593 705 1632 facetiis
736 1599 773 1633 et
800 1594 968 1634 iocando
1000 1594 1278 1633 alienissimum
1300 1594 1493 1633 Periclem

94 1659 218 1699 fuisse
252 1664 415 1700 constat.
473 1659 707 1699 Plutarchus
735 1660 878 1701 Pericl.
909 1661 953 1702 5:
995 1657 1046 1701 οὐ
1081 1655 1216 1712 μόνον
1255 1657 1330 1700 τὸν
1361 1655 1491 1712 λόγον

94 1720 272 1779 ὑψηλόν
302 1718 389 1777 εἶχε
419 1722 493 1766 καὶ
519 1722 721 1780 καθαρὸν
750 1720 928 1782 ὀχλικῆς
957 1723 1032 1767 καὶ
1060 1722 1315 1781 πανούργου
1342 1727 1492 1778 βωμο-

97 1788 267 1844 λοχίας,
302 1787 414 1833 ἀλλὰ
444 1788 518 1833 καὶ
546 1788 792 1847 προςώπου
823 1789 1032 1842 σύστασις
1061 1786 1297 1846 ἄθρυπτος
1327 1787 1392 1841 εἷς
1420 1790 1492 1844 γέ-

96 1857 228 1900 λωτα.
288 1859 424 1901 Simile
456 1859 654 1910 ingenium
683 1860 758 1900 viri
788 1861 962 1912 quamvis
991 1860 1151 1899 minoris
1180 1860 1226 1899 L.
1258 1858 1394 1899 Crassi
1422 1857 1490 1898 de-

96 1927 279 1966 scribitur
302 1939 334 1966 c.
354 1928 429 1973 40,
452 1927 552 1966 148:
586 1927 746 1964 Crassus
766 1929 806 1964 in
829 1940 977 1965 summa
997 1929 1171 1965 comitate
1194 1926 1353 1964 habebat
1377 1928 1490 1963 etiam

93 1996 305 2031 severitatis
339 1995 447 2030 satis.
510 1995 648 2031 Terror
685 1997 743 2032 est
776 1993 940 2046 impetus
978 1998 1015 2032 et
1048 1993 1292 2034 vehementia
1324 1991 1489 2041 dicendi,

51 2091 56 2098 .
94 2060 234 2112 quibus
265 2060 385 2099 animi
415 2059 651 2099 audientium
680 2065 900 2108 moventur,
930 2055 1150 2113 ὁεινότης;
1181 2072 1216 2100 v.
1250 2071 1281 2098 c.
1301 2060 1368 2108 77,
1393 2060 1487 2099 268.

93 2125 244 2167 Fontei.
267 2129 333 2167 11.
377 2122 438 2166 De
460 2126 626 2166 Periclis
656 2126 898 2166 vehementia
925 2131 1056 2165 notum
1078 2126 1351 2178 Aristophanis
1380 2126 1489 2165 testi-

92 2194 261 2233 monium
288 2194 457 2233 Acharn.
488 2192 582 2232 531.
624 2203 699 2244 quo
732 2186 962 2245 ἀστράψαι
993 2197 1030 2231 et
1058 2192 1300 2246 βροντῆσαι
1329 2192 1488 2232 dicitur:

97 2272 173 2312 quo
203 2272 296 2299 usus
321 2260 460 2300 Cicero
487 2259 553 2298 Or.
576 2260 622 2306 9,
650 2260 720 2298 29:
751 2259 936 2304 Pericles,
967 2262 1001 2296 si
1028 2261 1129 2302 tenui
1153 2271 1284 2307 yenere
1311 2264 1486 2303 uteretur,

94 2338 285 2376 nunquam
315 2321 362 2362 ab
377 2326 630 2375 Aristophane
658 2330 768 2375 poeta
790 2326 933 2374 fulgere
961 2331 1092 2363 tonare
1121 2328 1339 2375 permiscere
1366 2326 1489 2362 Grae-

96 2396 194 2430 ciam
224 2393 343 2429 dictus
372 2398 476 2429 esset.
535 2390 682 2431 Eodem
711 2396 886 2444 spectant
916 2391 1153 2443 Thucydidis
1180 2391 1303 2431 verba
1331 2391 1379 2431 II.
1411 2391 1486 2432 65:

95 2454 236 2500 ὁπότε
266 2458 369 2510 γοῦν
395 2453 605 2499 αἴσθοιτό
635 2472 678 2499 τι
702 2454 862 2506 αὐτοὺς
885 2455 1012 2513 παρὰ
1039 2454 1192 2512 καιρὸν
1217 2454 1344 2511 ὕβρει
1370 2459 1486 2512 θαρ-

95 2525 298 2574 σοῦντας,
329 2522 464 2577 λέγων
495 2521 792 2579 κατέπλησσεν
823 2521 899 2565 ἐπὶ
928 2522 976 2565 τὸ
1008 2526 1277 2580 φοβεῖσθαι,
1310 2522 1385 2565 καὶ
1416 2523 1487 2564 δε-

96 2588 249 2640 διότας
278 2585 333 2632 αὖ
364 2586 537 2644 ἀλόγως
567 2586 857 2645 ἄντικαθίστη
886 2587 1022 2632 πάλιν
1052 2588 1129 2632 ἐπὶ
1156 2587 1205 2630 τὸ
1237 2590 1441 2639 θαρσεῖν.

207 2658 294 2698 XII.
353 2659 420 2699 45.
479 2673 544 2697 nec
570 2662 666 2697 euim
692 2662 731 2696 in
754 2658 1068 2708 constituentibus]
1099 2662 1204 2697 recte
1232 2656 1391 2697 iudicat.
1435 2657 1486 2696 At

97 2727 134 2766 in
164 2726 243 2766 Inv.
274 2727 303 2766 Ι.
339 2729 374 2767 1.
405 2731 442 2766 et
471 2725 517 2766 tle
548 2726 614 2767 Or.
646 2725 675 2765 Ι.
705 2727 752 2775 4,
787 2727 851 2766 14.
887 2726 962 2766 hoc
992 2726 1117 2777 ipsum
1145 2724 1319 2765 civitates
1351 2722 1484 2764 condi-
