1835 3126
17 227 19 250 <⁴
17 200 19 206 ⁴
6 0 21 150 *Qu-§m

327 216 408 259 AD
442 214 554 258 CIC.
585 213 852 257 BRUTUM
884 215 1002 260 CAP.
1026 217 1093 260 81.
1116 217 1183 261 82.
1207 217 1273 260 83.
1387 219 1505 267 421

110 345 187 373 non
217 331 311 371 satis
342 331 574 383 percipitur,
604 328 672 369 sed
702 329 1000 381 intelligentiam
1030 331 1249 371 auditorum
1278 333 1391 384 fugit.
1439 333 1502 373 Id-

109 410 183 451 que
219 398 258 436 in
288 398 421 450 primis
453 397 556 437 cadit
593 397 632 436 in
663 408 747 436 eum
778 402 992 446 oratorem,
1034 399 1100 451 qui
1137 411 1162 437 a
1190 400 1327 451 populi
1356 400 1500 440 iudicio

106 464 262 504 recedit.
320 464 423 504 Fons
454 470 580 505 autem
617 464 912 515 significationis
942 465 1174 517 repetendus
1206 471 1263 505 est
1293 467 1341 505 ab
1373 467 1498 507 avidi-

103 536 182 571 tate
213 531 320 571 cibos
358 532 441 571 sine
470 537 583 583 gustu
614 530 892 571 devorantium.
950 532 986 571 Is
1016 532 1236 573 illustratur
1263 532 1352 573 loco
1385 534 1496 574 Cice-

101 598 208 637 ronis
239 599 278 638 in
308 599 496 639 Sextiana
524 600 596 645 10,
621 599 692 637 23:
723 598 872 636 verbum
899 600 1021 648 ipsum
1051 598 1298 652 (voluptatis)
1328 601 1496 639 omnibus

101 665 222 703 modis
252 668 370 703 αηὶπιὶ
399 671 432 702 et
463 667 629 714 corporis
659 664 873 702 devorabat.

214 732 307 771 284.
366 731 546 780 Atticum]
578 742 661 770 cum
691 731 765 770 hac
796 730 843 770 de
868 731 1058 771 atticismo
1087 744 1181 772 vero
1213 737 1250 772 et
1279 733 1381 773 falso
1413 733 1492 773 dis-

97 798 297 850 putatione
334 802 440 837 recte
480 797 728 837 conferentur
759 798 838 837 loci
870 798 1118 839 Ciceroniani
1149 800 1215 839 Or.
1246 802 1289 848 9,
1322 802 1376 840 28
1405 812 1492 853 sqq.

98 865 146 905 de
176 869 255 917 opt.
285 875 374 916 gen.
402 869 516 904 oratt.
543 866 588 913 3,
613 867 637 905 7
661 878 746 917 sqq.
778 870 815 905 et
845 864 1105 915 Quintilianus
1124 866 1212 905 XII.
1239 868 1309 914 10,
1337 868 1386 906 13
1404 879 1489 919 sqq.

209 933 303 972 285.
364 931 699 981 dissimulitudines]
725 932 865 972 dicitnr
889 932 936 971 de
956 933 1093 972 Atticis
1114 932 1153 973 in
1177 932 1312 971 eodem
1332 944 1490 983 genere,

95 998 201 1039 velut
225 999 423 1047 oratorio,
455 998 726 1046 dissimilibus;
757 1009 806 1037 ex
833 999 907 1037 hac
930 998 1171 1037 diversorum
1195 1000 1490 1050 comparatione

94 1065 329 1117 perspicitur
359 1070 453 1116 quot
481 1076 630 1115 genera
652 1063 805 1103 dicendi
834 1063 939 1115 apud
955 1064 1104 1104 Atticos
1126 1063 1272 1105 fuerint
1301 1070 1338 1104 et
1360 1070 1488 1105 tamen

94 1131 134 1171 in
164 1143 234 1170 suo
258 1132 422 1182 quisque
445 1142 590 1181 genere
618 1130 827 1182 probatus:
855 1142 891 1169 v.
918 1129 965 1169 de
989 1130 1054 1171 Or.
1079 1130 1126 1170 II.
1152 1133 1225 1179 23,
1250 1133 1317 1171 94.
1360 1132 1486 1172 Paulo

93 1198 209 1237 aliter
234 1198 332 1237 haec
357 1197 583 1238 Schuetzius
614 1196 814 1249 explicuit.
871 1196 931 1235 De
961 1196 1152 1236 similibus
1183 1197 1286 1250 apud
1314 1198 1485 1239 Graecos

22 1255 23 1261 ¹
92 1263 179 1304 vide
208 1264 461 1304 Bensclerum
490 1265 531 1303 in
560 1264 680 1303 Isocr.
711 1263 912 1313 Areopag.
942 1275 980 1314 p.
1011 1263 1102 1302 108.

203 1330 388 1381 floridior]
432 1330 619 1382 „figurae
663 1328 897 1379 significatio
942 1334 1092 1381 spectat
1135 1327 1185 1367 ad
1229 1329 1486 1380 gestationem

90 1398 252 1437 vestium
273 1397 464 1448 pictarum
489 1390 717 1447 (ἀνθινῶν)
740 1395 1007 1436 meretricibus
1031 1395 1157 1446 magis
1184 1408 1298 1447 quam
1313 1396 1485 1436 honestis

88 1462 305 1503 hominibus
347 1468 657 1502 consentaneam.
715 1462 935 1501 Demetrius
978 1463 1117 1513 igitur,
1162 1462 1229 1513 qui
1269 1463 1485 1502 castitatem

91 1530 280 1569 orationis
316 1530 468 1569 Atticae
510 1529 720 1582 putabatur
762 1528 978 1577 inflexisse,
1020 1529 1302 1569 versicolorem
1337 1534 1484 1569 vestem

90 1596 213 1637 dictus
236 1601 294 1636 est
313 1596 426 1636 libris
448 1597 527 1636 suis
550 1595 742 1635 induisse:
765 1608 801 1636 v.
820 1595 980 1644 Quintil.
997 1596 1047 1635 X.
1069 1597 1103 1644 1,
1123 1597 1217 1635 33.“
1247 1596 1481 1643 Bernhardy.

200 1663 417 1703 LXXXIII.
478 1664 572 1704 286.
634 1662 842 1711 Charisius]
876 1675 913 1703 v.
944 1663 1094 1702 Ruhnk.
1125 1662 1165 1701 in
1194 1662 1314 1702 Rutil.
1346 1674 1383 1714 Ρ.
1413 1664 1481 1702 37.

89 1734 126 1770 et
154 1730 194 1769 in
213 1730 310 1769 Hist.
337 1730 403 1771 Cr.
427 1731 493 1770 Or.
520 1730 585 1771 Gr.
616 1741 654 1782 p.
673 1729 795 1770 XCII.
838 1731 873 1769 A
896 1729 1116 1769 Menandro
1143 1729 1290 1768 comico
1319 1729 1360 1769 in
1383 1729 1482 1768 scri-

86 1796 212 1837 bendo
239 1797 391 1836 adiutus
414 1797 615 1836 serebatur
644 1801 806 1849 propter
831 1797 1050 1836 orationum
1074 1796 1271 1845 argutias:
1302 1808 1339 1835 v.
1360 1796 1481 1844 Quin-

85 1863 262 1903 tilianum
285 1864 335 1904 X.
370 1866 413 1913 1,
444 1865 510 1903 70.
529 1884 585 1892 ψ-
617 1863 832 1900 Multarum
860 1865 1072 1900 orationum
1104 1866 1240 1900 orator
1269 1860 1410 1900 (licitur
1438 1865 1481 1900 ut

86 1930 225 1970 mulier
253 1931 457 1968 multarum
485 1931 701 1979 nuptiarum
728 1926 830 1978 (Cic.
860 1929 937 1967 Att.
967 1926 1071 1965 XIII.
1103 1926 1192 1975 29.)
1227 1931 1264 1966 et
1292 1927 1479 1966 Horatia-

86 2009 175 2036 num
205 1997 380 2034 Damalis
407 1997 516 2033 mztlti
544 1998 658 2041 mem
702 1995 809 2034 cuius
839 1994 993 2034 dicendi
1021 2006 1115 2033 usus
1154 1998 1335 2033 auctores
1366 1992 1480 2032 affert

84 2063 313 2115 Bernhardy
348 2063 474 2115 Intpp.
511 2061 623 2103 Ovid.
659 2061 757 2101 Met.
793 2060 894 2101 XIV.
926 2063 1022 2101 292.
1080 2060 1279 2100 Dukerum
1316 2060 1356 2099 in
1390 2060 1477 2101 Liv.

84 2129 149 2171 111.
180 2132 247 2171 62.
291 2129 445 2171 Walch.
477 2129 517 2167 in
548 2127 642 2166 Tac.
671 2127 806 2178 Agric.
836 2129 875 2168 9.

198 2195 459 2245 Demochares]
491 2207 525 2235 v.
557 2194 709 2234 Ruhnk.
739 2194 778 2233 in
806 2193 925 2234 Rutil.
957 2206 993 2246 Ρ.
1024 2195 1048 2233 7
1075 2205 1161 2245 sqq.

197 2261 392 2312 Heyeszas]
430 2275 466 2302 v.
497 2261 648 2301 Ruhnk.
677 2261 718 2300 in
748 2260 867 2301 Rutil.
897 2273 935 2313 Ρ.
968 2259 1021 2301 25
1051 2272 1137 2312 sqq.
1196 2259 1306 2298 Hunc
1336 2257 1474 2299 Cicero

86 2330 179 2370 dicit
196 2329 363 2369 Atticum
387 2328 463 2367 sibi
484 2329 610 2380 ipsum
632 2328 775 2376 visum,
807 2328 900 2380 quia
925 2327 1142 2378 elegantem
1169 2330 1366 2366 oratorem
1390 2337 1476 2365 sese

83 2396 266 2450 putabat:
295 2396 422 2435 Attice
445 2396 544 2435 enim
576 2400 612 2434 et
641 2395 834 2434 subtiliter
863 2394 993 2434 dicere
1017 2393 1151 2434 eadem
1182 2398 1248 2432 aut
1271 2393 1477 2432 coniuncta

85 2462 418 2504 existimabantur.
476 2462 556 2503 Sed
592 2462 626 2501 is
654 2463 868 2502 Asiaticum
901 2460 1053 2501 dicendi
1082 2472 1205 2512 genus
1242 2460 1408 2500 fractum
1439 2464 1476 2499 et

85 2530 215 2570 inutili
251 2541 336 2569 cum
368 2534 518 2569 tumore
554 2533 632 2568 tum
661 2529 820 2581 argutia
854 2529 1010 2582 plenum
1045 2529 1192 2581 primus
1223 2526 1474 2578 excogitavit.

87 2597 234 2637 Tamen
256 2597 519 2637 Romanorum
541 2596 709 2637 Varroni
736 2596 872 2648 pingui
894 2596 1077 2636 Minerva
1106 2593 1362 2634 existimaturi
1387 2592 1474 2644 pla-

88 2664 183 2703 cuit:
213 2676 248 2705 ν.
273 2662 353 2704 Cic.
379 2664 456 2703 Att.
479 2662 566 2703 XII.
586 2664 625 2704 6.
656 2662 840 2704 Mueller.
864 2663 904 2701 in
917 2663 1032 2704 Varr.
1058 2661 1105 2701 de
1128 2662 1174 2701 L.
1190 2661 1235 2701 L.
1261 2672 1300 2712 p.
1316 2653 1485 2699 XXXV?

89 2730 175 2772 Non
205 2731 367 2784 aequius
394 2729 533 2772 Cicero
563 2730 772 2783 Hegesiam
800 2729 947 2770 iudicat
973 2729 1014 2769 in
1038 2728 1206 2770 Oratore
1235 2728 1304 2775 67,
1327 2727 1421 2766 226.
