1835 3126
374 157 571 201 BREVIS
604 156 998 210 ELOQUENTIAE
1029 160 1164 204 ROM.
1195 162 1338 206 IIIST.
1483 166 1555 210 61

168 273 312 314 Flacco
343 273 465 323 gessit
488 285 523 311 a.
548 273 629 313 657
659 284 734 312 nou
766 273 965 313 immunem
989 276 1186 316 criminum
1218 283 1254 317 et
1285 279 1556 319 accusationis.

167 342 202 381 A
224 340 400 380 Duronio
433 340 547 387 enim,
579 351 691 391 quem
721 342 915 381 tribunum
944 343 1044 393 legis
1068 346 1330 396 sumptuariae
1360 345 1556 385 tollendae

167 412 365 446 auctorem
395 411 530 446 senatu
555 413 749 455 moverat,
781 421 870 448 rcus
902 409 948 449 de
972 410 1116 449 ambitu
1144 411 1270 450 factus
1297 418 1353 451 cst
1370 410 1457 462 (⁷¹);
1489 412 1556 452 sed

167 473 353 513 credibile
388 479 463 521 est,
507 474 609 525 quod
640 475 801 525 Pighius
833 476 944 524 dicit,
985 489 1142 516 causam
1172 478 1311 518 dietam
1349 492 1426 520 non
1457 492 1554 519 esse.

166 540 416 593 Quanquam,
450 542 483 580 si
513 547 601 593 post
626 543 894 593 magistratum
918 543 1138 584 abdicatum
1167 545 1206 584 in
1227 546 1409 586 iudicium
1439 548 1555 595 venit,

164 609 387 661 plenissime
427 609 646 648 ahsolutum
686 621 770 649 esse
807 612 1014 650 Antonium
1059 613 1172 651 etiam
1216 613 1299 652 sine
1337 615 1555 654 testimonio

166 676 313 715 clarum
345 681 413 715 est.
475 676 568 715 Cum
607 678 705 715 enim
744 689 768 716 a
795 678 1105 729 periclitantibus
1142 680 1220 718 reis
1261 680 1389 720 nullus
1419 686 1555 733 patro-

166 756 235 782 nus
260 743 468 782 studiosius
492 749 755 794 expeteretur,
787 756 970 782 summam
995 745 1076 783 eius
1102 746 1141 783 in
1164 745 1252 784 foro
1278 747 1445 796 gratiam
1470 759 1556 787 esse

165 810 382 862 oportebat.
451 808 602 860 Quippe
639 821 686 847 ne
727 810 901 859 privatas
940 809 1091 860 quidem
1133 821 1272 849 causas
1309 812 1554 863 repudiabat,

164 876 231 915 sed
263 876 407 925 agebat
437 874 630 922 studiose,
669 887 754 914 cum
783 876 822 914 in
851 876 936 915 iure
968 876 1074 915 civili
1102 877 1198 915 nihil
1229 877 1431 917 admodum
1462 892 1554 931 pos-

163 947 221 982 set
245 938 326 991 (7'2).
387 940 466 981 Sed
495 941 630 980 harum
662 938 819 993 quidem
846 942 1072 982 tenuissima
1101 945 1287 983 memoria
1315 945 1455 985 relicta
1486 952 1555 995 est,

162 1020 232 1048 nec
268 1008 438 1047 fortasse
467 1008 602 1056 ullius,
641 1014 916 1061 praeterquam
953 1010 1011 1049 M.
1041 1010 1165 1050 Marii
1196 1011 1430 1061 Gratidiani,
1471 1026 1555 1053 cum

162 1076 328 1117 Crassus
360 1076 577 1115 contrarias
606 1081 738 1128 partes
769 1082 942 1116 tueretur
958 1073 1042 1128 (73).
1099 1077 1349 1119 Publicarum
1379 1081 1556 1122 crebrior

164 1144 304 1184 mentio
344 1142 397 1182 fit.
463 1142 506 1181 In
550 1144 635 1195 ipso
673 1144 770 1183 enim
811 1144 1015 1184 consulatu
1053 1150 1141 1183 acta
1177 1157 1297 1186 causa
1337 1147 1555 1188 clarissima

162 1213 218 1253 M'
243 1210 392 1263 Aquilii
420 1210 476 1250 M'
507 1209 570 1258 F.‚
605 1211 671 1262 qui
697 1211 804 1252 bello
836 1224 920 1251 cum
949 1211 1124 1262 fugitivis
1155 1217 1192 1251 et
1221 1212 1318 1253 duce
1339 1215 1556 1255 Athenione

162 1280 202 1319 in
238 1278 378 1319 Sicilia
419 1276 588 1316 feliciter
627 1278 802 1318 confecto
845 1278 1149 1331 repetundarum
1191 1291 1281 1319 reus
1322 1281 1449 1321 factus
1485 1288 1554 1323 est.

162 1347 370 1388 Criminum
400 1357 483 1384 cum
512 1345 651 1395 negari
685 1346 783 1385 nihil
811 1352 963 1399 posset,
1003 1347 1191 1386 Antonius
1218 1347 1440 1399 Hyperiden
1468 1350 1555 1388 imi-

160 1419 284 1461 tatus,
322 1413 389 1464 qui
424 1412 598 1462 Phrynes
634 1413 842 1464 impietatis
878 1425 972 1453 reae
1007 1413 1179 1465 papillas
1217 1413 1409 1454 iudicibus
1446 1428 1554 1456 mon—

162 1479 320 1520 strando
372 1478 570 1517 mulierem
614 1478 850 1519 damnationi
894 1481 1060 1531 eripuit,
1112 1481 1280 1519 tunicam
1330 1494 1354 1520 a
1396 1488 1555 1534 pectore

161 1548 217 1589 M'
247 1546 397 1598 Aquilii
436 1544 589 1584 discidit
627 1551 664 1585 et
703 1546 948 1586 cicatricibus
993 1546 1147 1585 nudatis
1184 1548 1407 1588 memoriam
1440 1549 1554 1589 forti-

162 1613 304 1654 tudinis
346 1612 571 1652 renovando
618 1613 834 1665 expressit,
878 1618 919 1651 ut
961 1613 1232 1653 absolveretur
1264 1611 1346 1665 (⁷⁴¹).
1416 1617 1555 1656 Altera

162 1693 283 1720 causa
318 1680 476 1733 publica
510 1680 630 1730 longe
661 1679 879 1718 clarissima
909 1684 966 1717 est
997 1679 1040 1719 C.
1071 1680 1171 1719 Iunii
1199 1680 1375 1720 Norbani
1409 1683 1554 1722 tribuni

160 1748 299 1800 plebis.
358 1747 394 1786 Is
432 1746 640 1796 rogatione
678 1746 718 1784 in
756 1745 801 1795 Q.
836 1745 1045 1791 Servilium
1077 1746 1313 1799 Caepionem
1348 1748 1449 1797 lata,
1488 1751 1553 1802 qui

160 1827 232 1853 sua
273 1813 433 1863 ignavia
471 1813 594 1853 victus
637 1824 662 1852 a
702 1813 871 1853 Cimbris
909 1813 1056 1861 suerat,
1101 1813 1353 1855 adversantes
1397 1822 1553 1857 senatus

158 1955 383 2000 provinciam
405 1954 608 1997 habuisset,
639 1957 832 1991 occasione
858 1956 1028 1991 caruisset
1052 1955 1247 1991 seditiosos
1271 1958 1307 1991 in
1330 1958 1420 1993 urbe
1441 1958 1553 1994 homi-

158 2023 223 2046 nes
256 2011 458 2057 frangendi.
507 2012 617 2058 Igitur
648 2013 902 2058 proconsulem
939 2013 1088 2049 Ciliciae
1122 2018 1352 2058 quaestorem
1385 2015 1553 2051 habuisse

159 2068 451 2104 existimabimus.
500 2069 610 2107 Quod
646 2082 724 2104 cum
757 2070 939 2116 praesidio
973 2069 1017 2104 ab
1043 2069 1133 2103 urbe
1164 2069 1321 2105 abfuisse
1345 2072 1552 2115 Antonium,

157 2137 236 2159 cum
261 2125 479 2160 Saturninus
506 2126 642 2160 occisus
667 2128 731 2168 sit,
758 2127 888 2161 Cicero
916 2126 1002 2160 dicit
1028 2138 1062 2170 p.
1081 2125 1204 2162 Rabir.
1228 2126 1339 2162 Perd.
1361 2127 1412 2169 9.,
1437 2129 1552 2172 ipsum

159 2182 420 2226 proconsulare
447 2182 596 2216 Ciliciae
620 2182 805 2226 imperium
831 2186 982 2225 spectat.

251 2237 310 2280 71)
335 2237 416 2271 Val.
434 2236 537 2271 Max.
557 2236 600 2271 11.
621 2237 663 2278 9,
689 2238 719 2271 5.
758 2237 802 2271 cf.
827 2238 900 2272 Cic.
923 2237 969 2271 de
992 2234 1057 2271 Or.
1080 2235 1120 2271 Π.
1140 2237 1203 2279 68,
1223 2237 1299 2271 275.
1338 2236 1378 2273 In
1401 2251 1553 2275 censura

158 2299 277 2328 rostra
302 2293 446 2328 ornavit
470 2304 515 2327 ex
539 2293 735 2336 manubiis,
768 2294 841 2329 Cic.
868 2294 914 2328 de
941 2291 1004 2328 Or.
1029 2291 1089 2327 ΙΙΙ.
1115 2292 1154 2335 3,
1181 2293 1234 2328 10.
1355 2296 1413 2339 72)
1444 2296 1550 2334 Brut.

157 2350 214 2392 57,
232 2349 310 2384 207.
344 2349 387 2384 cf.
408 2349 454 2384 de
471 2348 535 2385 Or.
553 2349 579 2385 l.
598 2350 660 2392 38,
682 2349 756 2384 172.
877 2350 936 2394 73)
962 2350 1035 2385 Cic.
1055 2347 1124 2384 Off.
1141 2348 1198 2384 Ill.
1222 2349 1275 2385 16.
1393 2352 1450 2397 74)
1479 2353 1550 2389 Cic.

158 2406 204 2440 de
220 2403 283 2441 Or.
308 2405 428 2449 11.‘28‚
445 2406 519 2441 124.
556 2407 680 2441 Aecus.
697 2406 802 2440 Verr.
817 2406 861 2440 V.
883 2406 910 2440 l.
933 2418 966 2451 p.
981 2406 1113 2440 Flacco
1131 2405 1186 2440 39.
1220 2405 1303 2442 Liv.
1326 2408 1409 2453 epit.
1424 2409 1550 2453 LXX„

159 2462 217 2507 qui
239 2462 451 2497 Ciceronem
475 2463 590 2497 solum
616 2464 691 2498 eius
711 2464 765 2497 rei
791 2468 976 2497 auctorem
1002 2463 1104 2505 dicit,
1128 2462 1339 2500 Quintilian.
1366 2464 1404 2499 ΙΙ.
1433 2466 1494 2509 15,
1520 2467 1549 2501 7.

157 2519 350 2553 Accusavit
374 2519 553 2564 Aquilium
578 2520 616 2555 C.
634 2518 783 2561 Fufius,
815 2532 888 2554 non
907 2518 1083 2554 Lentulus
1107 2519 1275 2565 princeps
1293 2527 1456 2565 senatus,
1489 2524 1549 2568 qui

157 2587 236 2610 cum
257 2575 382 2610 consul
405 2576 528 2611 suisset
548 2588 580 2612 a.
598 2576 684 2620 592,
709 2577 756 2611 ad
777 2577 923 2612 Antonii
940 2576 1160 2611 consulatum
1181 2587 1213 2611 a.
1228 2576 1296 2611 655
1318 2579 1381 2613 vix
1409 2580 1548 2622 vivere,

157 2632 290 2666 nedum
316 2644 442 2667 causas
466 2645 575 2680 agere
600 2634 729 2680 potuit.
778 2634 859 2669 Nec
882 2633 1026 2679 reperio
1054 2644 1126 2679 quo
1151 2637 1242 2668 teste
1268 2645 1352 2668 usus
1371 2634 1547 2670 Ernestus

157 2687 348 2724 Lentulum
371 2690 506 2736 Aquilii
530 2697 779 2727 accusatorem
805 2691 947 2728 dixerit.
997 2689 1051 2727 Cf.
1077 2690 1150 2726 Cic.
1178 2688 1251 2726 Off.
1276 2690 1318 2725 11.
1346 2692 1408 2735 14,
1434 2691 1489 2727 50.
