1835 3126
375 235 598 279 RERUM
629 234 691 278 IN
720 235 882 279 HIST.
913 236 1098 290 ELOQ.
1127 236 1352 280 EXPLL.
1438 237 1562 283 443

178 347 326 383 Titinia
350 359 373 382 a
396 348 505 383 Cotta
528 347 657 382 marito
685 351 721 382 et
743 347 924 382 Cicerone
948 347 1100 383 defensa
1123 348 1178 383 30.
1203 348 1258 383 32.

176 404 213 439 G.
243 403 370 439 Titius
397 409 521 439 orator
544 404 610 438 33:

172 458 266 495 Sex.
299 459 429 496 Titius
453 461 646 495 seditiosus
670 459 724 494 33.
750 479 794 485 -
827 459 863 494 ἰη
891 471 969 494 eum
996 461 1112 495 oratio
1137 461 1284 496 Antonii
1308 460 1362 497 26.

171 516 217 550 de
248 515 461 564 Triumpho
487 528 554 552 suo
579 517 700 552 contio
725 515 870 551 Metelli
894 516 1077 553 Numidici
1100 517 1156 553 23.

172 571 229 607 M.
259 572 481 610 Tuditanus
506 573 539 610 6.

180 739 316 776 Ulixes
341 746 378 775 et
399 740 537 775 Nestor
562 739 731 784 exempla
755 739 984 785 eloquentiae
1009 741 1106 786 apud
1128 741 1322 777 Homerum
1352 742 1380 775 l.

172 808 240 843 pro
273 795 460 833 Urbiniae
482 796 678 831 heredibus
705 796 822 832 oratio
847 796 1028 832 Pollionis
1051 797 1106 833 53.

175 963 234 999 M.
272 964 450 1000 Valerius
475 964 684 1001 Maximus
708 966 865 1000 dictator
887 966 920 1001 6.

174 1020 232 1057 M.
266 1021 415 1057 Valerii
440 1021 657 1057 Messallae
687 1021 846 1058 Corvini
870 1033 931 1056 res
955 1020 1160 1066 explicatae
1186 1020 1242 1055 54.

173 1077 230 1112 M.
258 1076 439 1113 Valerius
461 1078 625 1113 Potitus
651 1078 684 1113 6.

173 1145 241 1180 pro
280 1134 514 1180 Varqunteio
542 1134 659 1168 oratio
683 1132 869 1167 Hortensii
892 1131 947 1166 43.

177 1189 221 1232 Q.
261 1190 401 1226 Varius
425 1190 668 1225 Sucronensis
689 1189 744 1225 33.
770 1208 816 1214 -
849 1189 931 1235 lege
955 1189 1071 1224 Varia
1093 1189 1210 1224 oratio
1235 1189 1365 1224 Cottae
1389 1190 1433 1225 ab
1459 1190 1564 1224 Aelio

220 1246 361 1281 Stilone
386 1247 520 1292 scripta
543 1246 598 1282 30.

188 1303 312 1338 Varro
339 1303 464 1338 Caelio
490 1303 619 1338 librum
645 1302 825 1348 inscripsit
847 1302 903 1336 50.

188 1360 369 1394 Vatinius
394 1371 415 1393 a
439 1360 555 1394 Calvo
581 1360 636 1394 bis
661 1364 847 1394 accusatus
872 1357 928 1392 51.

175 1417 222 1451 de
257 1416 513 1462 Vectiqalium
536 1416 648 1450 Asiae
673 1415 928 1450 constitutione
952 1414 1069 1449 oratio
1093 1413 1291 1448 Messallae
1315 1413 1369 1448 54.

175 1473 211 1507 in
247 1473 462 1507 Vestalium
499 1484 608 1506 causa
646 1472 768 1506 nullae
798 1478 923 1518 partes
957 1470 1103 1506 Antonii
1129 1470 1185 1506 26.
1226 1476 1300 1505 not.
1333 1469 1388 1506 65.
1421 1489 1467 1496 ·—-
1515 1471 1565 1504 iu-

220 1529 353 1563 dicium
383 1528 601 1563 Vestalium
625 1527 680 1562 27.

177 1596 244 1631 pro
276 1584 401 1619 Vettio
430 1585 547 1620 oratio
573 1585 613 1620 C.
638 1584 793 1619 Gracchi
817 1583 872 1619 20.

178 1653 245 1688 pro
280 1640 437 1676 Veturio
461 1653 534 1676 non
560 1652 627 1687 pro
665 1641 816 1676 Veterio
845 1641 953 1676 Cotta
977 1639 1064 1674 dixit
1094 1638 1149 1674 30.

184 1697 388 1734 Viriathus
412 1698 606 1733 Lusitanus
630 1709 652 1732 a
676 1697 806 1734 Laelio
830 1697 964 1733 fractus
989 1696 1041 1732 15.
