1835 3126
361 157 560 202 BREVIS
590 155 985 210 ELOQUENTIAE
1016 157 1151 202 ROM.
1184 157 1326 202 IIIST.
1468 161 1542 205 29

149 273 194 313 L.
231 271 346 313 Sulla
383 271 429 322 Q.
465 272 650 325 Pompeio
695 273 919 313 consulibus
962 274 1138 313 tribunus
1183 277 1336 313 creatus
1379 274 1543 326 primum

147 350 220 391 pro
261 339 417 391 legibus
454 340 620 379 civitatis
651 338 902 380 defendendis
932 342 1035 380 stetit
1065 340 1272 380 adiuvante
1301 341 1344 381 P.
1373 342 1542 382 Antistio

147 406 317 457 collega.
391 407 679 458 Oppugnabant
731 408 830 446 enim
875 407 1227 447 extraordinariam
1270 407 1313 448 C.
1359 407 1542 447 Caesaris

146 473 353 514 Strabonis
393 474 618 513 consulatus
646 485 694 513 ex
724 474 925 514 aedilitate
954 476 1178 526 petitionem
1202 471 1290 525 (⁸⁰):
1331 486 1407 526 quo
1440 486 1540 513 anno

146 540 285 580 Cicero
326 540 555 580 adolescens
589 546 708 581 totum
738 541 847 580 illius
879 541 1030 581 dicendi
1061 554 1183 592 genus
1212 542 1365 594 penitus
1392 552 1540 592 cogno-

144 608 198 647 vit
221 606 306 658 (⁸⁷).
366 608 465 648 Mox
505 620 590 647 cum
622 608 663 648 C.
693 609 827 648 Mario
859 610 1087 661 conspirans
1115 608 1165 648 ad
1195 608 1347 649 Sullam
1376 609 1540 660 imperio

144 674 239 713 belli
263 675 521 715 Mithridatici
550 675 819 727 depellendum
845 676 1030 728 populum
1056 675 1344 726 gladiatoribus
1368 676 1541 724 armatis,

146 753 257 793 quem
288 744 544 782 antisenatum
573 743 758 790 vocabat,
797 742 847 781 ad
878 742 1163 781 assentiendum
1192 743 1333 791 coegit.
1389 743 1541 793 Legum

145 809 195 848 ab
219 810 305 861 ipso
330 809 498 848 latarum
519 808 788 860 perversitatis
811 808 965 857 insigne
993 808 1210 859 exemplum
1234 808 1306 846 illa
1328 812 1397 855 est,
1424 820 1541 859 quam

142 875 192 914 de
228 876 267 915 vi
307 875 440 914 eiectis
478 875 519 914 in
552 875 746 914 civitatem
775 873 1006 914 reducendis
1035 874 1143 923 tulit,
1183 880 1388 927 postquam
1417 874 1541 915 eidem

142 942 220 992 rei,
258 953 343 981 cum
381 941 462 981 alio
496 942 649 981 nomine
687 941 863 981 exsulum
904 953 1024 982 causa
1054 946 1259 992 ageretur,
1296 941 1417 994 paulo
1451 947 1541 982 ante

142 1013 245 1049 esset
282 1008 510 1049 adversatus
533 1006 616 1061 (⁸⁸).
675 1008 755 1049 Sed
785 1008 901 1049 Sulla
939 1009 1175 1060 gravissima
1210 1008 1421 1058 seditione,
1462 1022 1541 1062 qua

141 1076 188 1127 Q.
210 1076 386 1128 Pompeii
411 1076 593 1127 collegae
615 1075 717 1115 filius
740 1076 966 1116 interfectus
990 1081 1066 1125 est,
1097 1076 1195 1116 urhe
1219 1075 1358 1116 cedere
1381 1082 1539 1116 coactus

140 1155 231 1184 mox
261 1155 345 1183 cum
374 1143 597 1194 legionibus
628 1156 653 1182 a
673 1143 778 1183 Nola
800 1142 935 1192 rediit3
966 1143 1064 1183 urbe
1088 1149 1313 1196 expugnata
1340 1144 1539 1196 Sulpicius

140 1223 226 1251 cnm
256 1211 346 1250 aliis
370 1210 547 1251 undecim
576 1211 698 1251 hostis
728 1210 920 1250 iudicatus
950 1211 990 1250 in
1020 1211 1118 1261 fuga
1145 1211 1262 1263 periit
1277 1207 1361 1261 (3⁹).

253 1278 392 1319 Cicero
438 1277 654 1329 Sulpicium
697 1290 722 1317 a
764 1284 907 1318 natura
949 1277 1267 1330 praeclarissime
1311 1278 1539 1318 instructum

139 1345 260 1386 fnisse
291 1345 341 1385 ad
371 1344 572 1385 dicendum
600 1344 758 1385 iudicat.
816 1345 858 1385 In
885 1346 1020 1398 primis
1050 1345 1204 1385 actione
1231 1344 1411 1393 valebat,
1442 1356 1540 1385 voce

141 1413 253 1452 suavi
292 1417 330 1452 et
365 1417 494 1452 tamen
532 1412 770 1461 fortissima,
808 1417 922 1463 gestu
957 1411 1100 1463 grandi
1138 1424 1184 1451 ac
1222 1424 1349 1464 paene
1382 1412 1537 1462 tragico

140 1479 364 1532 praeditus,
398 1479 551 1518 flumine
582 1484 619 1518 et
652 1490 768 1519 cursu
795 1479 1004 1519 verborum
1031 1479 1198 1529 insignis
1215 1475 1298 1530 (⁹⁰).
1348 1479 1538 1519 Damnum

138 1547 261 1597 igitur
284 1546 425 1586 literae
447 1546 647 1586 Romanae
672 1551 921 1599 praematuro
947 1546 1060 1586 huius
1084 1546 1260 1595 interitu,
1290 1551 1333 1586 ut
1358 1547 1537 1595 Gracchi,

138 1614 332 1661 fecerunt3
368 1613 488 1666 idque
514 1625 560 1653 eo
594 1614 735 1653 certius
767 1613 843 1652 dici
872 1618 1022 1665 potest,
1061 1625 1137 1664 quo
1169 1613 1257 1665 plus
1288 1613 1536 1665 profecturus

138 1682 250 1720 annis
271 1680 468 1733 Sulpicius
501 1686 585 1720 erat
614 1679 664 1719 ad
687 1680 919 1720 inventionis
941 1680 1093 1732 copiam
1119 1684 1157 1719 et
1179 1680 1408 1720 ubertatem.
1452 1681 1537 1720 Hac

138 1754 251 1801 parte
287 1748 440 1787 minime
473 1747 646 1787 valuisse
685 1747 763 1786 iam
802 1759 852 1786 ex
888 1746 960 1786 illo
993 1746 1194 1787 Ciceronis
1224 1747 1444 1787 testimonio
1475 1748 1536 1787 in-

137 1815 347 1866 telligitur,
380 1825 457 1865 quo
481 1814 524 1854 P.
547 1814 756 1862 Antistius,
787 1825 871 1854 cum
893 1813 959 1854 diu
979 1814 1184 1862 iacuisset,
1215 1813 1382 1866 denique
1402 1825 1536 1855 veram

138 1894 295 1922 causam
338 1886 473 1921 nactus
517 1880 559 1921 C.
603 1880 788 1922 Caesaris
837 1881 948 1921 illam
991 1882 1216 1934 petitionem
1259 1881 1415 1932 legibus
1465 1881 1536 1921 ad-

134 1954 353 1991 versantem
394 1948 512 2001 plura
556 1953 593 1988 et
639 1949 818 1988 acutiora
856 1948 1002 1989 dixisse
1036 1948 1251 1996 iudicatur,
1297 1961 1414 2000 quam
1450 1949 1536 2002 ipse

136 2017 334 2069 Sulpicius
353 2013 435 2067 (9¹).
479 2016 572 2064 Hic,
604 2027 688 2056 cum
718 2004 845 2069 magis
874 2016 1115 2068 intelligeret
1145 2015 1239 2069 quid
1269 2016 1344 2055 sihi
1370 2016 1535 2063 deesset,

136 2097 251 2137 quam
296 2096 419 2137 opera
456 2088 493 2123 et
527 2083 667 2123 labore
705 2084 863 2136 assequi
901 2088 1061 2136 cuperet
1085 2080 1178 2134 (⁹2),
1225 2082 1360 2124 Crassi
1396 2084 1534 2123 similis

136 2163 222 2191 esse
236 2152 380 2199 voluit,
414 2149 482 2189 sed
504 2150 663 2190 multum
686 2151 735 2189 ab
760 2151 873 2189 huius
898 2151 1064 2189 sanitate
1087 2154 1124 2189 et
1145 2150 1283 2201 lepore
1308 2150 1432 2189 abfuit
1447 2147 1532 2201 (93).

137 2219 344 2258 Orationes
385 2217 552 2268 scriptas
588 2227 665 2255 non
699 2216 876 2268 reliquit:
917 2227 1036 2268 saepe
1074 2216 1175 2255 enim
1212 2227 1254 2255 se
1283 2228 1409 2268 neque
1439 2228 1533 2257 con-

136 2297 272 2325 suesse
308 2284 481 2324 scribere
509 2293 636 2334 neque
663 2294 782 2335 posse
812 2283 1012 2323 confessus
1043 2288 1101 2323 est
1128 2279 1212 2335 (⁹⁴).
1273 2283 1383 2334 Quae
1410 2284 1534 2335 igitur

226 2416 286 2459 86)
317 2416 449 2450 Ascon.
475 2415 522 2449 ad
546 2414 692 2450 Cornel.
718 2425 773 2460 pr.
799 2415 873 2450 Cic.
894 2414 980 2450 Har.
1002 2415 1112 2461 Resp.
1135 2415 1190 2451 20.
1230 2413 1335 2452 Brut.
1361 2415 1425 2459 63,
1453 2416 1531 2452 226.

135 2472 195 2517 87)
210 2473 287 2508 Cic.
298 2472 401 2507 Brut.
413 2472 469 2515 89,
481 2471 558 2507 306.
662 2471 721 2515 88)
740 2471 816 2506 Ser.
833 2472 879 2506 ad
889 2471 1048 2508 Herenn.
1068 2472 1110 2508 ΙΙ.
1126 2472 1184 2515 28,
1197 2472 1252 2506 45.
1358 2472 1419 2516 89)
1434 2472 1529 2509 Vell.

135 2528 178 2564 11.
196 2528 247 2564 18.
271 2528 353 2564 Liv.
370 2529 453 2574 epit.
464 2527 649 2563 LXXVII.
672 2528 767 2563 Plut.
780 2529 869 2565 Sull.
886 2529 938 2564 10.
958 2529 1051 2575 App.
1064 2528 1108 2564 B.
1119 2529 1159 2565 C.
1174 2528 1198 2564 1.
1212 2528 1267 2565 60.
1374 2529 1434 2574 90)
1455 2529 1529 2565 Cic.

134 2584 238 2620 Brut.
252 2585 309 2628 55,
323 2585 402 2620 203.
428 2585 474 2620 de
487 2583 550 2621 Or.
565 2584 592 2621 1.
605 2585 669 2629 29,
686 2585 760 2621 131.
786 2585 846 2622 111.
860 2587 900 2628 S,
912 2586 966 2620 31.
1081 2585 1141 2629 91)
1166 2586 1240 2621 Cic.
1253 2585 1358 2621 Brut.
1372 2586 1416 2621 63
1427 2613 1436 2629 ,
1449 2586 1529 2620 226.

132 2642 193 2685 92)
219 2642 293 2677 Cic.
310 2642 355 2677 de
369 2639 432 2679 Or.
448 2642 507 2680 111.
523 2641 585 2687 36,
601 2642 677 2681 147.
794 2643 854 2688 93)
879 2643 952 2680 Cic.
965 2642 1070 2679 Brut.
1082 2642 1126 2677 55
1138 2669 1147 2685 ,
1165 2642 1243 2679 203.
1367 2643 1426 2687 94)
1455 2642 1529 2677 Cic.

132 2697 237 2734 Brut.
258 2698 324 2741 56,
343 2698 421 2736 205.
