<?xml version="1.0" encoding="UTF-8"?>
<!DOCTYPE html PUBLIC "-//W3C//DTD XHTML 1.0 Transitional//EN"
    "http://www.w3.org/TR/xhtml1/DTD/xhtml1-transitional.dtd">
<html xmlns="http://www.w3.org/1999/xhtml" xml:lang="en" lang="en">
 <head>
  <title>
</title>
<meta http-equiv="Content-Type" content="text/html;charset=utf-8" />
  <meta name='ocr-system' content='tesseract 3.04.00' />
  <meta name='ocr-capabilities' content='ocr_page ocr_carea ocr_par ocr_line ocrx_word'/>
</head>
<body>
  <div class='ocr_page' id='page_1' title='image "./brutussivedeclar00ciceuoft/brutussivedeclar00ciceuoft_0076.png"; bbox 0 0 1835 3126; ppageno 0'>
   <div class='ocr_carea' id='block_1_1' title="bbox 270 137 1444 191">
    <p class='ocr_par' dir='ltr' id='par_1_1' title="bbox 270 137 1444 191">
     <span class='ocr_line' id='line_1_1' title="bbox 270 137 1444 191; baseline -0.002 -8"><span class='ocrx_word' id='word_1_1' title='bbox 270 143 351 188; x_wconf 88' lang='grc'>56</span> <span class='ocrx_word' id='word_1_2' title='bbox 487 138 682 183; x_wconf 85' lang='lat' dir='ltr'>BREVIS</span> <span class='ocrx_word' id='word_1_3' title='bbox 714 137 1105 191; x_wconf 87' lang='lat' dir='ltr'><strong>ELOQUENTIAE</strong></span> <span class='ocrx_word' id='word_1_4' title='bbox 1137 137 1270 182; x_wconf 83' lang='lat' dir='ltr'>ROM.</span> <span class='ocrx_word' id='word_1_5' title='bbox 1301 137 1444 182; x_wconf 89' lang='lat' dir='ltr'>HIST.</span> 
     </span>
    </p>
   </div>
   <div class='ocr_carea' id='block_1_2' title="bbox 267 250 1667 1899">
    <p class='ocr_par' dir='ltr' id='par_1_2' title="bbox 267 250 1667 1899">
     <span class='ocr_line' id='line_1_2' title="bbox 271 250 1658 305; baseline -0.003 -9"><span class='ocrx_word' id='word_1_6' title='bbox 271 257 601 296; x_wconf 87' lang='lat' dir='ltr'>commemoratur.</span> <span class='ocrx_word' id='word_1_7' title='bbox 675 252 885 305; x_wconf 88' lang='lat' dir='ltr'>Utrumque</span> <span class='ocrx_word' id='word_1_8' title='bbox 923 254 1086 304; x_wconf 82' lang='lat' dir='ltr'>Pighius</span> <span class='ocrx_word' id='word_1_9' title='bbox 1118 250 1187 304; x_wconf 72' lang='lat'>(4⁰)</span> <span class='ocrx_word' id='word_1_10' title='bbox 1233 265 1309 293; x_wconf 91' lang='lat' dir='ltr'>non</span> <span class='ocrx_word' id='word_1_11' title='bbox 1348 252 1658 305; x_wconf 80' lang='lat' dir='ltr'>improbabiliter</span> 
     </span>
     <span class='ocr_line' id='line_1_3' title="bbox 271 318 1657 373; baseline -0.002 -13"><span class='ocrx_word' id='word_1_12' title='bbox 271 321 463 361; x_wconf 86' lang='lat' dir='ltr'>existimat</span> <span class='ocrx_word' id='word_1_13' title='bbox 494 318 536 358; x_wconf 88' lang='lat' dir='ltr'>G.</span> <span class='ocrx_word' id='word_1_14' title='bbox 568 319 742 358; x_wconf 88' lang='lat' dir='ltr'>Memmii</span> <span class='ocrx_word' id='word_1_15' title='bbox 775 320 879 359; x_wconf 89' lang='lat' dir='ltr'>Galli</span> <span class='ocrx_word' id='word_1_16' title='bbox 906 319 1026 359; x_wconf 86' lang='lat' dir='ltr'>filium</span> <span class='ocrx_word' id='word_1_17' title='bbox 1054 320 1197 369; x_wconf 83' lang='lat' dir='ltr'>fuisse,</span> <span class='ocrx_word' id='word_1_18' title='bbox 1232 321 1297 373; x_wconf 90' lang='lat' dir='ltr'>qui</span> <span class='ocrx_word' id='word_1_19' title='bbox 1326 319 1500 359; x_wconf 82' lang='lat' dir='ltr'>tribunus</span> <span class='ocrx_word' id='word_1_20' title='bbox 1530 320 1657 372; x_wconf 84' lang='lat' dir='ltr'>plebis</span> 
     </span>
     <span class='ocr_line' id='line_1_4' title="bbox 268 385 1658 438; baseline -0.002 -11"><span class='ocrx_word' id='word_1_21' title='bbox 268 388 396 437; x_wconf 81' lang='lat' dir='ltr'>legem</span> <span class='ocrx_word' id='word_1_22' title='bbox 423 385 470 424; x_wconf 88' lang='lat' dir='ltr'>de</span> <span class='ocrx_word' id='word_1_23' title='bbox 492 385 570 423; x_wconf 89' lang='lat' dir='ltr'>reis</span> <span class='ocrx_word' id='word_1_24' title='bbox 596 385 682 424; x_wconf 90' lang='lat' dir='ltr'>tulit</span> <span class='ocrx_word' id='word_1_25' title='bbox 707 385 748 425; x_wconf 90' lang='lat' dir='ltr'>C.</span> <span class='ocrx_word' id='word_1_26' title='bbox 765 386 904 426; x_wconf 89' lang='lat' dir='ltr'>Laelio</span> <span class='ocrx_word' id='word_1_27' title='bbox 930 386 975 435; x_wconf 85' lang='lat' dir='ltr'>Q.</span> <span class='ocrx_word' id='word_1_28' title='bbox 1001 386 1197 438; x_wconf 80' lang='lat' dir='ltr'>Caepione</span> <span class='ocrx_word' id='word_1_29' title='bbox 1225 387 1460 427; x_wconf 67' lang='lat' dir='ltr'>consulibus</span> <span class='ocrx_word' id='word_1_30' title='bbox 1514 386 1658 426; x_wconf 86' lang='lat' dir='ltr'>Noster</span> 
     </span>
     <span class='ocr_line' id='line_1_5' title="bbox 268 452 1655 504; baseline -0.001 -12"><span class='ocrx_word' id='word_1_31' title='bbox 268 453 338 492; x_wconf 89' lang='lat' dir='ltr'>ille</span> <span class='ocrx_word' id='word_1_32' title='bbox 377 452 418 492; x_wconf 92' lang='lat' dir='ltr'>C.</span> <span class='ocrx_word' id='word_1_33' title='bbox 449 452 653 492; x_wconf 88' lang='lat' dir='ltr'>Memmius</span> <span class='ocrx_word' id='word_1_34' title='bbox 689 452 731 492; x_wconf 88' lang='lat' dir='ltr'>C.</span> <span class='ocrx_word' id='word_1_35' title='bbox 761 453 804 492; x_wconf 91' lang='lat' dir='ltr'>F.</span> <span class='ocrx_word' id='word_1_36' title='bbox 846 453 1021 492; x_wconf 88' lang='lat' dir='ltr'>tribunus</span> <span class='ocrx_word' id='word_1_37' title='bbox 1060 452 1133 492; x_wconf 85' lang='lat' dir='ltr'>fuit</span> <span class='ocrx_word' id='word_1_38' title='bbox 1169 466 1205 492; x_wconf 90' lang='lat' dir='ltr'>a.</span> <span class='ocrx_word' id='word_1_39' title='bbox 1240 455 1340 502; x_wconf 77' lang='lat'>643,</span> <span class='ocrx_word' id='word_1_40' title='bbox 1385 454 1425 492; x_wconf 92' lang='lat' dir='ltr'>in</span> <span class='ocrx_word' id='word_1_41' title='bbox 1460 464 1535 504; x_wconf 87' lang='lat' dir='ltr'>quo</span> <span class='ocrx_word' id='word_1_42' title='bbox 1573 464 1655 491; x_wconf 88' lang='lat' dir='ltr'>ma-</span> 
     </span>
     <span class='ocr_line' id='line_1_6' title="bbox 269 518 1657 572; baseline -0.001 -14"><span class='ocrx_word' id='word_1_43' title='bbox 269 520 436 570; x_wconf 83' lang='lat' dir='ltr'>gistratu</span> <span class='ocrx_word' id='word_1_44' title='bbox 465 519 668 570; x_wconf 84' lang='lat' dir='ltr'>optimates</span> <span class='ocrx_word' id='word_1_45' title='bbox 696 518 908 570; x_wconf 80' lang='lat' dir='ltr'>Iugurthae</span> <span class='ocrx_word' id='word_1_46' title='bbox 936 525 1125 572; x_wconf 88' lang='lat' dir='ltr'>patronos</span> <span class='ocrx_word' id='word_1_47' title='bbox 1155 524 1309 559; x_wconf 86' lang='lat' dir='ltr'>strenue</span> <span class='ocrx_word' id='word_1_48' title='bbox 1335 531 1428 558; x_wconf 90' lang='lat' dir='ltr'>saue</span> <span class='ocrx_word' id='word_1_49' title='bbox 1453 531 1657 571; x_wconf 83' lang='lat' dir='ltr'>oppugna-</span> 
     </span>
     <span class='ocr_line' id='line_1_7' title="bbox 267 585 1659 637; baseline -0.002 -11"><span class='ocrx_word' id='word_1_50' title='bbox 267 587 334 626; x_wconf 86' lang='lat' dir='ltr'>vit.</span> <span class='ocrx_word' id='word_1_51' title='bbox 394 586 587 625; x_wconf 89' lang='lat' dir='ltr'>Praetura</span> <span class='ocrx_word' id='word_1_52' title='bbox 623 585 775 625; x_wconf 85' lang='lat' dir='ltr'>functus</span> <span class='ocrx_word' id='word_1_53' title='bbox 810 587 915 625; x_wconf 88' lang='lat' dir='ltr'>cirea</span> <span class='ocrx_word' id='word_1_54' title='bbox 953 598 1092 625; x_wconf 87' lang='lat' dir='ltr'>annum</span> <span class='ocrx_word' id='word_1_55' title='bbox 1122 586 1204 625; x_wconf 81' lang='lat'>650</span> <span class='ocrx_word' id='word_1_56' title='bbox 1240 586 1363 625; x_wconf 64' lang='lat' dir='ltr'>videri</span> <span class='ocrx_word' id='word_1_57' title='bbox 1392 591 1538 637; x_wconf 86' lang='lat' dir='ltr'>potest,</span> <span class='ocrx_word' id='word_1_58' title='bbox 1575 597 1659 625; x_wconf 87' lang='lat' dir='ltr'>cum</span> 
     </span>
     <span class='ocr_line' id='line_1_8' title="bbox 269 649 1661 705; baseline 0 -14"><span class='ocrx_word' id='word_1_59' title='bbox 269 664 318 691; x_wconf 87' lang='lat' dir='ltr'>ex</span> <span class='ocrx_word' id='word_1_60' title='bbox 361 652 564 704; x_wconf 76' lang='lat' dir='ltr'>provincia</span> <span class='ocrx_word' id='word_1_61' title='bbox 606 663 762 691; x_wconf 86' lang='lat' dir='ltr'>cansam</span> <span class='ocrx_word' id='word_1_62' title='bbox 800 652 1101 705; x_wconf 86' lang='lat' dir='ltr'>repetundarum</span> <span class='ocrx_word' id='word_1_63' title='bbox 1146 651 1287 690; x_wconf 84' lang='lat' dir='ltr'>dixerit</span> <span class='ocrx_word' id='word_1_64' title='bbox 1309 649 1379 701; x_wconf 68' lang='lat'>(⁴⁷)</span> <span class='ocrx_word' id='word_1_65' title='bbox 1420 657 1456 690; x_wconf 86' lang='lat' dir='ltr'>et</span> <span class='ocrx_word' id='word_1_66' title='bbox 1500 664 1534 690; x_wconf 86' lang='lat' dir='ltr'>a.</span> <span class='ocrx_word' id='word_1_67' title='bbox 1577 654 1661 691; x_wconf 69' lang='lat'>654</span> 
     </span>
     <span class='ocr_line' id='line_1_9' title="bbox 270 717 1661 770; baseline 0 -11"><span class='ocrx_word' id='word_1_68' title='bbox 270 719 313 759; x_wconf 91' lang='lat' dir='ltr'>C.</span> <span class='ocrx_word' id='word_1_69' title='bbox 346 719 478 759; x_wconf 87' lang='lat' dir='ltr'>Mario</span> <span class='ocrx_word' id='word_1_70' title='bbox 509 719 554 757; x_wconf 95' lang='lat' dir='ltr'>L.</span> <span class='ocrx_word' id='word_1_71' title='bbox 586 719 729 759; x_wconf 86' lang='lat' dir='ltr'>Flacco</span> <span class='ocrx_word' id='word_1_72' title='bbox 770 719 992 759; x_wconf 87' lang='lat' dir='ltr'>consulibus</span> <span class='ocrx_word' id='word_1_73' title='bbox 1031 717 1272 758; x_wconf 87' lang='lat' dir='ltr'>consulatum</span> <span class='ocrx_word' id='word_1_74' title='bbox 1310 722 1464 770; x_wconf 85' lang='lat' dir='ltr'>petens,</span> <span class='ocrx_word' id='word_1_75' title='bbox 1504 729 1586 756; x_wconf 88' lang='lat' dir='ltr'>cnm</span> <span class='ocrx_word' id='word_1_76' title='bbox 1618 717 1661 759; x_wconf 84' lang='lat' dir='ltr'>G.</span> 
     </span>
     <span class='ocr_line' id='line_1_10' title="bbox 269 784 1662 838; baseline -0.001 -14"><span class='ocrx_word' id='word_1_77' title='bbox 269 785 714 828; x_wconf 82' lang='lat' dir='ltr'>Servilium-Glauciam</span> <span class='ocrx_word' id='word_1_78' title='bbox 751 787 1040 838; x_wconf 82' lang='lat' dir='ltr'>competitorem</span> <span class='ocrx_word' id='word_1_79' title='bbox 1076 785 1258 832; x_wconf 85' lang='lat' dir='ltr'>haberet,</span> <span class='ocrx_word' id='word_1_80' title='bbox 1302 785 1414 824; x_wconf 86' lang='lat' dir='ltr'>huius</span> <span class='ocrx_word' id='word_1_81' title='bbox 1445 789 1481 823; x_wconf 90' lang='lat' dir='ltr'>et</span> <span class='ocrx_word' id='word_1_82' title='bbox 1509 785 1555 824; x_wconf 92' lang='lat' dir='ltr'>L.</span> <span class='ocrx_word' id='word_1_83' title='bbox 1587 784 1662 824; x_wconf 91' lang='lat' dir='ltr'>Sa-</span> 
     </span>
     <span class='ocr_line' id='line_1_11' title="bbox 270 850 1662 905; baseline -0.003 -12"><span class='ocrx_word' id='word_1_84' title='bbox 270 853 414 893; x_wconf 86' lang='lat' dir='ltr'>turnini</span> <span class='ocrx_word' id='word_1_85' title='bbox 452 865 573 905; x_wconf 89' lang='lat' dir='ltr'>opera</span> <span class='ocrx_word' id='word_1_86' title='bbox 607 853 656 892; x_wconf 89' lang='lat' dir='ltr'>sit</span> <span class='ocrx_word' id='word_1_87' title='bbox 692 854 841 892; x_wconf 86' lang='lat' dir='ltr'>occisus</span> <span class='ocrx_word' id='word_1_88' title='bbox 868 850 948 903; x_wconf 57' lang='lat'>(⁴³).</span> <span class='ocrx_word' id='word_1_89' title='bbox 1010 851 1157 891; x_wconf 88' lang='lat' dir='ltr'>Multos</span> <span class='ocrx_word' id='word_1_90' title='bbox 1193 863 1416 899; x_wconf 85' lang='lat' dir='ltr'>accusasse,</span> <span class='ocrx_word' id='word_1_91' title='bbox 1455 857 1495 890; x_wconf 89' lang='lat' dir='ltr'>nt</span> <span class='ocrx_word' id='word_1_92' title='bbox 1527 851 1662 898; x_wconf 85' lang='lat' dir='ltr'>frater,</span> 
     </span>
     <span class='ocr_line' id='line_1_12' title="bbox 272 918 1664 971; baseline -0.001 -13"><span class='ocrx_word' id='word_1_93' title='bbox 272 932 297 959; x_wconf 92' lang='lat' dir='ltr'>a</span> <span class='ocrx_word' id='word_1_94' title='bbox 327 919 515 959; x_wconf 85' lang='lat' dir='ltr'>Cicerone</span> <span class='ocrx_word' id='word_1_95' title='bbox 556 919 695 958; x_wconf 87' lang='lat' dir='ltr'>dicitur</span> <span class='ocrx_word' id='word_1_96' title='bbox 717 918 806 971; x_wconf 69' lang='lat'>(4⁹);</span> <span class='ocrx_word' id='word_1_97' title='bbox 845 920 909 971; x_wconf 84' lang='lat' dir='ltr'>qui</span> <span class='ocrx_word' id='word_1_98' title='bbox 946 924 1074 958; x_wconf 88' lang='lat' dir='ltr'>tamen</span> <span class='ocrx_word' id='word_1_99' title='bbox 1110 918 1254 957; x_wconf 85' lang='lat' dir='ltr'>fuerint</span> <span class='ocrx_word' id='word_1_100' title='bbox 1291 930 1387 970; x_wconf 86' lang='lat' dir='ltr'>quos</span> <span class='ocrx_word' id='word_1_101' title='bbox 1416 930 1506 957; x_wconf 91' lang='lat' dir='ltr'>reos</span> <span class='ocrx_word' id='word_1_102' title='bbox 1538 918 1664 968; x_wconf 81' lang='lat' dir='ltr'>egerit</span> 
     </span>
     <span class='ocr_line' id='line_1_13' title="bbox 271 984 1662 1038; baseline -0.001 -13"><span class='ocrx_word' id='word_1_103' title='bbox 271 992 430 1038; x_wconf 87' lang='lat' dir='ltr'>praeter</span> <span class='ocrx_word' id='word_1_104' title='bbox 459 987 503 1025; x_wconf 90' lang='lat' dir='ltr'>L.</span> <span class='ocrx_word' id='word_1_105' title='bbox 539 986 791 1037; x_wconf 86' lang='lat' dir='ltr'>Calpurnium</span> <span class='ocrx_word' id='word_1_106' title='bbox 820 987 990 1025; x_wconf 85' lang='lat' dir='ltr'>Bestiam</span> <span class='ocrx_word' id='word_1_107' title='bbox 1028 985 1271 1024; x_wconf 87' lang='lat' dir='ltr'>consularem</span> <span class='ocrx_word' id='word_1_108' title='bbox 1300 984 1405 1023; x_wconf 87' lang='lat' dir='ltr'>bello</span> <span class='ocrx_word' id='word_1_109' title='bbox 1435 984 1662 1033; x_wconf 80' lang='lat' dir='ltr'>Iugurthino</span> 
     </span>
     <span class='ocr_line' id='line_1_14' title="bbox 272 1049 1660 1103; baseline -0.001 -11"><span class='ocrx_word' id='word_1_110' title='bbox 272 1053 453 1092; x_wconf 82' lang='lat' dir='ltr'>infamem</span> <span class='ocrx_word' id='word_1_111' title='bbox 484 1064 560 1091; x_wconf 89' lang='lat' dir='ltr'>non</span> <span class='ocrx_word' id='word_1_112' title='bbox 591 1058 740 1091; x_wconf 90' lang='lat' dir='ltr'>constat</span> <span class='ocrx_word' id='word_1_113' title='bbox 764 1049 848 1103; x_wconf 78' lang='lat'>(5⁰).</span> <span class='ocrx_word' id='word_1_114' title='bbox 909 1051 988 1091; x_wconf 86' lang='lat' dir='ltr'>Sed</span> <span class='ocrx_word' id='word_1_115' title='bbox 1021 1052 1203 1102; x_wconf 83' lang='lat' dir='ltr'>quoniam</span> <span class='ocrx_word' id='word_1_116' title='bbox 1233 1051 1294 1090; x_wconf 90' lang='lat' dir='ltr'>hic</span> <span class='ocrx_word' id='word_1_117' title='bbox 1327 1062 1407 1089; x_wconf 86' lang='lat' dir='ltr'>cum</span> <span class='ocrx_word' id='word_1_118' title='bbox 1442 1050 1488 1089; x_wconf 91' lang='lat' dir='ltr'>L.</span> <span class='ocrx_word' id='word_1_119' title='bbox 1508 1051 1660 1102; x_wconf 91' lang='lat' dir='ltr'>Opimio</span> 
     </span>
     <span class='ocr_line' id='line_1_15' title="bbox 274 1117 1664 1171; baseline -0.001 -12"><span class='ocrx_word' id='word_1_120' title='bbox 274 1120 343 1171; x_wconf 90' lang='lat' dir='ltr'>Sp.</span> <span class='ocrx_word' id='word_1_121' title='bbox 377 1124 414 1158; x_wconf 91' lang='lat' dir='ltr'>et</span> <span class='ocrx_word' id='word_1_122' title='bbox 441 1122 487 1160; x_wconf 90' lang='lat' dir='ltr'>A.</span> <span class='ocrx_word' id='word_1_123' title='bbox 510 1119 663 1158; x_wconf 81' lang='lat' dir='ltr'>Albinis</span> <span class='ocrx_word' id='word_1_124' title='bbox 687 1118 727 1158; x_wconf 91' lang='lat' dir='ltr'>C.</span> <span class='ocrx_word' id='word_1_125' title='bbox 755 1118 902 1158; x_wconf 86' lang='lat' dir='ltr'>Catone</span> <span class='ocrx_word' id='word_1_126' title='bbox 930 1118 973 1158; x_wconf 91' lang='lat' dir='ltr'>C.</span> <span class='ocrx_word' id='word_1_127' title='bbox 999 1117 1125 1157; x_wconf 88' lang='lat' dir='ltr'>Galba</span> <span class='ocrx_word' id='word_1_128' title='bbox 1155 1117 1244 1156; x_wconf 90' lang='lat' dir='ltr'>aliis</span> <span class='ocrx_word' id='word_1_129' title='bbox 1274 1118 1314 1156; x_wconf 91' lang='lat' dir='ltr'>in</span> <span class='ocrx_word' id='word_1_130' title='bbox 1342 1127 1500 1157; x_wconf 83' lang='lat' dir='ltr'>numero</span> <span class='ocrx_word' id='word_1_131' title='bbox 1532 1129 1664 1157; x_wconf 89' lang='lat' dir='ltr'>eorum</span> 
     </span>
     <span class='ocr_line' id='line_1_16' title="bbox 272 1184 1664 1237; baseline -0.001 -13"><span class='ocrx_word' id='word_1_132' title='bbox 272 1186 365 1234; x_wconf 82' lang='lat' dir='ltr'>suit,</span> <span class='ocrx_word' id='word_1_133' title='bbox 395 1187 461 1237; x_wconf 88' lang='lat' dir='ltr'>qui</span> <span class='ocrx_word' id='word_1_134' title='bbox 483 1186 573 1236; x_wconf 83' lang='lat' dir='ltr'>lege</span> <span class='ocrx_word' id='word_1_135' title='bbox 598 1186 780 1225; x_wconf 88' lang='lat' dir='ltr'>Mamilia</span> <span class='ocrx_word' id='word_1_136' title='bbox 803 1185 986 1224; x_wconf 89' lang='lat' dir='ltr'>iudicium</span> <span class='ocrx_word' id='word_1_137' title='bbox 1009 1184 1228 1232; x_wconf 82' lang='lat' dir='ltr'>subierunt,</span> <span class='ocrx_word' id='word_1_138' title='bbox 1252 1196 1366 1236; x_wconf 83' lang='lat' dir='ltr'>quam</span> <span class='ocrx_word' id='word_1_139' title='bbox 1387 1184 1515 1235; x_wconf 84' lang='lat' dir='ltr'>legem</span> <span class='ocrx_word' id='word_1_140' title='bbox 1537 1184 1664 1224; x_wconf 91' lang='lat' dir='ltr'>Mem-</span> 
     </span>
     <span class='ocr_line' id='line_1_17' title="bbox 273 1250 1665 1302; baseline -0.001 -11"><span class='ocrx_word' id='word_1_141' title='bbox 273 1253 371 1292; x_wconf 92' lang='lat' dir='ltr'>mius</span> <span class='ocrx_word' id='word_1_142' title='bbox 404 1253 486 1291; x_wconf 90' lang='lat' dir='ltr'>sine</span> <span class='ocrx_word' id='word_1_143' title='bbox 519 1252 635 1291; x_wconf 82' lang='lat' dir='ltr'>dubio</span> <span class='ocrx_word' id='word_1_144' title='bbox 667 1254 855 1291; x_wconf 83' lang='lat' dir='ltr'>acerrime</span> <span class='ocrx_word' id='word_1_145' title='bbox 886 1251 1183 1298; x_wconf 70' lang='lat' dir='ltr'>commendavit,</span> <span class='ocrx_word' id='word_1_146' title='bbox 1223 1250 1379 1290; x_wconf 85' lang='lat' dir='ltr'>illorum</span> <span class='ocrx_word' id='word_1_147' title='bbox 1408 1252 1531 1302; x_wconf 87' lang='lat' dir='ltr'>partis</span> <span class='ocrx_word' id='word_1_148' title='bbox 1562 1256 1665 1291; x_wconf 88' lang='lat' dir='ltr'>certe</span> 
     </span>
     <span class='ocr_line' id='line_1_18' title="bbox 275 1317 1664 1358; baseline -0.001 0"><span class='ocrx_word' id='word_1_149' title='bbox 275 1325 542 1358; x_wconf 85' lang='lat' dir='ltr'>accusatorem</span> <span class='ocrx_word' id='word_1_150' title='bbox 570 1320 763 1358; x_wconf 87' lang='lat' dir='ltr'>exstitisse</span> <span class='ocrx_word' id='word_1_151' title='bbox 790 1319 993 1358; x_wconf 89' lang='lat' dir='ltr'>credimus.</span> <span class='ocrx_word' id='word_1_152' title='bbox 1037 1317 1281 1357; x_wconf 84' lang='lat' dir='ltr'>Mordacitas</span> <span class='ocrx_word' id='word_1_153' title='bbox 1305 1318 1468 1356; x_wconf 88' lang='lat' dir='ltr'>hominis</span> <span class='ocrx_word' id='word_1_154' title='bbox 1491 1330 1538 1357; x_wconf 87' lang='lat' dir='ltr'>ex</span> <span class='ocrx_word' id='word_1_155' title='bbox 1563 1318 1664 1357; x_wconf 89' lang='lat' dir='ltr'>dicto</span> 
     </span>
     <span class='ocr_line' id='line_1_19' title="bbox 274 1381 1666 1435; baseline -0.001 -12"><span class='ocrx_word' id='word_1_156' title='bbox 274 1385 315 1423; x_wconf 91' lang='lat' dir='ltr'>in</span> <span class='ocrx_word' id='word_1_157' title='bbox 345 1386 537 1425; x_wconf 88' lang='lat' dir='ltr'>Scaurum</span> <span class='ocrx_word' id='word_1_158' title='bbox 577 1398 601 1424; x_wconf 92' lang='lat' dir='ltr'>a</span> <span class='ocrx_word' id='word_1_159' title='bbox 632 1386 820 1425; x_wconf 86' lang='lat' dir='ltr'>Cicerone</span> <span class='ocrx_word' id='word_1_160' title='bbox 856 1389 1010 1424; x_wconf 71' lang='lat' dir='ltr'>serrato</span> <span class='ocrx_word' id='word_1_161' title='bbox 1046 1385 1283 1435; x_wconf 87' lang='lat' dir='ltr'>perspicitur</span> <span class='ocrx_word' id='word_1_162' title='bbox 1308 1381 1400 1435; x_wconf 75' lang='lat'>(5¹);</span> <span class='ocrx_word' id='word_1_163' title='bbox 1442 1384 1480 1422; x_wconf 93' lang='lat' dir='ltr'>id</span> <span class='ocrx_word' id='word_1_164' title='bbox 1512 1385 1666 1435; x_wconf 83' lang='lat' dir='ltr'>quidem</span> 
     </span>
     <span class='ocr_line' id='line_1_20' title="bbox 276 1449 1667 1502; baseline -0.001 -12"><span class='ocrx_word' id='word_1_165' title='bbox 276 1462 324 1490; x_wconf 83' lang='lat' dir='ltr'>ex</span> <span class='ocrx_word' id='word_1_166' title='bbox 368 1452 520 1490; x_wconf 87' lang='lat' dir='ltr'>actione</span> <span class='ocrx_word' id='word_1_167' title='bbox 563 1452 602 1489; x_wconf 91' lang='lat' dir='ltr'>in</span> <span class='ocrx_word' id='word_1_168' title='bbox 638 1452 809 1491; x_wconf 87' lang='lat' dir='ltr'>Bestiam</span> <span class='ocrx_word' id='word_1_169' title='bbox 855 1451 1092 1502; x_wconf 90' lang='lat' dir='ltr'>desumptum</span> <span class='ocrx_word' id='word_1_170' title='bbox 1130 1455 1198 1489; x_wconf 88' lang='lat' dir='ltr'>est.</span> <span class='ocrx_word' id='word_1_171' title='bbox 1266 1450 1327 1489; x_wconf 87' lang='lat' dir='ltr'>Ex</span> <span class='ocrx_word' id='word_1_172' title='bbox 1364 1449 1589 1489; x_wconf 84' lang='lat' dir='ltr'>defensione</span> <span class='ocrx_word' id='word_1_173' title='bbox 1627 1451 1667 1489; x_wconf 86' lang='lat' dir='ltr'>in</span> 
     </span>
     <span class='ocr_line' id='line_1_21' title="bbox 276 1515 1665 1569; baseline 0.001 -14"><span class='ocrx_word' id='word_1_174' title='bbox 276 1528 396 1556; x_wconf 88' lang='lat' dir='ltr'>causa</span> <span class='ocrx_word' id='word_1_175' title='bbox 425 1517 726 1569; x_wconf 88' lang='lat' dir='ltr'>repetundarum</span> <span class='ocrx_word' id='word_1_176' title='bbox 757 1518 957 1569; x_wconf 87' lang='lat' dir='ltr'>desumpta</span> <span class='ocrx_word' id='word_1_177' title='bbox 984 1515 1162 1557; x_wconf 75' lang='lat' dir='ltr'>videntur</span> <span class='ocrx_word' id='word_1_178' title='bbox 1191 1516 1263 1555; x_wconf 87' lang='lat' dir='ltr'>illa</span> <span class='ocrx_word' id='word_1_179' title='bbox 1287 1517 1428 1564; x_wconf 68' lang='lat' dir='ltr'>verba,</span> <span class='ocrx_word' id='word_1_180' title='bbox 1465 1529 1565 1568; x_wconf 88' lang='lat' dir='ltr'>quae</span> <span class='ocrx_word' id='word_1_181' title='bbox 1596 1518 1665 1557; x_wconf 84' lang='lat' dir='ltr'>sub</span> 
     </span>
     <span class='ocr_line' id='line_1_22' title="bbox 274 1580 1665 1635; baseline 0.001 -13"><span class='ocrx_word' id='word_1_182' title='bbox 274 1584 517 1634; x_wconf 83' lang='lat' dir='ltr'>ignotissimo</span> <span class='ocrx_word' id='word_1_183' title='bbox 550 1583 595 1633; x_wconf 85' lang='lat' dir='ltr'>Q.</span> <span class='ocrx_word' id='word_1_184' title='bbox 626 1585 801 1624; x_wconf 90' lang='lat' dir='ltr'>Memmii</span> <span class='ocrx_word' id='word_1_185' title='bbox 829 1585 982 1624; x_wconf 90' lang='lat' dir='ltr'>nomine</span> <span class='ocrx_word' id='word_1_186' title='bbox 1009 1583 1191 1635; x_wconf 90' lang='lat' dir='ltr'>apposuit</span> <span class='ocrx_word' id='word_1_187' title='bbox 1220 1583 1426 1623; x_wconf 89' lang='lat' dir='ltr'>Suetonius</span> <span class='ocrx_word' id='word_1_188' title='bbox 1449 1580 1538 1633; x_wconf 79' lang='lat'>(5²),</span> <span class='ocrx_word' id='word_1_189' title='bbox 1576 1584 1665 1623; x_wconf 90' lang='lat' dir='ltr'>item</span> 
     </span>
     <span class='ocr_line' id='line_1_23' title="bbox 274 1650 1667 1702; baseline 0.001 -14"><span class='ocrx_word' id='word_1_190' title='bbox 274 1661 406 1702; x_wconf 82' lang='lat' dir='ltr'>pauca</span> <span class='ocrx_word' id='word_1_191' title='bbox 437 1650 646 1701; x_wconf 87' lang='lat' dir='ltr'>quaedam,</span> <span class='ocrx_word' id='word_1_192' title='bbox 686 1663 785 1702; x_wconf 86' lang='lat' dir='ltr'>quae</span> <span class='ocrx_word' id='word_1_193' title='bbox 817 1651 919 1702; x_wconf 86' lang='lat' dir='ltr'>apud</span> <span class='ocrx_word' id='word_1_194' title='bbox 948 1651 1190 1690; x_wconf 89' lang='lat' dir='ltr'>Prisciannm</span> <span class='ocrx_word' id='word_1_195' title='bbox 1221 1655 1390 1690; x_wconf 86' lang='lat' dir='ltr'>exstant:</span> <span class='ocrx_word' id='word_1_196' title='bbox 1433 1656 1536 1689; x_wconf 84' lang='lat' dir='ltr'>certe</span> <span class='ocrx_word' id='word_1_197' title='bbox 1568 1651 1667 1689; x_wconf 89' lang='lat' dir='ltr'>enim</span> 
     </span>
     <span class='ocr_line' id='line_1_24' title="bbox 277 1714 1667 1767; baseline -0.001 -11"><span class='ocrx_word' id='word_1_198' title='bbox 277 1717 476 1756; x_wconf 81' lang='lat' dir='ltr'>criminum</span> <span class='ocrx_word' id='word_1_199' title='bbox 505 1717 776 1756; x_wconf 84' lang='lat' dir='ltr'>refutationem</span> <span class='ocrx_word' id='word_1_200' title='bbox 808 1718 1003 1755; x_wconf 89' lang='lat' dir='ltr'>continent</span> <span class='ocrx_word' id='word_1_201' title='bbox 1019 1714 1102 1767; x_wconf 71' lang='lat'>(53).</span> <span class='ocrx_word' id='word_1_202' title='bbox 1147 1717 1239 1756; x_wconf 89' lang='lat' dir='ltr'>Alia</span> <span class='ocrx_word' id='word_1_203' title='bbox 1266 1718 1308 1757; x_wconf 89' lang='lat' dir='ltr'>C.</span> <span class='ocrx_word' id='word_1_204' title='bbox 1333 1718 1507 1758; x_wconf 91' lang='lat' dir='ltr'>Memmii</span> <span class='ocrx_word' id='word_1_205' title='bbox 1530 1729 1667 1756; x_wconf 86' lang='lat' dir='ltr'>nomen</span> 
     </span>
     <span class='ocr_line' id='line_1_25' title="bbox 276 1783 1667 1836; baseline 0 -14"><span class='ocrx_word' id='word_1_206' title='bbox 276 1795 374 1836; x_wconf 87' lang='lat' dir='ltr'>prae</span> <span class='ocrx_word' id='word_1_207' title='bbox 404 1795 445 1822; x_wconf 91' lang='lat' dir='ltr'>se</span> <span class='ocrx_word' id='word_1_208' title='bbox 475 1783 641 1822; x_wconf 89' lang='lat' dir='ltr'>ferentia</span> <span class='ocrx_word' id='word_1_209' title='bbox 671 1784 870 1823; x_wconf 90' lang='lat' dir='ltr'>Ciceronis</span> <span class='ocrx_word' id='word_1_210' title='bbox 900 1783 1104 1834; x_wconf 88' lang='lat' dir='ltr'>aequalem</span> <span class='ocrx_word' id='word_1_211' title='bbox 1135 1789 1332 1824; x_wconf 84' lang='lat' dir='ltr'>auctorem</span> <span class='ocrx_word' id='word_1_212' title='bbox 1360 1784 1505 1824; x_wconf 86' lang='lat' dir='ltr'>habere</span> <span class='ocrx_word' id='word_1_213' title='bbox 1534 1783 1667 1825; x_wconf 71' lang='lat' dir='ltr'>viden·</span> 
     </span>
     <span class='ocr_line' id='line_1_26' title="bbox 277 1846 1108 1899; baseline -0.002 -9"><span class='ocrx_word' id='word_1_214' title='bbox 277 1855 359 1899; x_wconf 83' lang='lat' dir='ltr'>tur,</span> <span class='ocrx_word' id='word_1_215' title='bbox 390 1850 502 1890; x_wconf 88' lang='lat' dir='ltr'>huius</span> <span class='ocrx_word' id='word_1_216' title='bbox 532 1850 702 1890; x_wconf 83' lang='lat' dir='ltr'>fortasse</span> <span class='ocrx_word' id='word_1_217' title='bbox 732 1850 865 1890; x_wconf 85' lang='lat' dir='ltr'>fratris</span> <span class='ocrx_word' id='word_1_218' title='bbox 890 1849 1009 1890; x_wconf 85' lang='lat' dir='ltr'>filium</span> <span class='ocrx_word' id='word_1_219' title='bbox 1027 1846 1108 1899; x_wconf 74' lang='lat'>(5⁴).</span> 
     </span>
    </p>
   </div>
   <div class='ocr_carea' id='block_1_3' title="bbox 609 1959 1338 2081">
    <p class='ocr_par' dir='ltr' id='par_1_3' title="bbox 609 1959 1338 2081">
     <span class='ocr_line' id='line_1_27' title="bbox 909 1959 1040 2013; baseline 0 -13"><span class='ocrx_word' id='word_1_220' title='bbox 909 1959 943 2013; x_wconf 59' lang='grc' dir='ltr'>ς.</span> <span class='ocrx_word' id='word_1_221' title='bbox 976 1962 1040 2002; x_wconf 79' lang='lat'>25.</span> 
     </span>
     <span class='ocr_line' id='line_1_28' title="bbox 609 2035 1338 2081; baseline -0.001 -10"><span class='ocrx_word' id='word_1_222' title='bbox 609 2038 734 2071; x_wconf 81' lang='lat' dir='ltr'>Tertia</span> <span class='ocrx_word' id='word_1_223' title='bbox 761 2042 860 2071; x_wconf 81' lang='lat' dir='ltr'>aetas</span> <span class='ocrx_word' id='word_1_224' title='bbox 889 2036 1117 2081; x_wconf 75' lang='lat' dir='ltr'>eloquentiae</span> <span class='ocrx_word' id='word_1_225' title='bbox 1142 2035 1338 2071; x_wconf 79' lang='lat' dir='ltr'>Romanae.</span> 
     </span>
    </p>
   </div>
   <div class='ocr_carea' id='block_1_4' title="bbox 279 2118 1669 2299">
    <p class='ocr_par' dir='ltr' id='par_1_4' title="bbox 279 2118 1669 2299">
     <span class='ocr_line' id='line_1_29' title="bbox 391 2118 1668 2169; baseline 0 -11"><span class='ocrx_word' id='word_1_226' title='bbox 391 2118 452 2158; x_wconf 89' lang='lat' dir='ltr'>Ea</span> <span class='ocrx_word' id='word_1_227' title='bbox 495 2122 649 2166; x_wconf 88' lang='lat' dir='ltr'>aetate,</span> <span class='ocrx_word' id='word_1_228' title='bbox 702 2130 802 2169; x_wconf 84' lang='lat' dir='ltr'>quae</span> <span class='ocrx_word' id='word_1_229' title='bbox 848 2123 1026 2157; x_wconf 75' lang='lat' dir='ltr'>emtores</span> <span class='ocrx_word' id='word_1_230' title='bbox 1077 2123 1164 2157; x_wconf 86' lang='lat' dir='ltr'>ante</span> <span class='ocrx_word' id='word_1_231' title='bbox 1210 2118 1437 2158; x_wconf 86' lang='lat' dir='ltr'>Ciceronem</span> <span class='ocrx_word' id='word_1_232' title='bbox 1481 2119 1668 2158; x_wconf 88' lang='lat' dir='ltr'>maximos</span> 
     </span>
     <span class='ocr_line' id='line_1_30' title="bbox 280 2183 1669 2236; baseline 0 -12"><span class='ocrx_word' id='word_1_233' title='bbox 280 2196 489 2236; x_wconf 88' lang='lat' dir='ltr'>eorumque</span> <span class='ocrx_word' id='word_1_234' title='bbox 529 2183 715 2235; x_wconf 87' lang='lat' dir='ltr'>aequales</span> <span class='ocrx_word' id='word_1_235' title='bbox 754 2184 1041 2236; x_wconf 88' lang='lat' dir='ltr'>complectitur,</span> <span class='ocrx_word' id='word_1_236' title='bbox 1085 2185 1125 2223; x_wconf 92' lang='lat' dir='ltr'>in</span> <span class='ocrx_word' id='word_1_237' title='bbox 1162 2184 1243 2223; x_wconf 88' lang='lat' dir='ltr'>dies</span> <span class='ocrx_word' id='word_1_238' title='bbox 1282 2190 1477 2226; x_wconf 88' lang='lat' dir='ltr'>crescente</span> <span class='ocrx_word' id='word_1_239' title='bbox 1517 2186 1669 2236; x_wconf 90' lang='lat' dir='ltr'>imperii</span> 
     </span>
     <span class='ocr_line' id='line_1_31' title="bbox 279 2250 1668 2299; baseline -0.001 -8"><span class='ocrx_word' id='word_1_240' title='bbox 279 2252 445 2291; x_wconf 85' lang='lat' dir='ltr'>Romani</span> <span class='ocrx_word' id='word_1_241' title='bbox 476 2251 622 2291; x_wconf 87' lang='lat' dir='ltr'>ambitu</span> <span class='ocrx_word' id='word_1_242' title='bbox 652 2255 688 2290; x_wconf 90' lang='lat' dir='ltr'>et</span> <span class='ocrx_word' id='word_1_243' title='bbox 721 2250 942 2299; x_wconf 88' lang='lat' dir='ltr'>maiestate,</span> <span class='ocrx_word' id='word_1_244' title='bbox 982 2256 1095 2290; x_wconf 84' lang='lat' dir='ltr'>aucto</span> <span class='ocrx_word' id='word_1_245' title='bbox 1135 2262 1217 2290; x_wconf 89' lang='lat' dir='ltr'>eum</span> <span class='ocrx_word' id='word_1_246' title='bbox 1250 2251 1410 2293; x_wconf 88' lang='lat' dir='ltr'>Graecis</span> <span class='ocrx_word' id='word_1_247' title='bbox 1441 2253 1668 2291; x_wconf 85' lang='lat' dir='ltr'>commercio</span> 
     </span>
    </p>
   </div>
   <div class='ocr_carea' id='block_1_5' title="bbox 282 2390 1671 2604">
    <p class='ocr_par' dir='ltr' id='par_1_5' title="bbox 282 2390 1671 2604">
     <span class='ocr_line' id='line_1_32' title="bbox 373 2390 1669 2437; baseline 0.002 -14"><span class='ocrx_word' id='word_1_248' title='bbox 373 2390 432 2433; x_wconf 81' lang='grc'>46)</span> <span class='ocrx_word' id='word_1_249' title='bbox 460 2391 532 2426; x_wconf 86' lang='lat' dir='ltr'>vol.</span> <span class='ocrx_word' id='word_1_250' title='bbox 560 2390 621 2425; x_wconf 83' lang='lat' dir='ltr'>HI.</span> <span class='ocrx_word' id='word_1_251' title='bbox 648 2404 681 2437; x_wconf 91' lang='lat' dir='ltr'>p.</span> <span class='ocrx_word' id='word_1_252' title='bbox 710 2391 764 2426; x_wconf 80' lang='grc'>96.</span> <span class='ocrx_word' id='word_1_253' title='bbox 869 2392 928 2433; x_wconf 84' lang='grc'>47)</span> <span class='ocrx_word' id='word_1_254' title='bbox 954 2392 1025 2427; x_wconf 86' lang='lat' dir='ltr'>Cic.</span> <span class='ocrx_word' id='word_1_255' title='bbox 1052 2402 1086 2435; x_wconf 89' lang='lat' dir='ltr'>p.</span> <span class='ocrx_word' id='word_1_256' title='bbox 1105 2391 1259 2425; x_wconf 79' lang='lat' dir='ltr'>Fonteio</span> <span class='ocrx_word' id='word_1_257' title='bbox 1280 2392 1310 2427; x_wconf 83' lang='lat'>7.</span> <span class='ocrx_word' id='word_1_258' title='bbox 1351 2391 1429 2426; x_wconf 73' lang='lat' dir='ltr'>val.</span> <span class='ocrx_word' id='word_1_259' title='bbox 1454 2391 1669 2426; x_wconf 77' lang='lat' dir='ltr'>Max.V111.</span> 
     </span>
     <span class='ocr_line' id='line_1_33' title="bbox 282 2446 1669 2493; baseline 0.001 -13"><span class='ocrx_word' id='word_1_260' title='bbox 282 2447 324 2489; x_wconf 79' lang='lat'>5,</span> <span class='ocrx_word' id='word_1_261' title='bbox 348 2446 381 2481; x_wconf 89' lang='grc'>2.</span> <span class='ocrx_word' id='word_1_262' title='bbox 499 2447 558 2488; x_wconf 67' lang='lat' dir='ltr'>AS)</span> <span class='ocrx_word' id='word_1_263' title='bbox 585 2448 665 2483; x_wconf 81' lang='lat' dir='ltr'>Liv.</span> <span class='ocrx_word' id='word_1_264' title='bbox 696 2449 780 2493; x_wconf 79' lang='lat' dir='ltr'>epit.</span> <span class='ocrx_word' id='word_1_265' title='bbox 806 2447 934 2484; x_wconf 78' lang='lat' dir='ltr'>LXIX.</span> <span class='ocrx_word' id='word_1_266' title='bbox 970 2448 1042 2482; x_wconf 85' lang='lat' dir='ltr'>Cic.</span> <span class='ocrx_word' id='word_1_267' title='bbox 1068 2448 1170 2481; x_wconf 72' lang='lat' dir='ltr'>Catil.</span> <span class='ocrx_word' id='word_1_268' title='bbox 1200 2446 1259 2480; x_wconf 80' lang='lat' dir='ltr'>IV.</span> <span class='ocrx_word' id='word_1_269' title='bbox 1286 2447 1316 2482; x_wconf 89' lang='grc'>2.</span> <span class='ocrx_word' id='word_1_270' title='bbox 1353 2447 1447 2482; x_wconf 83' lang='lat' dir='ltr'>Plut.</span> <span class='ocrx_word' id='word_1_271' title='bbox 1474 2448 1595 2481; x_wconf 79' lang='lat' dir='ltr'>Mario</span> <span class='ocrx_word' id='word_1_272' title='bbox 1616 2448 1669 2482; x_wconf 80' lang='grc'>29.</span> 
     </span>
     <span class='ocr_line' id='line_1_34' title="bbox 285 2503 1671 2549; baseline 0.001 -13"><span class='ocrx_word' id='word_1_273' title='bbox 285 2503 438 2549; x_wconf 76' lang='lat' dir='ltr'>Appian.</span> <span class='ocrx_word' id='word_1_274' title='bbox 467 2503 512 2538; x_wconf 91' lang='lat' dir='ltr'>B.</span> <span class='ocrx_word' id='word_1_275' title='bbox 534 2504 611 2539; x_wconf 82' lang='lat' dir='ltr'>Civ.</span> <span class='ocrx_word' id='word_1_276' title='bbox 638 2504 664 2538; x_wconf 86' lang='grc' dir='ltr'>Ι.</span> <span class='ocrx_word' id='word_1_277' title='bbox 690 2504 745 2539; x_wconf 84' lang='grc'>32.</span> <span class='ocrx_word' id='word_1_278' title='bbox 863 2505 922 2549; x_wconf 81' lang='grc'>49)</span> <span class='ocrx_word' id='word_1_279' title='bbox 951 2505 1023 2539; x_wconf 85' lang='lat' dir='ltr'>Cic.</span> <span class='ocrx_word' id='word_1_280' title='bbox 1046 2503 1149 2538; x_wconf 86' lang='lat' dir='ltr'>Brut.</span> <span class='ocrx_word' id='word_1_281' title='bbox 1174 2503 1235 2544; x_wconf 81' lang='lat'>36,</span> <span class='ocrx_word' id='word_1_282' title='bbox 1266 2503 1338 2537; x_wconf 80' lang='lat'>136.</span> <span class='ocrx_word' id='word_1_283' title='bbox 1445 2505 1503 2546; x_wconf 87' lang='lat'>50)</span> <span class='ocrx_word' id='word_1_284' title='bbox 1530 2505 1602 2539; x_wconf 90' lang='lat' dir='ltr'>Cic.</span> <span class='ocrx_word' id='word_1_285' title='bbox 1626 2504 1671 2537; x_wconf 87' lang='lat' dir='ltr'>de</span> 
     </span>
     <span class='ocr_line' id='line_1_35' title="bbox 283 2556 1670 2604; baseline 0.001 -12"><span class='ocrx_word' id='word_1_286' title='bbox 283 2556 347 2593; x_wconf 88' lang='lat' dir='ltr'>Or.</span> <span class='ocrx_word' id='word_1_287' title='bbox 373 2558 415 2592; x_wconf 87' lang='lat'>11.</span> <span class='ocrx_word' id='word_1_288' title='bbox 441 2559 504 2601; x_wconf 80' lang='lat'>70,</span> <span class='ocrx_word' id='word_1_289' title='bbox 529 2559 606 2594; x_wconf 83' lang='grc'><strong>283.</strong></span> <span class='ocrx_word' id='word_1_290' title='bbox 714 2560 772 2604; x_wconf 89' lang='lat'>51)</span> <span class='ocrx_word' id='word_1_291' title='bbox 796 2561 819 2596; x_wconf 93' lang='grc'>1.</span> <span class='ocrx_word' id='word_1_292' title='bbox 842 2573 870 2596; x_wconf 93' lang='lat' dir='ltr'>c.</span> <span class='ocrx_word' id='word_1_293' title='bbox 974 2561 1030 2604; x_wconf 78' lang='lat'>52)</span> <span class='ocrx_word' id='word_1_294' title='bbox 1057 2560 1157 2594; x_wconf 87' lang='lat' dir='ltr'>Suet.</span> <span class='ocrx_word' id='word_1_295' title='bbox 1185 2560 1233 2593; x_wconf 84' lang='lat' dir='ltr'>ill.</span> <span class='ocrx_word' id='word_1_296' title='bbox 1260 2571 1309 2604; x_wconf 83' lang='lat' dir='ltr'>gr.</span> <span class='ocrx_word' id='word_1_297' title='bbox 1337 2559 1368 2593; x_wconf 85' lang='lat'>3.</span> <span class='ocrx_word' id='word_1_298' title='bbox 1473 2560 1531 2604; x_wconf 86' lang='lat'>53)</span> <span class='ocrx_word' id='word_1_299' title='bbox 1558 2560 1670 2594; x_wconf 86' lang='lat' dir='ltr'>Prisc.</span> 
     </span>
    </p>
   </div>
   <div class='ocr_carea' id='block_1_6' title="bbox 284 2614 1670 2708">
    <p class='ocr_par' dir='ltr' id='par_1_6' title="bbox 284 2614 1670 2708">
     <span class='ocr_line' id='line_1_36' title="bbox 284 2614 1670 2662; baseline 0.001 -15"><span class='ocrx_word' id='word_1_300' title='bbox 284 2614 380 2650; x_wconf 83' lang='lat' dir='ltr'>vul.</span> <span class='ocrx_word' id='word_1_301' title='bbox 407 2628 441 2660; x_wconf 89' lang='lat' dir='ltr'>p.</span> <span class='ocrx_word' id='word_1_302' title='bbox 468 2614 544 2650; x_wconf 80' lang='lat'>793.</span> <span class='ocrx_word' id='word_1_303' title='bbox 571 2616 612 2650; x_wconf 80' lang='lat' dir='ltr'>P.</span> <span class='ocrx_word' id='word_1_304' title='bbox 638 2623 661 2653; x_wconf 74' lang='lat' dir='ltr'>t.</span> <span class='ocrx_word' id='word_1_305' title='bbox 691 2616 715 2649; x_wconf 84' lang='grc' dir='ltr'>Ι.</span> <span class='ocrx_word' id='word_1_306' title='bbox 744 2629 777 2662; x_wconf 88' lang='lat' dir='ltr'>p.</span> <span class='ocrx_word' id='word_1_307' title='bbox 807 2616 873 2651; x_wconf 71' lang='lat'>37⁶2</span> <span class='ocrx_word' id='word_1_308' title='bbox 898 2617 942 2653; x_wconf 81' lang='lat' dir='ltr'>K.</span> <span class='ocrx_word' id='word_1_309' title='bbox 1047 2617 1105 2658; x_wconf 73' lang='lat'>54)</span> <span class='ocrx_word' id='word_1_310' title='bbox 1133 2615 1223 2650; x_wconf 88' lang='lat' dir='ltr'>Gell.</span> <span class='ocrx_word' id='word_1_311' title='bbox 1246 2615 1343 2651; x_wconf 74' lang='lat' dir='ltr'>xlx.</span> <span class='ocrx_word' id='word_1_312' title='bbox 1365 2616 1398 2653; x_wconf 84' lang='grc'>9.</span> <span class='ocrx_word' id='word_1_313' title='bbox 1433 2614 1543 2652; x_wconf 88' lang='lat' dir='ltr'>Ovid.</span> <span class='ocrx_word' id='word_1_314' title='bbox 1565 2616 1670 2650; x_wconf 80' lang='lat' dir='ltr'>Trist.</span> 
     </span>
     <span class='ocr_line' id='line_1_37' title="bbox 284 2670 429 2708; baseline 0.021 -4"><span class='ocrx_word' id='word_1_315' title='bbox 284 2670 324 2704; x_wconf 92' lang='grc' dir='ltr'>ΙΙ.</span> <span class='ocrx_word' id='word_1_316' title='bbox 352 2670 429 2708; x_wconf 75' lang='grc'><strong><em>433.</em></strong></span> 
     </span>
    </p>
   </div>
   <div class='ocr_carea' id='block_1_7' title="bbox 1808 222 1819 985">
    <p class='ocr_par' dir='ltr' id='par_1_7' title="bbox 1808 222 1819 985">
     <span class='ocr_line' id='line_1_38' title="bbox 1808 222 1819 985; baseline 0 0"><span class='ocrx_word' id='word_1_317' title='bbox 1808 222 1819 985; x_wconf 95' lang='lat' dir='ltr'> </span> 
     </span>
    </p>
   </div>
   <div class='ocr_carea' id='block_1_8' title="bbox 1815 1591 1823 2193">
    <p class='ocr_par' dir='ltr' id='par_1_8' title="bbox 1815 1591 1823 2193">
     <span class='ocr_line' id='line_1_39' title="bbox 1815 1591 1823 2193; baseline 0 0"><span class='ocrx_word' id='word_1_318' title='bbox 1815 1591 1823 2193; x_wconf 95' lang='lat' dir='ltr'> </span> 
     </span>
    </p>
   </div>
  </div>
 </body>
</html>
