1835 3126
274 159 404 234 224
794 183 1133 230 (HCERONIS

273 300 459 353 inquam,
488 294 720 349 intellegis:
753 297 827 337 sed
852 297 1035 338 adiunxit
1065 299 1189 339 etiam
1219 304 1258 340 et
1287 297 1499 340 literarum
1524 297 1660 340 scien-

272 377 371 417 tiam
398 381 437 416 et
459 374 654 429 loquendi
681 373 945 427 elegantiam,
969 386 1073 428 quae
1100 387 1150 416 ex
1174 378 1336 431 scriptis
1360 378 1462 426 ejus,
1491 388 1662 431 quorum

274 453 431 496 similia
467 452 585 494 nulla
615 458 729 501 sunt,
768 451 979 493 facillume
1009 453 1190 507 perspici
1218 460 1363 508 potest.
1424 452 1517 495 154.
1550 466 1661 496 cum-

273 545 351 587 que
390 530 575 572 discendi
615 543 745 572 causa
775 529 934 572 duobus
970 531 1244 585 peritissumis
1283 544 1449 585 operam
1481 531 1663 572 dedisset

272 607 320 651 L.
360 607 523 650 Lucilio
562 607 697 650 Balbo
744 614 782 650 et
821 607 865 649 C.
907 607 1078 663 Aquilio
1120 607 1266 657 Gallo,
1308 607 1440 658 Galli,
1484 608 1663 650 hominis

274 687 383 729 acuti
414 693 453 728 et
483 688 716 736 exercitati,
746 692 972 743 promptam
1002 692 1041 727 et
1069 692 1257 742 paratam
1288 687 1330 727 in
1360 685 1521 740 agendo
1553 692 1592 727 et
1621 687 1664 727 in

271 765 560 820 respondendo
602 765 855 807 celeritatem
893 763 1118 806 subtilitate
1157 764 1454 818 diligentiaque
1493 776 1663 818 supera-

270 844 349 893 vit3
391 841 515 885 Balbi
558 843 667 885 docti
704 849 744 886 et
783 843 931 884 eruditi
965 841 1144 885 hominis
1187 843 1230 883 in
1266 848 1438 895 utraque
1476 855 1521 883 re
1564 855 1664 884 con-

272 921 497 963 sideratam
526 922 760 963 tarditatem
788 923 887 963 vicit
917 920 1184 977 expediendis
1217 920 1565 975 conficiendisque
1596 933 1664 962 re-

271 998 370 1041 bus:
412 1001 472 1041 sic
504 1006 542 1041 et
571 998 695 1041 habet
726 999 833 1054 quod
862 1006 1032 1054 uterque
1064 1012 1205 1041 eorum
1235 998 1377 1040 habuit
1413 1005 1451 1040 et
1488 999 1664 1054 explevit

273 1077 381 1131 quod
412 1078 571 1132 utrique
604 1077 743 1118 defuit.
805 1078 898 1118 155.
931 1076 1071 1133 Itaque
1102 1084 1143 1119 ut
1166 1077 1344 1119 Crassus
1375 1076 1474 1118 mihi
1503 1077 1665 1118 videtur

272 1155 499 1209 sapientius
539 1155 693 1196 secisse
733 1168 855 1210 quam
887 1154 1097 1197 Scaevola
1127 1155 1218 1206 (hic
1251 1157 1358 1197 onim
1395 1168 1547 1197 causas
1579 1161 1663 1196 stu-

273 1232 390 1274 diose
423 1232 668 1288 recipiebat,
701 1233 743 1273 in
774 1232 921 1287 quibus
954 1245 979 1273 a
1006 1231 1162 1274 Crasso
1193 1232 1482 1287 superabatur3
1513 1233 1584 1274 ille
1616 1245 1661 1275 se

272 1310 434 1352 consuli
461 1310 651 1359 nolebat,
688 1323 740 1352 ne
776 1323 857 1365 qua
887 1311 928 1351 in
958 1323 1003 1352 re
1034 1310 1208 1352 inferior
1238 1317 1349 1352 esset
1379 1323 1500 1365 quam
1531 1308 1665 1352 Scae-

269 1387 407 1441 vola):
442 1389 502 1430 sic
534 1387 707 1430 Servius
740 1390 1077 1444 sapientissume,
1110 1401 1200 1429 cum
1236 1388 1342 1429 duae
1375 1388 1520 1429 civiles
1552 1395 1662 1430 artes

271 1479 322 1508 ac
349 1466 539 1508 forenses
568 1467 798 1523 plurumum
829 1473 868 1509 et
893 1466 1030 1509 laudis
1062 1465 1261 1509 haberent
1292 1472 1331 1507 et
1358 1467 1538 1520 gratiae,
1569 1480 1663 1522 per-

269 1546 387 1595 fecit,
420 1552 462 1587 ut
493 1545 626 1587 altera
654 1551 888 1601 praestaret
918 1545 1126 1594 omnibus,
1164 1558 1214 1586 ex
1245 1544 1378 1586 altera
1406 1551 1561 1586 tantum
1592 1558 1662 1587 as-

270 1630 467 1674 sumeret,
512 1630 706 1679 quautum
736 1631 849 1666 esset
889 1631 928 1665 et
963 1624 1016 1665 ad
1045 1623 1238 1665 tuendum
1276 1624 1341 1664 ius
1373 1623 1493 1665 civile
1533 1630 1571 1666 et
1610 1625 1663 1667 ad

271 1700 535 1744 obtinendam
567 1702 829 1744 consularem
854 1702 1095 1757 dignitatem
1124 1703 1242 1755 satis.
1301 1701 1397 1743 156.
1428 1701 1532 1743 Tum
1556 1701 1662 1745 Bru-

269 1785 352 1829 tuS,
392 1778 454 1821 Ita
482 1793 674 1835 prorsus,
710 1782 862 1835 inquit,
904 1787 943 1822 et
975 1787 1098 1822 antea
1123 1779 1341 1836 putabam:
1384 1780 1522 1822 audivi
1553 1783 1662 1823 enim

271 1870 399 1914 nuper
437 1870 529 1899 eum
568 1857 752 1900 studiose
789 1864 828 1900 et
864 1858 1100 1913 frequenter
1129 1856 1265 1907 Sami,
1305 1871 1396 1900 cum
1428 1872 1479 1901 ex
1510 1872 1559 1902 eo
1597 1861 1661 1902 ius

357 1993 414 2019 155.
453 1991 697 2025 sapientissume,
717 1991 797 2025 cum]
819 1991 1049 2025 sapientissime.
1086 1990 1157 2017 Cum
1178 1992 1262 2017 enim.

271 2093 399 2129 ordine
422 2092 580 2127 recessit.
606 2111 651 2116 —
686 2092 892 2137 ἰηϊεῖἶεῃῖε]
918 2091 969 2126 sic
990 2091 1056 2136 Lg.
1078 2091 1112 2125 8.
1134 2091 1189 2126 51.
1223 2089 1300 2126 Ott.
1324 2111 1369 2117 —
1401 2097 1438 2127 et
1461 2093 1660 2140 loquendi]

271 2149 478 2195 eloquendi
501 2159 569 2183 om.
600 2152 638 2181 et
663 2148 728 2182 Gu.
756 2149 784 2183 l.
812 2148 868 2182 ed.
895 2159 948 2193 pr.

363 2207 437 2240 154.
487 2205 682 2248 discendi]
709 2205 869 2240 (licendi
891 2205 947 2239 ed.
970 2215 1023 2249 pr.
1046 2204 1150 2239 codd.
1176 2203 1240 2250 Lg.
1267 2209 1413 2250 praeter
1431 2205 1505 2246 35.;
1528 2207 1557 2241 is
1582 2219 1661 2242 cum

269 2263 359 2298 Ven.
391 2264 418 2297 1.
456 2260 531 2296 Ott.
568 2274 692 2296 verum
727 2262 903 2297 servavit.
952 2264 1052 2296 iuris
1086 2261 1167 2295 add.
1199 2261 1283 2296 Sch.
1319 2273 1390 2296 non
1429 2264 1659 2306 necessari03

269 2319 432 2354 sciebant
458 2319 551 2352 enim
576 2318 752 2352 Lucilium
777 2321 808 2353 8:
827 2318 1006 2363 Aquilium
1030 2318 1115 2351 iuris
1140 2319 1323 2352 consultos
1345 2318 1464 2353 fuisse.
1483 2339 1528 2344 —
1551 2322 1660 2367 peri-

272 2376 462 2417 assumis]
490 2376 538 2408 ita
562 2374 627 2421 Lg.
650 2374 704 2409 39.
725 2376 778 2409 51.
803 2374 856 2410 70.
888 2372 962 2409 Ott.
990 2375 1040 2408 ita
1066 2386 1159 2409 corr.
1185 2374 1249 2421 Lg.
1271 2375 1305 2410 S.
1328 2395 1374 2399 ——-
1408 2375 1584 2421 Aquilio]
1608 2377 1660 2410 sic

267 2432 351 2467 libri
376 2432 464 2471 1nei3
491 2430 669 2475 Aeqnz'lz‘o
697 2432 753 2466 ed.
780 2443 832 2476 pr.

364 2488 441 2523 155.
490 2487 661 2532 nolebat]
699 2487 847 2522 solebat
880 2487 935 2522 ed.
960 2498 1012 2532 pr.
1042 2489 1073 2520 &
1105 2487 1228 2528 codd.;
1264 2488 1420 2522 correxit
1448 2486 1658 2522 Cratander.

270 2544 427 2579 volebat
461 2544 637 2589 quaedam
670 2545 750 2579 edd.
783 2550 869 2579 vett.
893 2564 939 2569 ——
977 2546 1301 2589 sapimttisuswme,
1336 2554 1424 2577 eum
1456 2542 1571 2586 duae]
1608 2543 1659 2577 sic

270 2601 396 2646 (modo
423 2601 520 2646 quod
545 2601 708 2635 nonnulli
734 2600 1014 2636 absentissume
1036 2611 1062 2634 s.
1090 2602 1319 2646 apsentis-S.)
1345 2599 1399 2634 ed.
1418 2611 1469 2643 pr.
1495 2601 1527 2632 &
1552 2597 1656 2632 codd.

271 2669 408 2693 omnes.
456 2657 649 2702 Vulgatum
675 2660 976 2704 sapientissime.
1030 2655 1125 2690 (lum
1146 2659 1250 2691 enim
1275 2657 1377 2692 duae
1400 2654 1572 2690 Ascensio
1597 2653 1657 2688 de·

270 2714 385 2749 betur.
434 2713 514 2751 cluo
540 2713 606 2760 Lg.
629 2714 661 2750 8.
684 2714 739 2749 39.
764 2714 819 2749 51.
844 2713 897 2749 53.
922 2712 976 2748 56.
1001 2712 1057 2748 58.
1082 2712 1137 2748 70.
