1835 3126
396 139 594 212 BREVIS
624 137 1021 192 ELOQUENTIAE
1052 137 1188 183 ROM.
1219 136 1364 182 HIST.
1461 138 1579 184 135

186 270 256 300 vus
293 267 377 297 cum
405 255 685 304 Demosthene,
722 258 802 294 tum
831 253 947 294 etiam
982 254 1100 304 illud,
1137 253 1240 306 quod
1275 252 1582 293 iurisdictionem

186 325 375 366 urbanam
412 323 484 363 illo
527 334 627 362 anno
669 322 805 362 habuit
841 322 889 362 T.
917 322 1065 362 Annius
1094 322 1211 363 Milo.
1270 321 1350 362 Sed
1389 320 1501 360 nulla
1536 330 1582 359 re

186 392 311 442 magis
348 390 584 430 illustratum
623 395 680 429 est
718 389 830 430 Calvi
870 390 1090 441 ingenium,
1136 401 1251 441 quam
1289 388 1505 428 actionibus
1541 389 1582 425 in

190 461 404 504 Vatinium,
437 470 485 498 ex
511 458 649 510 quibus
679 457 763 497 sere
788 458 884 497 solis
910 457 1111 509 desumpta
1141 456 1319 508 exempla
1343 460 1448 504 sunt,
1480 464 1583 506 quae

185 526 236 565 ab
277 526 372 564 artis
419 526 674 578 scriptoribus
716 524 931 564 afferuntur
958 522 1041 576 (⁷⁶).
1109 524 1284 564 Maxime
1321 522 1484 562 laudata
1524 525 1582 560 est

184 592 355 632 secunda
394 604 442 632 ex
474 594 533 633 his
572 593 712 633 oratio.
771 592 851 633 Sed
887 604 964 632 non
1000 592 1118 645 plane
1155 592 1303 631 clarum
1342 595 1418 638 est,
1455 593 1581 628 utrum

183 662 258 700 hae
288 661 460 700 actiones
496 673 540 701 re
571 665 607 700 et
630 665 804 713 tempore
834 660 1031 700 seiunctae
1059 660 1225 706 fuerint,
1266 671 1316 697 an
1347 657 1505 697 habitae
1539 656 1582 695 in

185 715 321 768 eadem
361 740 493 768 causa.
556 727 711 768 Certum
754 732 811 767 est
849 728 1044 769 Vatinium
1089 727 1253 766 ambitus
1293 737 1401 765 reum
1436 723 1582 762 factum

183 808 209 835 a
239 795 383 843 Calvo,
421 807 505 834 cum
533 795 591 835 M.
627 795 814 835 Catonem
849 799 1038 846 praetura
1069 793 1274 832 deiecisset
1303 804 1339 831 a.
1370 792 1474 838 700,
1511 788 1582 828 sed

183 862 403 901 absolutum
437 861 666 900 defendente
696 861 887 900 Cicerone
922 864 1068 910 rogatu
1095 858 1271 910 Pompeii
1296 856 1388 908 <⁷⁷);
1429 868 1478 895 ex
1505 857 1580 894 hac

182 929 334 968 actione
357 932 464 975 sunt,
489 938 590 979 quae
615 926 719 978 apud
741 927 952 978 scriptores
974 926 1104 966 relata
1124 925 1315 966 videmus:
1346 923 1430 962 fere
1451 922 1582 962 omnia

180 996 281 1035 enim
325 994 489 1034 ambitus
532 994 763 1033 mentionem
808 993 964 1033 habent.
1032 993 1176 1035 Verum
1221 1003 1305 1031 cum
1347 991 1410 1030 hic
1456 1000 1580 1028 annus

181 1061 293 1103 Calvi
314 1061 432 1100 fuerit
452 1061 657 1101 vicesimus
680 1072 824 1108 nonus,
855 1072 934 1100 non
952 1060 1078 1113 potuit
1106 1059 1196 1099 inde
1221 1057 1439 1110 exemplum
1459 1067 1579 1108 prae-

179 1135 355 1169 maturae
393 1129 433 1167 in
468 1128 558 1167 foro
597 1127 777 1167 dictionis
816 1129 933 1176 sumi,
970 1139 1042 1167 nec
1077 1128 1243 1180 primam
1274 1126 1356 1165 eius
1387 1124 1581 1163 actionem

179 1198 279 1237 banc
302 1197 424 1235 fuisse
449 1194 681 1245 significari,
713 1196 787 1234 etsi
807 1195 934 1247 prima
957 1195 1148 1234 claruisse
1170 1194 1310 1234 dicitur
1339 1205 1363 1231 a
1387 1192 1580 1243 scriptore

180 1263 332 1314 dialogi
362 1262 409 1302 (le
440 1263 663 1302 oratoribus
686 1260 769 1314 (7⁸).
829 1262 879 1302 Et
910 1274 995 1302 cum
1026 1262 1170 1302 Calvus
1202 1273 1226 1300 a
1255 1259 1470 1299 scholiasta
1498 1258 1579 1297 Bo-

179 1330 306 1370 biensi
337 1331 555 1371 orationum
587 1330 788 1371 Ciceronis
825 1330 926 1370 inter
955 1335 1144 1383 patronos
1173 1328 1218 1368 P.
1247 1327 1373 1368 Sextii
1404 1325 1579 1365 nomine-

179 1402 244 1437 tur
265 1396 352 1449 (79),
398 1409 510 1449 quem
550 1397 748 1437 defensum
786 1410 872 1438 esse
912 1410 947 1436 a.
987 1398 1071 1437 698
1111 1400 1255 1435 certum
1294 1399 1370 1442 est,
1413 1393 1580 1444 primam

180 1463 327 1506 Vatinii
364 1465 650 1504 accusationem
680 1466 805 1505 Sextii
837 1465 1101 1504 defensionem
1137 1467 1312 1513 tempore
1348 1459 1580 1499 antecedere

181 1535 353 1583 oportet3
390 1531 494 1582 quod
531 1532 566 1570 si
602 1532 657 1570 ita
689 1537 764 1580 est,
803 1543 881 1571 non
911 1531 1082 1571 eiusdem
1118 1528 1250 1568 delicti
1287 1528 1347 1567 bis
1377 1539 1467 1566 reus
1497 1526 1578 1568 Va-

179 1599 297 1638 tinius
320 1599 393 1637 suit
415 1603 482 1637 aut
505 1599 712 1650 ampliatus
742 1598 805 1639 vel
829 1598 1190 1650 comperendinatus
1215 1600 1289 1643 est,
1321 1594 1389 1634 sed
1413 1593 1577 1634 diversis

180 1665 419 1717 temporibus
459 1671 496 1704 et
529 1665 576 1704 de
608 1666 687 1705 alio
718 1666 835 1718 plane
866 1665 1021 1705 delicto.
1079 1665 1179 1703 Hinc
1210 1674 1331 1701 causa
1366 1661 1459 1700 mihi
1489 1665 1579 1699 orta

180 1737 240 1771 est
279 1733 319 1770 in
349 1732 481 1782 Pighii
518 1733 746 1771 sententiam
782 1731 996 1771 inclinandi
1023 1730 1219 1771 Vatinium
1249 1741 1285 1768 a.
1316 1729 1421 1775 696,
1463 1727 1578 1768 Calvi

179 1799 363 1839 vicesimo
401 1799 557 1850 quinto,
597 1803 819 1838 accusatum
849 1798 1105 1837 existimantis
1143 1796 1248 1849 apud
1275 1799 1499 1848 praetorem
1533 1792 1577 1834 C.

178 1866 401 1906 Memmium
430 1866 643 1904 maiestatis
668 1866 759 1917 lege
781 1866 936 1905 Licinia
962 1865 1094 1913 Iunia,
1126 1876 1241 1917 quam
1262 1862 1578 1916 promulgatione

176 1945 248 1986 per
276 1932 538 1972 trinundinum
567 1933 750 1985 neglecta
777 1933 956 1975 Vatinius
989 1932 1133 1986 prioris
1165 1932 1253 1971 anni
1284 1930 1461 1970 tribunus
1489 1929 1576 1970 vio-

176 2063 319 2107 sensus,
350 2063 486 2107 calvo,
521 2064 698 2099 Cicerone
730 2069 767 2099 et
794 2064 875 2099 aliis
908 2063 1084 2106 fortasse,
1118 2074 1269 2109 quorum
1300 2064 1448 2099 nomina
1475 2063 1576 2108 igno-

176 2125 314 2156 rantur.

271 2178 330 2220 76)
372 2177 463 2211 Sunt
498 2176 609 2210 haec:
652 2176 777 2210 Prima
818 2176 996 2220 particula
1037 2176 1133 2221 apud
1171 2175 1300 2209 Iulium
1335 2175 1575 2209 Severianum

178 2244 214 2278 p.
236 2232 304 2266 342
328 2233 443 2277 capp.
478 2232 523 2267 cs.
550 2232 692 2265 Ruhnk.
719 2231 1007 2266 emendationem
1040 2232 1076 2265 in
1105 2232 1196 2265 Add.
1225 2232 1269 2265 ad
1298 2231 1407 2266 Rutil.
1434 2242 1469 2276 p.
1493 2229 1572 2264 276.

178 2289 308 2323 Altera
333 2288 428 2333 apud
452 2288 620 2333 Aquilam
645 2299 679 2332 p.
703 2287 801 2330 183.‚
830 2288 1030 2333 eademque
1056 2287 1154 2332 apud
1181 2287 1331 2325 Quintil.
1359 2287 1419 2322 lX.
1447 2288 1488 2328 3,
1515 2286 1573 2321 56.

179 2352 214 2380 et
228 2345 445 2379 Diomedem
468 2356 503 2389 p.
520 2344 618 2386 443..
647 2345 742 2389 apud
767 2356 872 2389 quem
889 2345 1020 2380 vitiose
1043 2344 1180 2379 Gallus
1205 2356 1272 2389 pro
1290 2344 1408 2378 Calvo
1432 2343 1573 2388 legitur.

178 2402 259 2436 Hae
277 2402 379 2436 solae
399 2401 445 2435 ad
464 2402 620 2447 priorem
638 2401 816 2435 actionem
836 2402 956 2447 aliquo
976 2402 1084 2436 modo
1103 2402 1230 2435 referri
1252 2406 1413 2447 possunt.
1448 2399 1573 2433 Tertia

179 2459 275 2502 apud
296 2459 446 2496 Quintil.
471 2457 532 2492 Vl.
560 2458 597 2499 l,
620 2457 673 2492 13.
700 2464 735 2493 et
755 2458 933 2492 Senecam
959 2470 1016 2503 ep.
1034 2458 1090 2493 94.
1139 2459 1279 2496 Quarta
1306 2457 1401 2502 apud
1421 2455 1574 2494 Quintil.

178 2513 242 2549 IX.
266 2515 306 2557 2,
327 2515 381 2549 25.
410 2520 445 2548 et
471 2514 645 2548 Isidorum
666 2515 768 2560 Hisp.
791 2513 916 2561 Origg.
943 2514 985 2548 ll.
1006 2515 1061 2550 21.
1088 2527 1121 2561 p.
1141 2515 1197 2550 49.
1245 2516 1381 2553 Quinta
1408 2518 1443 2548 et
1465 2516 1571 2547 sexta

179 2571 274 2616 apud
290 2571 489 2606 Chai-isium
507 2583 541 2617 p.
562 2571 634 2606 198.
654 2577 689 2606 et
705 2572 782 2606 203.
796 2597 804 2613 ,
828 2583 896 2616 quo
919 2572 1001 2607 loco
1024 2572 1156 2606 dudum
1178 2572 1328 2607 Vatinii
1344 2583 1413 2617 pro
1433 2569 1569 2604 Fusci-

176 2630 237 2662 m‘c'
254 2629 480 2662 correctione
496 2628 631 2662 illatum
649 2634 713 2663 est.
832 2629 890 2672 77)
918 2628 990 2664 Cic.
1009 2629 1055 2667 Q.
1073 2629 1133 2663 Fr.
1151 2628 1194 2664 Π.
1218 2628 1268 2663 16.
1384 2628 1445 2672 78)
1469 2638 1497 2661 c.
1513 2624 1567 2660 34.

179 2684 238 2728 79)
264 2685 386 2721 Schol.
410 2684 506 2721 Bob.
530 2686 732 2731 argumenti
756 2697 809 2722 or.
836 2697 870 2732 p.
897 2686 1024 2721 Sextio
1050 2698 1085 2733 p.
1107 2686 1187 2721 292.
1210 2685 1268 2722 ed.
1295 2683 1411 2722 Orell.
