1835 3126
539 130 800 176 BRUTUS
840 131 960 178 CAP.
990 134 1057 177 76.
1368 136 1505 182 283

110 252 173 289 est
202 248 401 287 mortuus:
445 243 489 286 in
519 256 598 298 quo
636 242 772 286 fateor
797 244 912 299 vulgi
945 245 1142 289 iudicium
1172 258 1198 288 a
1227 246 1381 290 iudicio
1409 260 1507 290 meo*

111 322 376 366 dissensisse.
435 319 540 364 Nam
568 321 720 378 populo
749 335 831 365 non
862 330 951 366 erat
982 326 1084 366 satis
1104 323 1349 367 vendibilis:
1380 337 1506 381 prae-

108 413 205 456 ceps
235 400 461 455 quaedam,
500 407 540 443 et
579 414 670 442 cum
710 400 866 444 idcirco
911 401 1115 453 obscura,
1157 403 1255 458 quia
1289 409 1506 457 peracuta,

109 485 190 521 tum
221 478 370 534 rapida
399 485 439 521 et
465 479 676 521 celeritate
709 486 883 522 caecata
914 482 1070 530 orati03
1102 480 1177 522 sed
1206 493 1339 536 neque
1361 480 1508 523 verbis

111 557 311 612 aptiorem
350 559 430 600 cito
463 557 588 600 alium
619 558 791 600 dixerim
824 572 956 614 neque
991 560 1205 600 sententiis
1235 558 1501 601 crebriorem.

106 641 325 690 praeterea
352 636 560 692 perfectus
590 637 631 678 in
663 636 795 678 literis
826 638 1010 692 iurisque
1044 636 1179 679 civilis
1211 639 1294 678 iam
1330 650 1356 679 a
1386 643 1502 693 patre

108 712 325 756 Aculeone
356 714 549 757 traditam
578 715 706 756 tenuit
741 714 1015 770 disciplina-m.
1073 715 1169 757 265.
1205 714 1371 770 Reliqui
1399 721 1508 765 sunt,

109 792 179 846 qui
213 794 360 834 mortui
400 794 503 843 sint,
547 791 596 833 L.
638 791 896 847 Torquatus,
938 806 1057 847 quem
1095 798 1137 834 tu
1174 805 1256 834 non
1296 798 1380 833 tam
1421 793 1507 834 cito

105 867 311 912 rhetorem
334 870 532 919 dixisses,
556 870 634 911 etsi
657 882 740 911 non
765 869 907 910 deerat
931 870 1088 918 oratio,
1114 882 1256 923 quam,
1282 875 1324 910 ut
1349 868 1505 910 Graeci

106 946 265 996 dicunt,
298 943 540 989 πολιτικόν.
599 952 716 987 erant
747 946 789 987 in
820 958 870 988 eo
902 945 1115 1001 plurumae
1140 946 1288 988 literae
1319 959 1397 988 nec
1427 958 1505 988 eae

104 1025 325 1079 volgares,
363 1023 440 1066 sed
475 1024 696 1066 interiores
736 1023 942 1079 quaedam
979 1030 1018 1067 et
1055 1024 1324 1076 reconditae,
1361 1024 1505 1066 divina

107 1103 308 1145 memoria
345 1114 505 1145 summa
539 1101 760 1144 verborum
799 1108 838 1144 et
873 1104 1059 1156 gravitas
1101 1109 1139 1145 et
1172 1103 1403 1158 elegantia3
1441 1109 1507 1145 at-

108 1195 186 1237 que
223 1180 329 1223 haec
369 1182 509 1223 omnia
543 1165 654 1223 {sitae
694 1180 920 1223 decorabat
964 1180 1145 1235 dignitas
1187 1188 1226 1224 et
1270 1182 1505 1235 integritas.

110 1258 181 1301 Me
213 1258 376 1314 quidem
403 1259 621 1301 admodum
648 1258 882 1301 delectabat
913 1260 1038 1302 etiam
1068 1258 1210 1301 Triari
1247 1261 1290 1301 in
1322 1259 1399 1302 illa
1432 1273 1507 1302 ae-

110 1344 194 1380 tate
237 1337 361 1393 plena
397 1337 588 1380 literatae
629 1339 853 1380 senectutis
893 1339 1040 1380 oratio.
1106 1344 1261 1394 quanta
1298 1340 1505 1380 severitas

110 1417 153 1458 in
176 1415 307 1458 voltu!
341 1422 533 1470 quantum
558 1416 717 1472 pondus
748 1418 791 1458 in
818 1415 982 1458 verbis!
1015 1429 1136 1472 quam
1165 1416 1269 1458 nihil
1299 1429 1382 1458 non
1405 1430 1506 1459 con-

112 1494 337 1536 sideratum
375 1493 514 1536 exibat
552 1507 603 1536 ex
633 1496 724 1536 ore!
782 1494 879 1536 266.
922 1493 1030 1536 Tum
1058 1493 1208 1536 Brutus
1237 1493 1440 1550 Torquati
1466 1501 1507 1537 et

111 1571 255 1614 Triari
299 1573 505 1614 mentione
545 1579 770 1615 commotus
819 1575 1049 1628 (utrumque
1090 1573 1199 1614 enim
1243 1585 1385 1615 eorum
1431 1573 1506 1616 ad-

112 1650 275 1693 modum
313 1650 558 1705 dilexerat),
599 1649 689 1693 Nae
729 1663 827 1706 ego,
867 1651 1019 1706 inquit,
1058 1656 1100 1693 ut
1132 1652 1316 1694 omittam
1353 1657 1506 1703 cetera,

109 1815 242 1859 seim„
275 1815 443 1860 placitum
467 1814 637 1860 Meyero.
663 1834 709 1840 —-
743 1815 906 1861 rapida]
943 1819 980 1850 et
1003 1826 1034 1851 r.
1062 1814 1193 1857 Schn.‚
1230 1815 1333 1860 quasi
1357 1816 1507 1864 rapida

110 1884 189 1907 cum
217 1872 417 1907 celeritate
441 1871 657 1917 iungendum
681 1872 738 1907 sit.
762 1891 809 1896 —
845 1872 1025 1915 caecata]
1052 1874 1179 1906 citata
1204 1872 1260 1908 ed.
1287 1884 1342 1919 pr.

199 1984 277 2019 265.
326 1986 396 2030 qui
406 1987 557 2019 mortui
568 1985 661 2028 sint]
688 1989 779 2019 sunt
804 1984 871 2020 Gu.
889 1985 917 2020 l.
933 1984 965 2021 9.
992 1983 1057 2030 Lg.
1072 1984 1128 2019 20.
1151 1984 1321 2029 placitum
1334 1983 1507 2030 Meyero.

108 2041 272 2085 „Cicero
304 2053 383 2075 cum
409 2041 604 2075 identidem
634 2040 790 2075 affirmet
823 2041 868 2075 de
894 2041 1040 2075 mortuis
1074 2046 1210 2074 tantum
1237 2042 1440 2075 oratoribus
1465 2053 1506 2076 se

109 2099 347 2132 iudicaturum
370 2109 467 2140 esse,
491 2098 681 2131 molestum
707 2103 742 2131 et
765 2097 890 2131 inutile
909 2097 1002 2130 foret
1027 2097 1306 2130 additamentum
1327 2100 1394 2142 qui
1413 2101 1509 2132 sunt

111 2156 273 2189 mortui.
318 2153 426 2188 Nunc
453 2159 571 2186 autem
598 2153 840 2187 conditionem
867 2154 967 2197 tluasi
993 2159 1163 2197 repetens
1186 2153 1268 2187 olim
1295 2154 1509 2188 inculcatam

110 2211 272 2254 reliquos
304 2210 463 2243 ostendit
496 2221 536 2243 se
570 2209 823 2252 collecturum,
858 2209 923 2244 sed
956 2209 1115 2254 reliquos
1150 2215 1269 2244 tamen
1302 2221 1323 2244 e
1358 2221 1509 2244 numero

113 2267 379 2301 inortuorum.“
415 2265 660 2310 Bernhardy.
712 2266 971 2301 Coniunctivus
1005 2266 1111 2311 igitur
1138 2272 1193 2300 est
1218 2266 1392 2300 orationis
1420 2266 1511 2301 obli·

113 2335 206 2369 quae
232 2329 267 2356 et
292 2334 338 2356 ex
363 2327 483 2356 mente
506 2322 702 2357 Ciceronis.
727 2342 773 2347 —-
802 2323 1035 2369 plurumae]
1073 2323 1124 2356 sic
1150 2322 1217 2367 Lg.
1243 2322 1275 2357 S.
1301 2322 1356 2357 35.
1384 2322 1438 2356 53.
1463 2342 1510 2348 —

112 2379 306 2425 volfflzres]
334 2380 385 2413 sic
410 2378 476 2424 Lg.
499 2378 531 2413 S.
556 2379 611 2413 35.
636 2379 690 2413 51.
716 2379 771 2414 53.
797 2379 850 2414 70.
890 2377 964 2414 Ott.
990 2399 1036 2403 —
1071 2380 1268 2425 yrczvz'tas]
1295 2379 1510 2425 qrccndilas

114 2435 285 2471 Orellius.
303 2454 352 2462 ι-
387 2435 579 2480 dissnilas]
611 2436 661 2469 sic
687 2436 743 2471 ed.
770 2448 823 2481 pr.
855 2442 890 2470 et
915 2434 989 2471 Ott.
1017 2435 1105 2477 soli,
1139 2442 1177 2469 ut
1204 2436 1346 2480 scripsit
1371 2436 1510 2470 Rivius.

113 2493 206 2528 Cett.
233 2492 337 2526 codd.
364 2495 559 2537 (flavitas,
586 2493 834 2528 aberrantibus
861 2493 906 2526 ad
932 2493 1056 2537 priora
1080 2492 1246 2527 librariis.
1269 2510 1316 2519 .-..
1360 2491 1510 2535 Triari]

112 2550 166 2583 sic
193 2548 259 2594 Lg.
284 2549 316 2582 S.
342 2548 394 2582 39.
421 2549 476 2583 51.
502 2549 556 2584 53.
583 2549 637 2584 68.
666 2550 720 2585 70.
769 2549 900 2584 Marii
926 2549 1017 2583 Ven.
1039 2550 1069 2584 l.
1105 2549 1185 2583 Vat.
1223 2549 1278 2582 etl.
1305 2559 1357 2592 pr.
1396 2553 1432 2582 et
1457 2549 1510 2582 sic

115 2606 222 2639 etiam
255 2605 283 2650 ἓ.
309 2604 387 2640 266.
414 2625 460 2630 ——-
497 2606 614 2650 voltu]
648 2607 701 2642 sic
724 2605 790 2653 Lg.
813 2606 845 2642 S.
870 2605 923 2641 35.
949 2605 1003 2643 51.
1029 2605 1086 2643 53.
1112 2605 1167 2641 58.
1190 2605 1244 2642 68.
1267 2605 1321 2642 70.
1360 2602 1437 2641 Ott.
1461 2623 1508 2635 ν-

114 2661 219 2698 nihil
240 2662 331 2706 non]
355 2662 534 2698 nonnihil
557 2663 613 2699 ed.
639 2675 692 2710 pr.
