1835 3126
323 254 404 295 AD
436 252 550 294 ClC.
581 250 852 295 BRUTUM
883 253 1001 296 CAP.
1026 254 1094 297 39.
1118 254 1185 298 40.
1207 254 1274 298 41.
1381 256 1498 302 381

223 366 314 406 149.
375 366 536 416 quodam
567 365 687 416 modo]
730 366 916 418 Meyerus
955 367 1234 421 interpretatur
1270 369 1320 407 ad
1349 375 1499 408 acutam

106 435 326 470 sententiam
365 432 611 483 captandam,
651 446 723 482 qua
762 434 863 471 color
901 434 1064 472 addatur
1102 437 1266 473 orationi
1303 436 1400 485 (nos
1436 437 1500 474 «les

110 496 246 546 Effects
267 498 430 550 weyen),
462 498 732 550 dirersumque
758 511 844 539 esse
875 500 929 538 ait
956 500 1054 540 illud
1085 500 1132 540 de
1155 501 1221 541 Or.
1244 500 1308 540 III.
1336 504 1407 550 10,
1432 504 1498 541 37.

104 563 210 604 Nihil
252 566 290 604 iu
330 566 390 604 his
428 565 641 614 diversum,
686 564 754 604 sed
797 566 950 617 utrique
988 567 1077 606 loco
1118 567 1338 607 adhibenda
1374 569 1499 607 Bern-

104 631 244 683 hardyi
274 632 506 684 explicatio:
544 633 842 683 „simpliciorem
872 634 1231 685 interpretationem
1266 635 1358 674 licet
1385 635 1498 684 inire,

105 703 147 737 ut
185 704 430 751 comparetur
462 699 622 739 Graecis
659 700 898 740 tritissimum
929 695 1134 755 ἁμηγέπη
1166 714 1196 741 S.
1228 696 1499 753 ἁμωςγέπως

106 758 375 819 ἀποφαίνειν
397 766 460 805 vel
484 763 643 817 λέγειν,
674 779 712 806 v.
737 767 887 807 Rulmk.
912 768 952 806 in
974 767 1073 806 Tim.
1097 780 1136 820 p.
1163 771 1250 816 29.;
1280 769 1370 807 item
1395 768 1499 821 quod

103 836 230 869 exstat
267 831 307 869 in
344 831 447 871 Plat.
485 832 613 883 Legg.
653 833 733 874 VII.
773 846 810 886 p.
850 835 952 875 798:
989 831 1183 888 μηχανὴν
1223 832 1274 888 δὴ
1316 833 1384 875 δεῖ
1422 833 1498 875 τὸν

100 895 346 951 νομοθέτην
371 895 532 939 ἐννοεῖν
560 893 731 950 ἁμόθεν
757 898 806 952 γέ
830 902 987 946 ποθεν,
1016 897 1164 940 ὅντινα
1186 896 1354 954 τρόπον
1381 897 1495 941 τοῦτ’

104 959 230 1004 ἔσται
250 964 304 1019 τῇ
331 959 485 1011 πόλει,
512 966 538 1004 i.
565 977 597 1005 e.
621 972 814 1017 utcunque
839 965 924 1005 fieri
946 970 1073 1017 potest
1096 977 1180 1004 cum
1205 966 1340 1017 aliqua
1355 967 1498 1017 specie.

102 1030 291 1070 Similiter
314 1030 360 1069 de
382 1031 467 1070 Fin.
492 1031 521 1070 I.
544 1029 706 1079 19‚⁴6‘2:
737 1032 802 1068 sed
824 1038 980 1081 possunt
1009 1032 1099 1069 haec
1125 1032 1197 1069 dict
1227 1045 1308 1069 cum
1335 1032 1498 1081 mendam

100 1100 298 1135 ratione.“
353 1096 396 1135 Id
424 1102 482 1135 est
511 1092 592 1137 οὐκ
623 1091 803 1148 ἀλόγως.

212 1167 337 1200 vestra
368 1168 471 1201 vetus
495 1163 714 1213 Academia]
753 1162 996 1203 Academicis
1022 1164 1238 1212 veteribus,
1278 1177 1302 1203 a
1334 1176 1498 1216 quorum

100 1228 256 1282 placitis
299 1229 373 1268 hoc
418 1229 695 1270 alienissimum
737 1235 844 1278 erat,
889 1231 1023 1269 tribuit
1060 1230 1164 1282 quod
1202 1231 1345 1270 rectius
1384 1231 1496 1271 Peri-

100 1296 359 1348 pateticorum
389 1308 474 1335 esse
504 1296 666 1345 dicitur,
695 1301 738 1335 ut
761 1297 847 1349 ipse
875 1296 1020 1336 fatetur
1050 1297 1124 1338 Off.
1153 1298 1183 1337 Ι.
1209 1297 1280 1345 25,
1303 1299 1370 1337 89.
1417 1297 1497 1338 Sed

101 1363 241 1403 Cicero
286 1360 363 1402 sibi
405 1368 658 1415 persuaserat
702 1368 739 1402 et
774 1363 1029 1403 Academicos
1073 1368 1224 1404 veteres
1265 1376 1348 1404 cum
1383 1364 1496 1405 Peri-

99 1430 279 1481 pateticis
316 1430 356 1467 in
387 1429 559 1469 fontibus
598 1430 799 1470 doctrinae
837 1442 985 1470 morum
1022 1431 1249 1483 conspirare
1287 1443 1358 1470 nec
1389 1431 1496 1472 Stoi-

100 1507 233 1536 corum
264 1496 313 1534 ab
342 1496 422 1535 illis
451 1497 570 1536 aliam
600 1509 716 1549 quam
744 1497 785 1536 in
813 1498 942 1536 verbis
973 1497 1252 1538 dissensionem
1282 1510 1379 1537 esse.

216 1563 308 1603 150.
367 1565 448 1602 Ser.
488 1564 671 1614 Sulpicio]
716 1576 753 1604 v.
798 1564 984 1616 prolegg.
1031 1565 1066 1620 ξ.
1105 1566 1173 1605 46.
1237 1566 1347 1605 Hunc
1392 1564 1496 1617 quod

100 1629 254 1669 allenae
300 1635 500 1670 oratorum
543 1632 663 1670 aetati
702 1630 867 1670 medium
908 1632 1165 1683 interposuit,
1218 1637 1380 1684 propter
1424 1631 1494 1670 ad-

98 1697 341 1737 mirationem
380 1703 418 1736 et
455 1709 626 1736 amorem
661 1698 777 1746 fecit,
815 1703 858 1737 ut
893 1698 979 1738 viro
1026 1699 1189 1748 egregie
1228 1698 1275 1738 de
1313 1710 1354 1738 se
1386 1703 1422 1738 et
1451 1710 1495 1737 re

98 1764 258 1816 publica
296 1765 433 1804 merito
471 1764 662 1817 simulque
698 1764 966 1805 literatissimo
1005 1765 1199 1805 amicitiae
1236 1765 1495 1805 testimonium

97 1831 220 1871 daret.

212 1903 358 1936 tantum
392 1899 488 1935 turis
523 1898 655 1947 civilis]
695 1909 784 1936 nam
823 1897 1028 1936 consilium
1062 1897 1199 1937 habuit
1231 1897 1328 1937 iuris
1369 1897 1494 1937 civilis

98 1966 137 2005 in
167 1965 261 2004 artis
290 1965 456 2004 sormam
484 1963 706 2015 redigendi,
738 1963 842 2016 quod
871 1964 911 2003 in
939 1963 1051 2003 libris
1083 1963 1130 2004 de
1155 1965 1322 2004 Oratore
1348 1963 1493 2004 Crasso

97 2032 219 2071 fuisse
256 2030 472 2082 significat,
515 2031 665 2071 scilicet
708 2030 811 2083 quod
851 2042 893 2071 se
930 2030 1037 2070 illius
1073 2031 1237 2070 similem
1276 2042 1362 2070 esse
1398 2030 1492 2071 vult.

97 2099 157 2139 De
179 2099 253 2139 hoc
278 2099 480 2139 Ciceronis
502 2098 543 2137 iu
564 2099 651 2138 iure
673 2098 802 2150 posito
825 2097 1001 2150 periculo
1027 2111 1064 2138 v.
1088 2098 1250 2147 Quintil.
1266 2098 1353 2138 XII.
1371 2099 1408 2146 3,
1428 2099 1491 2138 10.

98 2165 197 2207 Gell.
229 2166 258 2206 I.
287 2168 353 2207 21.
400 2165 551 2205 Charis.
582 2177 621 2216 p.
654 2166 746 2204 111.

206 2232 310 2273 XLI.
373 2233 465 2272 151.
524 2231 712 2280 Rhodum]
756 2229 803 2270 de
835 2229 1036 2271 Ciceronis
1074 2229 1214 2269 itinere
1241 2230 1410 2279 Asiane,
1452 2231 1492 2270 in

98 2311 174 2351 quo
217 2298 347 2339 Rhodi
388 2303 646 2338 commoratus
685 2303 763 2346 est,
808 2310 844 2337 v.
882 2297 991 2336 Brut.
1033 2308 1065 2337 c.
1095 2299 1163 2337 91.
1227 2298 1369 2336 Melior
1406 2297 1494 2337 fieri

94 2359 266 2408 voluisse
291 2365 490 2418 Sulpicius
522 2365 663 2405 dicitur
690 2364 911 2418 praeceptis
941 2363 1145 2404 Posidonii
1174 2364 1320 2405 Stoici:
1360 2364 1410 2406 cf.
1441 2364 1492 2404 ad

93 2433 182 2475 Div.
212 2432 275 2474 1v.
308 2434 345 2472 3.

208 2503 248 2538 in
276 2503 358 2538 iure
392 2500 493 2537 ctvtlt
521 2512 598 2536 esse
626 2497 811 2549 princeps]
842 2497 939 2536 iuris
973 2497 1140 2549 peritiae
1170 2496 1309 2537 laudes
1338 2497 1492 2548 magni-

95 2567 190 2607 ficas
218 2567 338 2607 hahet
361 2565 499 2606 Cicero
526 2565 599 2606 Off.
622 2565 671 2605 Π.
698 2566 769 2614 19,
794 2563 884 2612 65.,
914 2575 990 2615 quo
1018 2564 1108 2604 loco
1132 2564 1236 2616 quod
1261 2576 1345 2604 eam
1368 2570 1491 2604 artem

96 2639 186 2674 ante
226 2633 410 2675 Caesaris
448 2632 684 2673 dominatum
718 2643 743 2671 a
777 2631 1019 2684 principibus
1056 2631 1222 2671 civitatis
1261 2629 1491 2670 custoditam

96 2713 182 2742 esse
212 2701 304 2741 dicit
343 2701 426 2741 sine
458 2700 574 2740 dubio
607 2699 823 2753 Sulpicium
860 2703 1021 2750 spectat.
1073 2697 1229 2738 ‘Eodem
1262 2697 1352 2737 loco
1384 2709 1489 2738 com-

94 2768 244 2822 paratis
291 2769 393 2809 inter
436 2780 477 2808 se
522 2768 671 2809 artibus
711 2765 956 2819 eloquentiae
992 2764 1174 2819 princeps
1211 2765 1339 2815 locus,
1390 2765 1487 2805 iuris
