1835 3126
572 158 832 204 BRUTUS
873 160 991 204 (JAP.
1026 162 1091 204 14.
1422 165 1528 210 125

139 273 251 328 galis
281 271 459 315 nominis
499 273 741 314 memoriam
781 272 965 315 tolleret:
1004 273 1112 329 quod
1152 280 1262 317 certe
1301 273 1528 318 effici.non

138 351 356 407 potuisset,
395 351 476 392 nisi
523 356 635 393 esset
674 352 860 394 oratione
902 365 1159 407 persuasum.
1225 352 1292 395 54.
1333 352 1528 396 Videmus

135 430 231 471 item
270 429 415 485 paucis
456 429 575 471 annis
606 436 697 485 post
731 443 853 484 reges
885 437 1076 480 exactos,
1111 444 1202 474 cum
1229 431 1371 488 plebes
1401 446 1527 488 prope

134 509 267 563 ripam
296 507 473 549 Anienis
512 507 565 550 ad
604 510 763 550 tertium
796 508 1018 551 miliarmm
1056 510 1317 552 consedisset
1353 523 1526 565 eumque

135 593 335 636 montem,
375 586 443 641 qui
469 584 603 628 Sacer
633 586 864 643 appellatus
895 595 979 638 est,
1011 589 1322 644 occupavisset,
1353 587 1412 630 M.
1442 587 1527 630 Va-

134 664 283 706 lerium
320 664 562 707 dictatorem
602 665 776 708 dicendo
805 666 1022 709 sedavisse
1053 667 1288 710 discordias
1322 668 1441 722 eique
1473 666 1525 709 ob

135 755 228 785 cam
263 755 350 784 rem
388 741 567 785 honoros
605 743 897 799 amplissumos
940 743 1106 786 habitos
1147 751 1186 787 et
1223 758 1314 787 eum
1354 746 1525 801 primum

133 820 185 863 ob
222 834 314 863 eam
354 822 487 876 ipsam
530 834 699 863 causam
729 820 968 862 Maxumum
1008 834 1104 863 esse
1142 822 1403 877 appellatum.
1463 821 1525 865 Ne

130 896 180 940 L.
211 897 420 941 Valerium
449 898 613 953 quidem
636 896 813 940 Potitum
844 898 1024 940 arbitror
1047 911 1130 940 non
1160 898 1318 954 aliquid
1339 901 1525 955 potuisse

131 976 329 1026 dicendo,
361 977 429 1031 qui
453 981 546 1031 post
570 975 889 1018 decemviralem
913 975 1110 1019 invidiam
1134 976 1298 1033 plebem
1323 978 1364 1019 in
1384 984 1524 1034 patres

129 1055 338 1096 incitatam
363 1052 529 1107 legibus
554 1060 593 1096 et
619 1054 880 1097 contionibus
906 1056 992 1097 suis
1018 1056 1282 1110 mitigaverit.
1327 1055 1396 1098 55.
1420 1055 1525 1099 Pos-

127 1145 268 1175 sumus
297 1132 475 1188 Appium
502 1131 718 1175 Claudium
741 1134 946 1190 suspicari
969 1133 1165 1176 disertum
1180 1168 1189 1185 ,
1215 1135 1312 1190 quia
1335 1141 1523 1176 senatum

129 1213 301 1254 iamiam
339 1211 580 1254 inclinatum
615 1224 641 1254 a
670 1210 818 1267 Pyrrhi
846 1225 950 1268 pace
976 1214 1255 1255 revocaverit:
1303 1226 1525 1269 possumus

132 1288 177 1331 C.
208 1288 466 1340 Fabricium,
507 1291 605 1346 quia
635 1291 688 1332 sit
727 1290 781 1333 ad
810 1289 1010 1346 Pyrrhum
1049 1290 1100 1332 de
1140 1292 1314 1347 captivis
1351 1305 1526 1348 recupe-

127 1368 271 1411 randis
312 1370 465 1411 missus
506 1375 666 1411 orator:
714 1367 782 1411 Ti.
824 1368 1151 1419 Coruncanium,
1189 1369 1298 1425 quod
1336 1383 1386 1412 ex
1422 1383 1525 1426 pon-

127 1446 281 1489 tificum
325 1448 631 1489 commentariis
678 1449 803 1502 longe
847 1447 1077 1504 plurumum
1126 1448 1296 1502 ingenio
1336 1447 1523 1490 valuisse

126 1524 342 1567 videatur:
395 1523 460 1566 M’
503 1523 697 1577 Curium,
750 1525 859 1581 quod
901 1527 939 1568 is
982 1525 1169 1568 tribunus
1214 1525 1350 1582 plebis
1396 1527 1525 1569 inter-

219 1669 318 1705 XIV.
366 1669 421 1704 53.
471 1674 540 1704 aut
562 1669 822 1714 celeritatem]
857 1681 937 1704 cum
962 1675 1030 1705 aut
1061 1681 1134 1704 non
1160 1668 1312 1712 habeat,
1346 1669 1443 1714 quod
1468 1681 1523 1705 re-

129 1726 327 1771 spondeat,
358 1726 443 1760 Scb.
473 1730 542 1760 aut
566 1726 830 1771 eloquentiam
854 1727 1003 1760 inseruit
1027 1732 1109 1772 post
1135 1727 1290 1760 texerit.
1339 1724 1406 1760 Est
1430 1725 1522 1761 ἀνα-

125 1780 330 1818 κόλουθονε
355 1794 391 1818 v.
411 1782 557 1817 Walch.
580 1781 661 1816 Em.
685 1781 767 1817 Liv.
791 1794 826 1827 p.
848 1781 923 1817 186.
957 1782 1076 1817 Hand.
1097 1782 1198 1817 Turs.
1224 1781 1299 1816 vol.
1324 1780 1350 1816 Ι.
1374 1794 1409 1828 p.
1429 1782 1522 1825 546„

125 1841 239 1885 magis
274 1837 512 1885 probabiliter
545 1838 821 1883 explicantem,'
844 1850 951 1885 quam
983 1838 1165 1874 Matthiae
1199 1838 1283 1873 fecit
1319 1839 1355 1873 in
1389 1838 1522 1873 Wolfii

125 1896 242 1931 Anall.
268 1895 319 1929 lit.
345 1894 419 1929 vol.
438 1893 482 1929 11.
499 1894 591 1929 2.—
617 1896 763 1941 inqeni]
786 1896 838 1930 sic
861 1894 928 1942 Lg.
945 1896 979 1931 8.
998 1896 1053 1930 51.
1076 1895 1170 1930 Ven.
1187 1895 1217 1930 l.
1232 1915 1278 1919 —
1305 1895 1522 1940 savianda]

123 1953 176 1987 sic
198 1953 277 1987 sine
301 1962 326 1986 u
349 1951 430 1986 libri
455 1956 491 1986 et
515 1951 572 1986 ed.
598 1963 652 1998 pr.

214 2009 272 2043 54.
321 2008 431 2051 item]
458 2010 583 2054 iyitur
609 2007 678 2054 Lg.
702 2008 758 2044 58.
783 2028 829 2034 —
866 2020 1034 2054 eumque
1059 2007 1250 2051 montem]
1279 2018 1445 2053 cumque
1467 2018 1519 2042 m.

125 2065 196 2101 Gu.
221 2065 251 2100 l.
280 2064 338 2100 ed.
363 2075 418 2110 pr.
466 2064 584 2099 Paulo
618 2071 702 2099 ante
735 2065 903 2100 Anionis
936 2070 996 2099 aut
1024 2064 1198 2100 Aneonis
1230 2063 1296 2109 Lg.
1325 2065 1358 2099 8.
1383 2064 1438 2099 39.
1465 2064 1522 2100 51.

124 2121 219 2156 Ven.
242 2121 272 2155 l.
288 2141 333 2145 —
356 2120 596 2164 miliarium]
621 2122 673 2155 sic
694 2133 765 2155 uno
785 2122 800 2154 l
818 2121 885 2166 Lg.
906 2132 1049 2162 omnes,
1070 2120 1164 2154 Ven.
1187 2121 1216 2154 l.
1242 2120 1324 2153 Vat.
1360 2119 1522 2154 miliare

124 2176 191 2222 Lg.
218 2177 274 2211 70.
298 2196 345 2201 -—
385 2177 622 2211 dictatorem
657 2176 839 2219 dicendo]
876 2187 944 2211 om.
980 2176 1046 2221 Lg.
1073 2176 1130 2210 20.
1180 2176 1419 2210 dictatorem
1450 2187 1521 2211 om.

124 2232 191 2278 Lg.
213 2232 268 2266 35.
294 2232 348 2265 53.
374 2232 429 2265 68.
456 2232 509 2266 70.
532 2232 587 2266 85.
624 2231 718 2265 Ven.
743 2231 775 2265 2.
796 2251 842 2256 ——
880 2231 1176 2278 amplissumos]
1201 2238 1237 2266 et
1264 2243 1350 2266 mox
1375 2231 1521 2267 Mamu-

124 2300 236 2324 mum
268 2287 335 2333 Lg.
361 2287 394 2322 8.
419 2288 473 2322 51.
509 2288 602 2322 Ven.
631 2289 659 2322 l.
694 2288 763 2321 hoc
793 2288 900 2322 etiam
924 2286 991 2333 Lg.
1017 2288 1072 2323 68.
1097 2308 1142 2313 ——
1176 2289 1405 2331 incitatam]
1434 2299 1521 2324 con-

125 2349 292 2381 citatam
315 2344 381 2390 Lg.
408 2344 463 2379 53.
490 2344 545 2379 68.
572 2344 627 2379 70.
676 2344 925 2379 incitandam
950 2344 1016 2379 Gu.
1045 2345 1074 2379 1.
1098 2364 1143 2369 —-
1182 2343 1439 2388 contionibus]
1467 2345 1520 2379 sic

123 2414 190 2448 per
215 2407 231 2436 t
254 2401 321 2447 Lg.
347 2412 490 2444 omnes,
513 2400 606 2435 Ven.
635 2402 663 2436 l.
689 2401 722 2436 2.
771 2412 792 2435 e
816 2400 883 2435 Gu.
910 2401 941 2435 l.

216 2458 271 2492 55.
320 2458 504 2501 iamiam]
530 2459 612 2492 iam
629 2457 693 2504 Lg.
713 2457 768 2492 20.
808 2460 974 2492 ianuam
994 2455 1050 2490 58.
1081 2455 1174 2491 ven.
1196 2456 1212 2490 l
1233 2468 1326 2492 corr.
1346 2477 1386 2483 —
1424 2459 1519 2503 quia

125 2515 194 2558 sit]
228 2516 294 2559 qui
316 2516 371 2549 sit
402 2513 470 2560 Lg.
494 2514 549 2550 20.
576 2514 632 2548 ed.
656 2525 710 2560 pr.
736 2534 780 2540 ——
826 2514 901 2558 Tan]
934 2512 972 2548 T.
999 2512 1059 2547 vel
1087 2512 1217 2548 Titum
1241 2514 1346 2548 codd.
1375 2521 1411 2549 et
1433 2515 1516 2550 edd.

123 2575 212 2606 vett.
236 2571 453 2616 pleraeque,
477 2571 544 2606 sed
568 2582 641 2606 non
658 2571 725 2618 Lg.
742 2572 775 2606 8.
794 2571 850 2607 20.
871 2571 924 2606 51.
969 2568 1064 2605 Mox
1086 2569 1362 2607 Coruncanum
1387 2571 1442 2606 ed.
1461 2582 1515 2616 pr.

124 2626 190 2673 Lg.
215 2627 270 2663 20.
295 2627 340 2662 39
361 2639 453 2664 corr.
488 2632 523 2662 et
545 2627 605 2662 alii
631 2629 787 2674 quidam.
811 2647 857 2654 --
891 2626 971 2671 Μ’]
1001 2626 1059 2662 M.
1083 2625 1169 2662 Ma.
1196 2626 1385 2663 Marcum
1408 2627 1515 2662 codd.

123 2689 160 2720 et
193 2684 276 2723 edd.
308 2696 435 2721 omnes
470 2684 517 2720 ad
543 2683 760 2723 Lambinum
793 2696 917 2732 usque.
943 2705 990 2712 —
1031 2695 1109 2720 non
1140 2684 1251 2733 dum]
1286 2685 1339 2721 sic
1373 2684 1516 2720 divisim
