1835 3126
259 156 388 201 234
784 153 1128 200 CICERONIS

258 266 425 308 tandum
453 275 531 305 nec
551 262 831 307 Romanarum
852 280 989 310 rerum
1017 270 1231 311 immemor
1259 274 1298 311 et
1320 268 1460 312 verbis
1484 269 1643 311 solutus

259 344 381 385 satis:
418 342 493 383 sed
522 343 565 383 in
591 354 766 395 magnos
797 350 986 386 oratores
1012 346 1213 388 inciderat
1242 348 1331 388 eius
1359 354 1490 389 aetas.
1540 347 1645 389 mul-

256 426 341 462 tam
373 426 511 461 tamen
550 433 717 475 operam
753 422 898 473 amicis
938 428 978 463 et
1014 422 1155 464 utilem
1191 423 1380 478 praebuit
1424 432 1544 480 atque
1587 426 1646 467 ita

260 498 330 539 diu
364 499 482 547 vixit,
530 504 571 539 ut
608 498 824 541 multarum
864 506 1043 541 aetatum
1081 500 1315 542 oratoribus
1354 502 1645 556 implicaretur,

258 576 424 617 multum
450 577 574 618 etiam
604 577 646 618 in
671 578 810 620 causis
836 584 1084 619 versaretur.
1143 578 1238 620 175.
1269 576 1403 619 Isdem
1428 579 1514 622 fere
1545 587 1647 622 tem-

255 653 426 710 poribus
469 652 519 696 D.
560 653 734 705 Brutus‚
778 657 815 697 is
861 657 931 710 qui
976 655 1121 698 consul
1166 668 1257 697 cum
1299 653 1514 697 Mamerco
1559 656 1645 706 fuit,

255 731 378 774 homo
410 738 449 774 et
475 731 649 774 Graecis
678 733 821 775 doctus
850 732 984 775 literis
1016 740 1055 775 et
1083 732 1259 775 Latinis.
1318 731 1493 775 Dicebat
1523 734 1648 775 etiam

256 808 306 851 L.
351 808 493 865 Scipio
538 823 621 853 non
664 811 849 867 imperite
898 810 1148 867 Gnaeusque
1193 807 1412 867 Pompeius
1459 809 1557 854 Sex.
1601 809 1646 852 F.

257 887 435 943 aliquem
466 902 677 930 numerum
707 888 931 931 obtinebat.
990 874 1096 931 Nam
1119 888 1216 931 Sex.
1248 889 1378 931 frater
1406 890 1495 930 eius
1525 902 1648 945 prae-

256 968 566 1008 stantissumum
592 969 802 1020 ingenium
829 967 1058 1008 contulerat
1087 967 1140 1009 ad
1165 980 1364 1008 summam
1387 968 1489 1009 iuris
1511 966 1648 1009 civilis

257 1051 296 1086 et
328 1044 379 1085 ad
402 1044 626 1100 perfectam
650 1045 903 1098 geometriae
931 1051 970 1087 et
995 1057 1131 1086 rerum
1155 1043 1389 1087 Stoicarum
1415 1046 1645 1087 scientiam.

256 1121 355 1163 Item
393 1123 435 1163 in
472 1123 560 1163 iure
602 1128 641 1163 et
673 1129 765 1164 ante
801 1122 877 1164 hos
907 1121 966 1165 M.
999 1122 1149 1165 Brutus
1190 1129 1229 1165 et
1266 1122 1390 1178 paulo
1432 1129 1525 1178 post
1554 1136 1645 1164 eum

258 1198 304 1240 G.
335 1198 549 1241 Bellienus
588 1199 711 1242 homo
746 1213 820 1255 per
857 1213 902 1241 se
944 1213 1119 1253 magnus
1159 1213 1285 1255 prope
1328 1201 1455 1241 simili
1484 1204 1644 1242 ratione

256 1290 436 1319 summus
469 1284 683 1319 evaserat:
724 1278 790 1331 qui
832 1277 978 1319 consul
1016 1277 1150 1318 factus
1187 1282 1320 1326 esset,
1356 1278 1438 1318 nisi
1477 1278 1520 1318 in
1549 1277 1673 1333 Mas

254 1356 399 1396 rianos
430 1355 670 1397 consulatus
701 1361 740 1396 et
769 1356 812 1395 in
835 1368 909 1396 eas
937 1356 1146 1411 petitionis
1171 1355 1386 1408 angustias
1416 1355 1645 1398 incidisset.

256 1433 351 1475 176.
391 1432 463 1474 Cn.
497 1439 631 1475 autem
662 1430 809 1475 Octavi
839 1433 1096 1488 eloquentia,
1127 1446 1232 1488 quae
1262 1433 1396 1474 fuerat
1425 1440 1517 1475 ante
1547 1446 1646 1475 con-

256 1511 434 1553 sulatum
476 1512 695 1566 ignorata,
742 1512 786 1553 in
829 1511 1046 1554 consulatu
1093 1511 1231 1554 multis
1277 1510 1538 1554 contionibus
1583 1517 1646 1554 est

345 1667 402 1692 175.
441 1665 611 1701 Bellienus]
632 1666 774 1693 Bilienus.

257 1780 360 1813 miras·
388 1782 545 1818 orator,
577 1789 696 1822 quam
721 1780 775 1817 is,
808 1779 849 1811 z‘n
879 1788 953 1822 quo
984 1780 1122 1812 vitiam
1148 1776 1298 1811 nullam
1324 1775 1644 1823 deprehenditur,

257 1831 481 1877 ταυτολὸγως
500 1833 626 1877 plane,
652 1834 735 1876 quia
759 1834 793 1865 in
816 1844 886 1877 quo
912 1833 998 1866 nihil
1018 1833 1178 1867 mendosi
1199 1833 1476 1878 reprehenditur
1497 1835 1645 1868 eximius

257 1889 444 1923 habendus
469 1895 534 1922 est.
583 1887 742 1923 Orellius
768 1888 919 1921 coniecit
945 1899 1022 1922 non
1046 1893 1129 1921 tam
1152 1899 1229 1921 non
1252 1888 1479 1929 vendibilis,
1507 1896 1542 1923 et
1565 1900 1645 1923 sen-

258 1946 404 1979 tentiam
435 1944 528 1978 hanc
562 1956 640 1979 esse
674 1945 768 1979 vult:
803 1949 888 1979 erat
919 1945 1080 1989 quidem
1110 1944 1336 1985 vendibilis,
1371 1945 1393 1978 i.
1420 1956 1451 1978 e.
1478 1945 1646 1989 placebat

257 2002 499 2043 audientibus,
534 2001 604 2034 secl
635 2005 680 2034 ut
716 2003 846 2034 nescio
883 2001 977 2044 quid
1010 2000 1063 2034 ad
1090 2001 1378 2047 perfectionem
1412 2003 1450 2034 ei
1482 2001 1643 2037 deesset.

258 2057 337 2091 Hoc
368 2058 401 2089 in
428 2069 472 2089 ea
497 2058 677 2101 scriptura
703 2056 978 2100 haudquaquam
1005 2057 1120 2098 inest,
1150 2057 1215 2090 sed
1240 2057 1326 2090 hoc:
1354 2057 1539 2102 placebat
1564 2059 1644 2102 qui-

259 2114 367 2152 dem,
403 2112 471 2145 secl
502 2118 543 2146 ut
567 2112 670 2147 nihil
692 2115 729 2146 ez·
755 2112 809 2145 ad
827 2112 1115 2157 perfectionem
1140 2112 1271 2146 deesse
1292 2117 1481 2158 putares,
1516 2114 1549 2147 in
1576 2125 1645 2157 qua

257 2169 437 2203 sententia
464 2168 569 2212 plane
597 2169 717 2213 inepte
745 2168 873 2202 dicitur
899 2169 978 2202 sed.
1029 2168 1142 2202 Uncis
1167 2168 1277 2202 clausi
1307 2180 1443 2213 quam,
1475 2168 1542 2201 hac
1565 2180 1645 2203 sen·

258 2225 388 2259 tentia:
415 2227 576 2258 minime
588 2224 772 2270 placebat
789 2227 868 2265 z'ta,
895 2229 939 2259 ut
959 2224 1060 2258 nihil
1078 2227 1115 2259 ez‘
1138 2224 1192 2258 acl
1204 2227 1496 2270 praestantiam
1513 2225 1646 2259 deesse

252 2286 430 2328 putares.
456 2300 503 2306 —-
540 2286 718 2315 aetatum
743 2281 983 2324 oratoribus]
1010 2285 1212 2314 oratorum
1239 2281 1434 2315 aetatibus
1458 2280 1524 2326 Lg.
1544 2281 1601 2314 20.

351 2337 426 2373 175.
475 2337 615 2381 isdem]
644 2338 695 2371 sic
718 2336 783 2382 Lg.
811 2342 956 2381 praeter
979 2337 1034 2371 35.
1058 2336 1111 2371 39.
1133 2335 1208 2378 68„
1233 2337 1316 2371 item
1343 2337 1434 2371 Ven.
1452 2338 1481 2372 l.
1507 2335 1581 2371 Ott.
1599 2356 1644 2362 —-

259 2393 480 2437 Mamerco]
505 2398 700 2428 mamerto
725 2393 789 2438 Lg.
809 2393 864 2426 20.
884 2410 930 2417 »—
961 2397 998 2425 et
1020 2393 1166 2436 rerum]
1193 2404 1259 2426 om.
1280 2393 1346 2439 Lg.
1369 2404 1509 2434 omnes;
1535 2393 1569 2426 in
1587 2392 1645 2426 58.

259 2450 397 2483 addidit
420 2462 492 2484 sec.
516 2462 582 2491 m.;
608 2461 817 2494 rerumque
841 2448 974 2482 habent
997 2448 1051 2482 ⁶20.
1073 2449 1126 2483 53.
1151 2449 1205 2484 68.
1230 2450 1283 2483 70.
1309 2449 1366 2484 ed.
1394 2460 1446 2494 pr.
1471 2467 1517 2475 —-
1550 2450 1645 2483 item

260 2509 300 2539 ia
322 2507 423 2549 inre]
451 2505 515 2550 Lg.
537 2517 661 2540 omnes
685 2518 729 2540 ex
749 2506 947 2550 archetypo
966 2505 1057 2538 male
1083 2506 1266 2539 intellecto
1292 2508 1350 2539 ita
1371 2507 1560 2546 minaire,
1586 2507 1645 2539 ita

258 2564 453 2602 minuere,
480 2565 538 2596 ila
562 2565 672 2597 mina
696 2575 780 2603 ere,
807 2565 867 2596 ita
889 2563 1082 2601 minim-m
1107 2564 1227 2595 sitam
1252 2574 1319 2607 pro
1345 2564 1438 2596 item
1463 2561 1530 2596 Gu.
1552 2562 1584 2595 l.
1599 2580 1645 2585 —-

260 2618 476 2662 Bellienus]
508 2620 700 2654 Billienus
725 2619 791 2664 Lg.
818 2629 942 2653 omnes
970 2623 1113 2662 praeter
1136 2618 1191 2651 20.
1219 2618 1294 2660 70.,
1330 2619 1414 2652 item
1438 2617 1530 2651 Ven.
1558 2617 1589 2650 l.
1611 2615 1643 2649 2.

261 2673 336 2711 Ott.
362 2675 443 2712 Vat.
471 2675 538 2711 Gu.
556 2678 584 2711 l.
622 2676 820 2718 Βὶῐίεηιις,
839 2673 1004 2710 Lambini
1018 2674 1217 2721 scriptura,
1234 2673 1300 2720 Lg.
1315 2674 1370 2712 20.
1386 2674 1439 2710 70.
1470 2672 1642 2709 Nostram
