1835 3126
279 233 406 286 4:32
702 232 1237 277 EXPLICATIONES

280 363 428 404 genera
463 346 616 396 dividit3
656 359 792 396 unum,
835 345 939 398 quod
978 357 1222 385 numerorum
1252 345 1500 387 concinnitati
1538 344 1666 396 inepte

280 418 447 458 deditum
472 415 589 468 plane
612 415 741 454 otiosa
762 414 970 455 verborum
993 412 1271 465 complementa
1291 419 1474 462 sectetur,
1505 412 1667 452 alterum

279 484 475 534 Hegesiae
506 482 630 521 simile
660 482 828 521 numeris
858 480 994 519 fractis
1026 484 1062 519 et
1090 480 1266 527 minutis,
1298 480 1452 519 tertium
1480 492 1557 519 non
1590 484 1668 518 tam

279 551 453 593 veritatis
485 561 598 601 quam
627 549 765 600 copiae
795 553 831 588 et
856 547 1045 586 ubertatis
1072 546 1111 585 in
1143 545 1304 585 dicendo
1334 545 1556 586 studiosum.

392 618 568 654 Milesius
604 614 819 664 Aeschines]
864 613 1026 662 „solum
1067 617 1220 654 vertere
1264 618 1419 652 coactus
1465 617 1541 659 est,
1585 624 1669 651 cum

281 684 506 736 Pompeium
542 680 748 720 immodica
783 680 965 720 libertate
996 680 1306 732 perstrinxisset:
1340 692 1376 719 v.
1408 678 1538 720 Strab.
1567 678 1670 719 xlv.

281 765 319 804 p.
337 751 431 791 635.
479 749 585 789 Idem
608 744 837 796 πολιτικὸς
861 744 1138 802 συγγραφεὺς
1161 746 1300 786 dicitur
1321 746 1490 796 Diogeni
1510 745 1670 785 Laertio

282 818 414 857 11.64.
461 816 566 856 Inter
588 815 712 854 bonos
738 813 1020 854 declamatores
1044 813 1177 853 retulit
1192 813 1344 854 Seneca
1361 812 1673 854 Controv.1.8.“

282 888 423 932 Meyer.

395 951 491 989 326.
550 950 672 986 oratio
712 969 766 974 ——
795 947 961 997 vibrans]
1001 952 1189 1000 sumptum
1225 946 1351 987 simile
1389 947 1438 986 ab
1474 947 1672 987 hastarum

283 1023 321 1059 et
343 1018 510 1070 pilorum
532 1015 789 1063 iaculatione,
816 1027 928 1066 quae,
951 1026 1035 1054 cum
1056 1015 1202 1054 librata
1225 1019 1262 1053 et
1286 1018 1463 1053 contorta
1486 1013 1673 1060 feruntur,

283 1085 488 1125 maximam
503 1083 579 1122 vim
596 1093 645 1120 ex
661 1081 860 1120 celeritate
872 1082 1161 1120 nanciscuntur:
1187 1081 1236 1120 cf.
1254 1081 1444 1132 Toupium
1470 1080 1509 1118 in
1523 1080 1674 1130 Longi-

283 1163 372 1189 num
403 1161 441 1200 p.
472 1149 566 1186 306.
594 1147 772 1188 Weiskii.
829 1148 997 1199 Proprie
1026 1147 1123 1186 dixit
1152 1147 1302 1187 Plinius
1331 1147 1576 1197 Panegyrico
1605 1147 1673 1185 13:

284 1230 366 1254 cum
389 1236 444 1242 »-
468 1213 614 1262 siquod
630 1211 786 1262 (telum)
802 1212 932 1249 darius
955 1215 1150 1262 accipienti
1170 1213 1368 1257 videretur,
1392 1216 1471 1261 ipse
1495 1214 1673 1250 vibrares.

284 1281 494 1323 Translate
518 1279 565 1318 de
587 1279 625 1320 vi
644 1279 919 1318 sententiarum
943 1277 1114 1317 fulminis
1138 1278 1261 1316 instar
1276 1279 1442 1317 animum
1457 1278 1676 1318 ferientium

283 1351 322 1390 in
345 1348 480 1402 primis
503 1346 643 1386 decore
667 1345 807 1385 dicitur
827 1345 986 1383 vibrare.
1027 1344 1287 1394 Quintilianus
1303 1344 1353 1384 X.
1374 1346 1415 1393 1,
1432 1345 1504 1384 60:
1527 1358 1673 1384 summa

284 1420 323 1454 in
351 1417 419 1454 hoc
447 1413 721 1465 (Archilocho)
761 1416 819 1451 vis
855 1413 1093 1458 elocutionis,
1135 1425 1216 1449 cum
1250 1412 1399 1450 validae
1435 1417 1514 1449 tum
1552 1412 1676 1451 breves

283 1483 542 1531 vibrantesque
568 1483 784 1518 sententiae.
841 1479 927 1519 XII.
959 1480 1001 1527 9,
1034 1481 1081 1518 3:
1123 1485 1163 1517 at
1193 1482 1227 1517 si
1254 1482 1350 1517 iuris
1383 1480 1580 1526 anfractus
1609 1486 1675 1518 aut

285 1549 466 1587 eruendae
486 1550 658 1585 veritatis
683 1547 848 1584 latebras
872 1547 978 1584 adire
1001 1552 1150 1596 coyetur
1172 1545 1358 1596 (oratio),
1386 1559 1461 1584 non
1485 1546 1675 1596 obequita-

286 1617 336 1653 bit
359 1629 424 1653 nec
446 1615 523 1652 illis
545 1613 777 1651 vibrantibus
801 1616 1036 1664 incitatisque
1058 1617 1249 1652 sententiis
1272 1619 1452 1663 tanquam
1473 1613 1676 1651 missilibus

285 1688 419 1720 utetur.
477 1681 576 1720 Hinc
610 1681 773 1718 iaculari
801 1680 990 1718 vibrantes
1018 1683 1221 1718 sententias
1253 1679 1362 1719 duxit
1391 1679 1587 1719 commode
1613 1680 1675 1720 lo-

287 1754 396 1788 cutus
434 1747 535 1786 idem
571 1747 739 1799 scriptor
768 1746 835 1787 XI.
869 1749 914 1796 3,
946 1749 1017 1787 20:
1058 1747 1218 1785 adiicias
1253 1748 1336 1785 licet
1371 1760 1453 1792 eos,
1497 1750 1560 1797 qui
1590 1760 1678 1785 sen-

285 1818 421 1852 tentias
459 1814 649 1851 vibrantes
685 1814 811 1862 digitis
847 1815 1075 1853 iaculantur.
1133 1814 1183 1854 Et
1212 1814 1259 1854 de
1287 1813 1580 1854 maledictorum
1616 1814 1677 1854 in-

286 1880 498 1920 sectatione
527 1879 596 1918 IX.
624 1881 670 1926 2,
702 1881 775 1918 79:
814 1886 855 1916 ut
894 1883 928 1917 si
960 1886 1068 1929 pater
1099 1905 1148 1909 ——
1189 1882 1420 1920 iacularetur
1454 1884 1494 1919 in
1521 1895 1678 1920 uxorem

287 1948 444 1997 obliquis
473 1948 676 1983 sententiis.
719 1945 829 1985 Adde
852 1945 1026 1986 Saleium
1045 1947 1210 1985 Bassum
1236 1949 1317 1987 sive
1348 1949 1433 1998 quis
1464 1948 1564 1986 alius
1589 1960 1677 1986 car-

287 2025 372 2053 men
401 2014 440 2051 in
463 2013 644 2051 Pisonem
674 2013 829 2064 scripsit
856 2025 892 2052 v.
917 2012 992 2051 57:
1021 2012 1205 2063 densaque
1233 2014 1380 2051 vibrata
1410 2014 1572 2051 ‘iaculari
1596 2014 1677 2060 ful-

286 2084 390 2118 mina
419 2080 560 2127 lingua.
618 2077 732 2130 Apud
760 2078 987 2118 Ciceronem
1012 2083 1139 2117 autem
1168 2079 1311 2116 vibrari
1339 2084 1395 2126 et,
1428 2079 1531 2130 quod
1562 2079 1677 2119 affine

287 2152 363 2195 est,
395 2148 628 2195 contorqueri
656 2145 821 2185 maxime
851 2146 996 2184 usitata
1019 2149 1106 2184 sunt
1128 2144 1175 2184 de
1199 2157 1446 2185 numerorum
1469 2150 1561 2197 apta
1585 2158 1677 2185 con-

287 2213 480 2260 clusione,
512 2223 612 2263 quae
643 2224 727 2251 cum
755 2212 915 2251 fulmine
945 2212 984 2252 vi
1006 2212 1167 2251 caelesti
1190 2217 1366 2252 contorto
1393 2217 1677 2264 comparantur.

288 2281 355 2321 Or.
380 2282 452 2328 70,
483 2279 583 2318 234:
614 2282 718 2317 cuius
748 2278 1053 2330 (Demosthenis)
1081 2293 1157 2317 non
1188 2285 1268 2317 tam
1296 2279 1486 2318 vibrarent
1515 2279 1678 2326 fulmina

286 2351 377 2395 illa,
409 2351 484 2386 nisi
510 2349 675 2385 numeris
706 2353 876 2385 contorta
903 2347 1111 2394 ferrentur:
1142 2347 1167 2385 i.
1193 2358 1226 2387 e.
1256 2357 1333 2386 non
1364 2357 1411 2386 ea
1435 2346 1474 2386 vi
1498 2345 1677 2386 ferirent:

289 2428 367 2468 quo
393 2415 482 2454 loco
509 2414 629 2453 utitur
653 2413 915 2463 Quintilianus
936 2413 1004 2454 IX.
1021 2415 1066 2461 4,
1086 2413 1152 2453 55.
1198 2414 1386 2454 Similiter
1407 2413 1557 2454 Plinius
1582 2412 1679 2451 dixit

289 2488 528 2533 contorquere
563 2480 663 2533 Epp.
693 2481 740 2523 V.
778 2483 852 2530 20,
885 2482 932 2521 4:
980 2479 1156 2531 (Graeci)
1194 2481 1357 2530 frigidas
1392 2480 1563 2530 periodos
1603 2492 1678 2517 vino

289 2552 425 2601 spirita
463 2553 715 2598 contorquent.
773 2549 824 2589 Et
855 2548 1115 2598 Quintilianus
1147 2548 1197 2588 X.
1229 2550 1276 2596 7,
1310 2548 1384 2587 14:
1423 2560 1503 2584 cum
1542 2546 1679 2593 infelix=

289 2618 359 2654 illa
387 2615 580 2654 verborum
611 2616 803 2654 cavillatio
834 2619 989 2653 accessit
1016 2637 1093 2660 -—‚
1128 2628 1203 2653 non
1231 2621 1352 2666 potest
1382 2614 1475 2662 ferri
1509 2617 1678 2650 contorta

289 2686 358 2720 vis.
400 2683 468 2724 Vis
498 2681 597 2721 enim
625 2683 899 2722 sententiarum
929 2686 1095 2733 augetur
1124 2683 1291 2722 numeris
1320 2679 1607 2727 accedentibus,
1637 2682 1678 2718 ut

292 2749 429 2790 Cicero
460 2750 499 2789 in
519 2750 686 2791 Oratore
716 2755 753 2790 et
778 2762 827 2792 ex
848 2761 894 2791 eo
917 2748 1178 2801 Quintilianus
1199 2750 1227 2790 Ι.
1254 2761 1286 2790 c.
1311 2747 1676 2802 pronuntiaverunt:
