1835 3126
290 208 413 255 188
812 205 1152 252 CICERONIS

291 317 438 372 Figulo
477 314 622 358 consul
658 314 754 367 fuit3
795 317 844 367 Q.
875 317 1131 362 Nobiliorem
1161 319 1219 363 M.
1251 319 1294 362 F.
1334 320 1417 362 iam
1451 319 1583 377 patrio
1614 319 1681 362 in-

291 397 429 437 stituto
473 393 653 436 deditum
693 394 827 436 studio
868 395 1100 447 literarum,
1145 400 1213 452 qui
1251 400 1374 441 etiam
1413 397 1461 449 Q.
1491 397 1679 448 Ennium,

293 474 361 528 qui
402 485 493 515 cum
528 479 643 529 patre
683 473 772 514 eius
812 473 853 514 in
886 473 1057 516 Aetolia
1096 474 1361 527 militaverat,
1399 478 1563 520 civitate
1607 476 1682 518 do-

290 552 425 600 navit,
464 564 555 592 cum
589 552 775 593 triumvir
811 551 1018 593 coloniam
1049 551 1307 603 deduxisset3
1353 560 1392 594 et
1421 553 1472 596 T.
1501 555 1681 596 Annium

290 627 491 679 Luscum,
521 628 641 671 huius
674 628 722 680 Q.
749 627 867 672 Fulvi
897 629 1123 685 collegam,
1160 644 1243 673 non
1272 630 1513 672 indisertum
1542 632 1680 673 dicunt

291 706 436 749 fuisse.
493 707 559 749 80.
602 708 737 763 Atque
777 709 900 750 etiam
935 706 983 749 L.
1013 707 1167 750 Paulus
1200 708 1391 750 Africani
1434 715 1551 765 pater
1587 722 1680 764 per-

292 798 440 827 sonam
476 786 674 842 principis
717 787 820 829 civis
860 785 985 829 facile
1030 786 1204 828 dicendo
1248 786 1461 837 tuebatur3
1509 793 1548 828 et
1583 799 1682 828 vero

293 865 419 906 etiam
455 870 536 905 tum
568 863 724 907 Catone
755 866 872 915 vivo,
917 866 985 921 qui
1017 877 1148 907 annos
1187 866 1365 921 quinque
1406 871 1444 907 et
1475 865 1685 918 octoginta

292 948 413 984 natus
451 944 630 985 excessit
668 956 690 985 e
726 945 831 994 vita,
868 957 958 986 cum
996 943 1159 999 quidem
1193 956 1242 986 eo
1277 945 1368 999 ipso
1401 957 1508 985 auno
1539 949 1684 984 contra

295 1019 387 1062 Ser.
430 1019 607 1062 Galbam
653 1021 705 1063 ad
746 1021 939 1077 populum
985 1034 1146 1063 summa
1190 1023 1450 1064 contentione
1499 1021 1684 1072 dixisset,

292 1111 414 1153 quam
445 1100 568 1140 etiam
599 1100 827 1140 orationem
858 1101 1052 1154 scriptam
1080 1099 1257 1155 reliquit.

410 1173 530 1216 XXI.
571 1175 638 1216 81.
683 1174 769 1217 Sed
804 1177 898 1218 vivo
929 1176 1085 1218 Catone
1122 1179 1304 1218 minores
1332 1182 1431 1218 natu
1461 1176 1576 1218 multi
1604 1189 1684 1217 uno

294 1260 476 1309 tempore
517 1260 706 1296 oratores
742 1253 976 1296 floruerunt.
1035 1266 1132 1295 nam
1165 1261 1204 1296 et
1232 1254 1284 1295 A.
1314 1254 1512 1304 Albinus,
1549 1255 1586 1296 is
1616 1255 1685 1309 qui

294 1332 456 1375 Graece
501 1332 666 1387 scripsit
709 1331 946 1381 historiam,
993 1333 1062 1388 qui
1103 1331 1249 1374 consul
1293 1346 1382 1374 cum
1420 1330 1468 1373 L.
1506 1330 1683 1374 Lucullo

292 1410 386 1459 suit,
419 1416 458 1451 et
487 1409 675 1450 literatus
704 1416 743 1451 et
772 1410 950 1451 disertus
982 1410 1078 1451 fuit:
1110 1417 1149 1451 et
1177 1412 1304 1452 tenuit
1328 1424 1417 1452 cum
1439 1409 1518 1452 hoc
1546 1410 1683 1452 locum

294 1488 498 1544 quendam
536 1488 660 1529 etiam
700 1485 793 1529 Ser.
826 1486 996 1529 Fulvius
1037 1493 1075 1528 et
1113 1500 1197 1529 una
1226 1486 1317 1529 Ser.
1349 1485 1503 1529 Fabius
1533 1486 1684 1538 Pictor,

294 1573 334 1610 et
362 1568 463 1608 iuris
495 1572 534 1607 et
562 1565 774 1607 literarum
805 1572 843 1607 et
869 1566 1122 1620 antiquitatis
1151 1565 1257 1607 bene
1283 1567 1458 1621 peritus3
1491 1564 1685 1616 Quintus-

294 1658 371 1700 que
392 1643 546 1685 Fabius
571 1642 716 1685 Labeo
741 1644 816 1685 suit
840 1651 1008 1686 ornatus
1033 1643 1189 1686 eisdem
1215 1643 1301 1686 fere
1329 1643 1534 1685 laudibus.
1578 1642 1684 1686 Nam

299 1722 348 1773 Q.
389 1721 606 1770 Metellus,
651 1723 687 1763 is
734 1724 849 1764 cuius
890 1729 1079 1778 quattuor
1114 1721 1186 1764 filii
1226 1722 1470 1764 consulares
1510 1722 1684 1773 fuerunt,

295 1835 420 1879 cepit,
438 1831 586 1876 filium,
605 1832 765 1875 positura
779 1833 975 1866 verborum
994 1837 1163 1867 contorta
1180 1839 1215 1867 et
1231 1833 1345 1868 inutili
1362 1833 1465 1867 Deae
1482 1833 1685 1867 mentione:

296 1900 403 1923 nemo
430 1888 521 1922 enini
544 1888 726 1922 Romanus
751 1900 844 1933 quae
869 1889 931 1921 illa
954 1900 1058 1922 sacra
1080 1888 1230 1923 fuissent
1255 1890 1455 1934 ignorabat.
1505 1887 1685 1924 Orellius:

268 1986 270 1988 Ὺ
295 1945 559 1989 eloquentem,
594 1944 722 1984 illius,
753 1947 897 1978 matris
922 1944 1036 1978 deum
1063 1946 1130 1989 qm·
1154 1958 1183 1979 s.
1211 1957 1265 1985 α.,
1300 1945 1375 1989 fil„
1409 1956 1474 1978 nec
1505 1945 1685 1989 improbat

294 2000 365 2035 hoc
390 1999 563 2045 Meyerus
597 2000 633 2032 in
665 2002 834 2034 maioris
865 2001 980 2034 latere
1013 2003 1156 2034 matris
1183 2000 1300 2035 deum
1325 2001 1541 2035 existimans.
1591 2000 1684 2034 Mihi

296 2057 442 2091 dubium
458 2067 531 2089 non
549 2055 695 2089 videtur
714 2058 902 2096 maioris,
929 2057 1021 2099 quod
1039 2057 1183 2090 minime
1202 2061 1366 2090 testatum
1387 2062 1460 2097 est,
1484 2057 1549 2090 etsi
1567 2056 1685 2091 Bern-

294 2112 413 2156 hardy
438 2111 540 2153 dicit,
575 2122 654 2144 cum
688 2112 723 2144 in
756 2111 836 2145 sola
862 2111 918 2144 ed.
944 2122 997 2155 pr.
1028 2112 1189 2156 legatur,
1222 2112 1266 2145 ab
1293 2123 1337 2145 eo
1371 2112 1591 2156 profectum,
1626 2114 1683 2157 qui

296 2169 505 2213 Scipionem
528 2166 734 2200 Africanum
758 2166 940 2201 Maiorem
972 2178 1076 2201 sacra
1106 2167 1287 2211 accepisse
1316 2173 1351 2201 et
1375 2167 1517 2202 Corculi
1543 2174 1683 2213 patrem

294 2224 404 2259 fuisse
422 2229 584 2269 μυῖαι-θὶς
609 2222 666 2257 Μ.
685 2228 802 2257 autem
820 2223 982 2256 codicum
1002 2223 1222 2266 quorundam
1243 2228 1355 2256 ortum
1383 2234 1426 2256 ex
1444 2224 1565 2258 ultima
1581 2225 1686 2259 litera.

293 2280 548 2326 praecedentis
579 2279 769 2321 vocabuli,
803 2279 930 2313 (diunt
963 2291 1008 2313 ex
1041 2281 1164 2314 aiunt.
1215 2278 1354 2313 Nostra
1382 2280 1559 2324 scriptura
1587 2282 1685 2315 clare

294 2336 426 2381 legitur
451 2336 484 2368 in
508 2335 575 2380 Lg.
595 2336 650 2370 35.
671 2335 725 2370 53.
749 2336 803 2370 68.
826 2336 901 2376 70.;
927 2341 1122 2379 occuparat
1147 2347 1225 2370 eain
1249 2335 1456 2378 Manutius,
1483 2338 1536 2370 cui
1559 2337 1683 2371 mirum

296 2397 351 2426 est
384 2392 560 2425 neminem
592 2393 765 2437 paruisse.
790 2411 837 2418 ·—
872 2393 1008 2438 patrio
1040 2392 1147 2435 inst]
1178 2394 1313 2437 patris
1348 2394 1437 2429 inst.
1471 2393 1526 2427 ed.
1558 2405 1611 2438 pr.
1636 2412 1682 2420 »-

298 2447 424 2490 Fulvi]
452 2448 502 2481 sic
526 2447 592 2492 Lg.
617 2448 650 2482 8.
675 2448 729 2483 35.
756 2448 811 2483 39.
837 2447 890 2482 51.
917 2447 972 2481 53.
999 2447 1053 2481 56.
1080 2448 1134 2482 70.
1170 2447 1262 2483 Veu.
1291 2450 1319 2482 1.

388 2503 444 2538 80.
495 2509 531 2538 et
556 2505 662 2547 vero]
694 2505 776 2539 libri
801 2510 837 2539 et
869 2503 924 2539 ed.
951 2514 1005 2548 pr.
1033 2508 1075 2538 at
1098 2514 1210 2538 vero:
1240 2505 1384 2550 scripsit
1406 2504 1615 2540 Lambinus.
1637 2523 1683 2534 ·--

297 2560 409 2602 civi-s]
437 2571 504 2593 om.
531 2559 594 2605 Lg.
614 2560 670 2595 20.

388 2615 485 2649 XXI.
533 2616 590 2650 81.
637 2627 716 2650 una
748 2615 834 2652 Ser.
865 2615 1025 2659 Fabius]
1066 2618 1290 2658 maserias,
1331 2616 1566 2658 [suasor-ius,
1605 2627 1684 2651 una

298 2673 421 2706 serius
454 2671 520 2717 Lg.
556 2678 700 2716 praeter
725 2673 779 2708 53.
806 2673 861 2709 68.
913 2672 956 2714 Q.
983 2683 1051 2717 pro
1079 2671 1164 2707 Ser.
1193 2673 1247 2708 ed.
1273 2685 1325 2719 pr.
1349 2692 1396 2701 ·-—
1440 2673 1684 2716 Quintusque

300 2728 461 2774 Fabius]
495 2729 540 2773 Q.
566 2741 716 2775 quoque
745 2729 893 2766 Fabius
919 2728 974 2766 ed.
1000 2739 1054 2774 pr.
1080 2748 1123 2755 ·—
1168 2731 1368 2775 quattuor]
1401 2731 1454 2765 sic
1476 2727 1541 2773 Lg.
1567 2727 1601 2764 8.
1625 2727 1681 2764 51.
