1835 3126
213 162 336 226 120
452 172 647 218 ssnssws
678 169 1071 224 ELOQUENTIAE
1102 168 1236 213 RoM.
1268 166 1414 211 Hls'r.

217 293 373 344 alpinae
401 288 622 341 praefectus
652 291 775 334 esset,
802 286 1027 326 Placentiae
1058 284 1222 324 decessit
1245 280 1325 334 (34).
1381 278 1601 333 Eloquendi

217 361 511 411 praeceptorem
556 353 730 393 Calidius
782 351 1064 404 Apollodorum
1108 352 1391 402 Pergamenum
1444 346 1603 387 eundem

218 423 387 474 Augusti
429 420 612 462 Caesaris
654 419 881 469 magistrum
918 418 1052 457 habuit
1082 414 1152 468 (⁸⁵)
1198 423 1253 466 et,
1299 428 1382 455 cum
1424 412 1605 455 Ciceroni

220 490 489 530 familiaritate
527 489 678 526 iunctus
714 490 832 533 esset,
869 485 1010 536 partim
1049 485 1163 522 etiam
1202 484 1284 523 eius
1320 483 1421 523 viam
1456 479 1607 519 exerci-

221 557 364 597 taudae
398 553 649 594 declamando
682 551 928 604 eloquentiae
966 556 1117 589 secutus
1148 555 1217 590 est.
1273 550 1382 588 Dixit
1414 548 1512 587 enim
1548 546 1607 585 in-

222 624 329 675 genii
359 621 564 661 exercendi
596 632 715 660 causa
746 619 793 658 de
824 618 935 657 domo
961 617 1159 657 Ciceronis
1184 614 1263 667 (8⁶).
1324 614 1402 655 Sed
1430 624 1610 654 verarum

224 692 307 730 eius
346 694 411 728 aut
442 689 635 727 actionum
676 691 741 725 aut
771 685 1036 725 defensionum
1074 694 1199 735 paene
1232 682 1396 721 omnium
1426 679 1612 718 memoria

222 757 352 810 periit.
394 755 504 796 Unde
534 755 736 806 desumpta
759 753 833 791 sint
862 763 989 804 pauca
1010 751 1082 790 illa
1105 750 1244 798 rerba,
1274 759 1374 800 quae
1388 747 1525 786 Festus
1545 743 1612 794 (⁸⁷)

225 825 308 863 eius
341 824 493 862 nomine
522 823 660 869 habet,
697 821 882 859 incertum
914 824 982 858 est.
1041 817 1326 868 Relinquantur
1363 824 1505 853 causae
1534 817 1614 851 tres

225 902 320 930 sane
350 901 512 940 graves,
553 900 714 941 quarum
746 886 845 926 duae
874 890 1001 924 tamen
1028 884 1296 935 ignotissimae
1327 886 1425 920 sunt.
1482 880 1615 919 Prima

228 963 286 997 est
322 958 423 996 actio
461 958 500 995 in
535 956 578 1001 Q.
614 955 800 998 Galltum,
840 952 886 991 de
918 964 995 1004 qua
1033 950 1136 990 haud
1172 949 1377 989 mediocris
1416 947 1615 986 doctorum

229 1025 420 1064 dissensio
451 1024 524 1062 fuit
555 1028 591 1061 et
628 1019 871 1060 incertitudo.
931 1019 976 1068 Q.
1009 1018 1184 1058 Calidius
1214 1015 1345 1055 Marci
1372 1019 1485 1064 pater
1515 1025 1539 1050 a
1569 1011 1615 1060 Q.

231 1092 360 1132 Gallio
401 1094 604 1129 accusatus
647 1093 684 1126 et
720 1086 920 1125 damnatus
959 1090 1015 1123 est
1041 1081 1123 1135 (8⁴⁴³).
1183 1083 1280 1121 Hinc
1315 1080 1416 1118 filius
1450 1079 1618 1119 Gallium

228 1157 463 1210 postulavit,
504 1154 675 1195 defendit
705 1158 831 1192 autem
861 1151 998 1191 Cicero
1029 1156 1106 1189 tum
1137 1148 1360 1188 consulatus
1392 1145 1619 1185 candidatus

232 1229 268 1263 et
300 1225 483 1276 pervicit,
518 1227 561 1261 ut
591 1221 872 1260 absolveretur.
932 1217 1010 1259 Sed
1040 1228 1116 1268 quo
1157 1216 1314 1255 erimine
1347 1213 1497 1253 Gallius
1530 1224 1620 1252 reus

233 1296 341 1330 actus
370 1292 418 1329 sit
454 1302 531 1329 non
562 1288 726 1328 efficitur
756 1298 804 1325 ex
832 1285 920 1324 loco
949 1284 1184 1323 defensionis
1217 1281 1517 1327 Ciceronianae,
1555 1280 1622 1331 qui

233 1358 331 1397 adeo
372 1357 520 1409 placuit
558 1356 653 1394 artis
691 1353 969 1405 scriptoribus,
1012 1356 1053 1390 ut
1091 1350 1341 1389 multifariam
1381 1359 1426 1386 eo
1466 1352 1622 1386 utantur

234 1423 534 1463 demonstraturi
566 1419 758 1472 quomodo
796 1419 999 1469 sigillatim
1037 1419 1166 1469 capita
1199 1417 1458 1455 accusationis
1497 1428 1521 1454 a
1549 1428 1622 1467 pa-

233 1496 347 1529 trono
373 1489 570 1528 diluantur
587 1484 669 1536 (³9).
715 1485 794 1526 Sed
816 1484 1051 1525 Severianus
1072 1483 1218 1521 indicat
1240 1483 1304 1522 vel
1324 1481 1626 1534 repetundarum

234 1557 298 1597 vel
328 1557 492 1595 ambitus
525 1565 681 1593 causam
710 1552 850 1598 fuisse,
891 1551 956 1602 qui
985 1550 1169 1602 pecunias
1199 1561 1268 1588 reo
1304 1550 1476 1588 obiectas
1504 1549 1626 1588 fuisse

237 1623 357 1664 dicat:
396 1634 515 1675 quae,
548 1621 581 1660 si
612 1631 731 1659 causa
762 1618 926 1658 ambitus
957 1617 1049 1665 fuit,
1084 1616 1312 1656 distributae
1338 1616 1513 1663 suerunt,
1548 1627 1627 1654 non

239 1695 389 1742 captae.
459 1690 585 1739 Atque
627 1687 666 1725 id
708 1697 802 1725 sane
846 1689 1010 1724 testatur
1055 1684 1169 1722 etiam
1212 1684 1401 1722 Asconius
1429 1679 1509 1732 (9⁰).
1568 1682 1627 1721 De

238 1768 386 1798 veneno
414 1754 750 1807 eloquentissimus
775 1753 847 1791 suit
867 1752 1027 1798 Cicero,
1060 1751 1126 1802 qui
1154 1751 1239 1802 ipse
1267 1751 1306 1789 in
1324 1751 1445 1789 Bruto
1470 1750 1628 1801 exponit

241 1823 432 1876 quomodo
463 1822 503 1861 id
526 1821 669 1860 crimen
697 1820 877 1866 eluserit;
911 1819 1029 1856 alium
1052 1818 1179 1856 locum
1210 1818 1398 1857 orationis
1423 1817 1631 1867 Quintilia-

241 1903 312 1930 nus
343 1889 520 1936 retinuit,
551 1887 658 1926 cuius
688 1886 879 1937 interpres
910 1884 1165 1936 Spaldingius
1196 1889 1344 1923 ceteras
1377 1885 1458 1923 eius
1489 1895 1632 1923 causae

241 1958 414 1997 rationes
456 1959 568 1994 acute
607 1952 792 2005 explicuit
819 1950 896 2002 (²⁸¹).
962 1950 1174 1990 Admistum
1214 1951 1312 1988 euim
1352 1950 1520 1990 invidiae
1560 1963 1629 1989 au-

337 2087 398 2129 84)
427 2086 532 2120 Caes.
550 2084 596 2119 B.
618 2086 695 2119 (liv.
718 2084 743 2119 1.
762 2084 794 2117 2.
824 2082 956 2116 Euseb.
980 2081 1022 2115 ad
1046 2092 1077 2114 a.
1101 2081 1199 2115 1960.
1314 2081 1375 2123 85)
1400 2081 1531 2116 Euseb.
1555 2081 1577 2115 l.
1599 2093 1628 2116 c.

243 2143 304 2186 86)
342 2142 491 2179 Quintil.
516 2141 561 2175 X.
591 2141 629 2181 l,
654 2140 709 2175 ²23.
751 2139 795 2172 cf.
823 2137 1030 2172 Markland.
1056 2136 1225 2181 Proiegg.
1254 2137 1299 2170 ad
1325 2138 1397 2172 Cic.
1422 2137 1539 2173 Orati.
1571 2138 1632 2172 lv.

244 2211 280 2245 p.
296 2197 461 2232 LXVIII.
486 2196 542 2230 ed.
566 2195 682 2231 Wolf.
800 2194 859 2236 87)
885 2205 920 2227 ν.
942 2191 1073 2237 Safar.
1118 2192 1254 2227 Dubito
1278 2193 1370 2226 enim
1390 2205 1434 2226 an
1459 2193 1633 2228 Gallium

244 2255 293 2289 ibi
318 2253 545 2289 scribendum
569 2254 635 2294 sit,
663 2262 741 2285 cum
769 2256 887 2284 exstet
909 2248 1132 2283 Caecilium.
1251 2248 1310 2292 88)
1336 2249 1408 2284 Cic.
1432 2249 1557 2284 Plane.
1577 2250 1634 2285 29.

247 2311 351 2345 Verr.
369 2311 494 2343 Aecus.
511 2308 538 2344 l.
558 2308 597 2342 13
609 2335 618 2351 ,
633 2307 687 2343 38.
714 2313 749 2342 et
769 2307 816 2341 ibi
834 2311 1063 2351 personatum
1078 2306 1280 2341 Asconinm.
1397 2305 1456 2348 89)
1484 2305 1634 2342 Quintil.

247 2366 345 2401 vill.
364 2366 401 2407 3,
419 2366 473 2400 66.
522 2365 653 2409 Aquila
675 2376 709 2410 p.
732 2364 807 2397 144.
829 2362 972 2397 Ruhnk.
1009 2362 1231 2395 Severianus
1252 2373 1286 2406 p.
1304 2361 1380 2397 338.
1403 2362 1636 2407 Capperonn.

248 2424 307 2466 90)
337 2423 467 2456 Ascon.
494 2422 539 2455 ad
564 2433 617 2455 or.
642 2421 676 2454 in
703 2425 787 2465 toga
812 2418 964 2453 candida
989 2429 1023 2462 p.
1048 2417 1093 2451 88
1117 2415 1231 2451 Orell.
1348 2418 1407 2461 91)
1435 2419 1505 2453 Cic.
1530 2418 1635 2453 Brut.

249 2480 311 2522 80,
345 2479 420 2512 278.
447 2478 632 2523 Spalding.
673 2477 720 2510 ad
752 2475 899 2513 Quintil.
925 2473 1019 2507 Vlll.
1047 2474 1086 2515 3,
1111 2473 1166 2509 66.
1217 2473 1262 2511 Q.
1292 2475 1467 2509 Calidium
1500 2482 1637 2519 patrem

252 2540 455 2569 accusatum
477 2546 556 2568 esse
581 2546 602 2566 a
621 2532 741 2567 Lollio
770 2532 892 2566 nescio
916 2541 984 2575 quo
1010 2535 1138 2564 conti-a
1153 2529 1370 2565 Menardum
1388 2531 1545 2576 probare
1564 2531 1640 2565 vult

250 2592 425 2627 Ernestns
451 2590 496 2624 ad
520 2600 575 2626 or.
602 2591 637 2624 in
658 2595 729 2634 tog.
749 2589 849 2624 cand.
877 2600 911 2633 p.
932 2586 1028 2622 1053.
1056 2587 1289 2630 omnibusque
1314 2588 1408 2632 apud
1429 2588 1640 2622 Ciceronem

254 2649 344 2682 locis
369 2648 476 2681 Gallii
502 2658 632 2681 nomen
659 2647 783 2688 eximi,
820 2644 916 2690 quod
941 2648 1059 2677 tamen
1083 2643 1261 2677 mordicus
1286 2645 1442 2677 retinent
1465 2644 1640 2677 Asconius

256 2705 278 2744 1,
300 2716 328 2740 e.
355 2710 391 2740 et
418 2704 476 2749 qui
498 2705 572 2740 eius
594 2703 738 2739 nomine
764 2700 1011 2739 circumfertur
1029 2698 1258 2734 verrinarum
1283 2700 1471 2745 interpres.
1518 2697 1641 2742 ltaque
