1835 3126
364 174 561 218 BREVIS
592 173 988 228 ELOQUENTIAE
1019 176 1154 221 ROM.
1185 176 1329 221 HIST.
1469 182 1545 226 22

155 294 301 330 stanter
338 288 566 331 adversatus
598 301 778 341 magnam
818 290 892 330 sibi
925 291 1170 333 conflavisset
1202 291 1450 345 popularium
1482 293 1543 332 in·

152 356 296 397 vidiam
333 362 510 408 essetque
548 357 654 396 fama
689 357 917 398 dictatorem
946 359 1234 411 componendae
1271 360 1330 399 rei
1363 360 1544 413 publicae

153 423 294 463 dictum
317 424 388 472 iri,
412 435 523 463 mane
545 424 584 464 in
601 424 744 464 lectulo
762 430 933 465 mortuus
952 432 1009 465 est
1031 427 1226 474 inventus,
1248 432 1289 466 ut
1306 433 1543 479 apparerent

153 490 343 542 quaedam
367 491 536 530 saucium
560 492 744 531 elisarum
769 498 884 532 notae
901 489 986 544 (⁶⁰).
1031 493 1111 533 Nec
1128 494 1262 533 habita
1287 493 1334 533 de
1353 495 1450 533 tanti
1466 495 1542 534 viri

151 563 274 598 morte
313 559 491 610 quaestio
531 564 588 598 est
609 556 702 609 (⁶¹),
749 561 892 613 quippe
932 565 1121 600 metuente
1159 566 1294 600 senatu
1336 561 1541 613 popularis

150 624 332 664 factionis
362 626 574 677 potentiam
605 632 641 666 et
673 627 816 675 minas3
848 627 916 666 sed
946 629 1086 667 mansit
1114 628 1220 667 sama
1251 628 1356 667 necis
1388 628 1542 680 culpam

151 691 202 731 ad
232 692 502 745 Semproniam
531 705 692 733 uxorem
721 694 784 734 vel
822 694 872 733 ad
903 694 948 744 Q.
980 694 1157 735 Fulvium
1186 694 1370 734 Flaccum
1398 695 1462 736 vel
1490 695 1541 734 ad

152 758 197 799 G.
228 759 428 811 Papirium
459 759 676 799 Carbonem
705 761 877 799 homines
909 760 1115 799 seditiosos
1145 761 1335 799 referens.

263 826 383 865 Nemo
423 838 592 876 unquam
628 826 844 864 illustriore
887 825 1016 864 laudis
1057 826 1268 877 praeconio
1306 826 1432 865 elatus
1470 832 1540 875 est,

150 903 264 942 quam
287 892 421 943 Scipio
449 890 494 939 Q.
511 891 666 931 Metelli
687 891 936 931 Macedonici
967 903 1055 931 ore:
1087 892 1153 944 qui
1183 904 1267 932 cum
1286 893 1374 933 vivo
1406 894 1540 933 simul-

145 962 263 997 tatem
301 958 475 997 exercuit
514 958 724 1007 acerrime,
761 958 829 998 sed
866 958 968 998 filios
1004 964 1132 999 tamen
1172 960 1222 999 ad
1247 959 1434 1001 videndas
1472 972 1540 1000 ex-

146 1024 303 1076 sequias
339 1024 566 1064 adhortatus
596 1031 676 1074 est,
715 1025 819 1077 quod
849 1025 966 1065 talem
997 1026 1118 1067 civem
1148 1039 1343 1079 nunquam
1376 1029 1540 1079 posthac

144 1091 267 1131 visuri
291 1097 419 1131 essent
441 1089 524 1142 (⁶²).
583 1091 643 1132 De
671 1092 829 1143 ingenio
862 1097 898 1131 et
926 1092 1052 1132 literis
1083 1094 1280 1146 Scipionis
1309 1106 1386 1134 non
1416 1095 1538 1134 minus

145 1163 325 1197 constans
355 1159 461 1199 fama
490 1159 581 1207 suit,
621 1172 735 1212 quam
766 1159 813 1199 de
846 1160 963 1199 rebus
1001 1161 1083 1200 eius
1114 1161 1249 1211 gestis.
1310 1162 1539 1202 Consentie-

144 1225 237 1264 bant
267 1226 367 1265 enim
395 1239 494 1278 pace
523 1227 708 1279 belloque
737 1227 943 1266 maximum
980 1228 1040 1267 rei
1068 1227 1252 1280 publicae
1281 1228 1539 1280 prudentissi-

144 1304 244 1331 mum
268 1293 488 1345 praesidem
516 1294 720 1333 literarum
743 1294 974 1346 optimarum
1004 1300 1217 1334 amatorem
1240 1300 1437 1334 oratorem
1465 1296 1536 1334 mi-

142 1359 243 1399 nime
287 1360 543 1412 spernendum
586 1361 720 1401 fuisse.
777 1361 992 1403 Audiverat
1036 1362 1136 1401 enim
1179 1361 1408 1402 adolescens
1453 1374 1537 1402 cnm

143 1426 281 1466 Laelio
318 1428 574 1480 philosophos
603 1429 893 1468 Atheniensium
922 1429 1099 1479 legat0s;
1136 1429 1342 1479 Polybium
1376 1429 1536 1468 histori-

145 1505 229 1532 cum
251 1493 364 1533 domo
391 1498 591 1547 exceptum
616 1496 779 1534 amicum
800 1495 953 1543 habuit,
976 1495 1204 1534 Panaetium
1224 1495 1397 1535 Stoicum
1421 1496 1536 1535 etiam

143 1560 193 1599 ad
223 1560 368 1600 bellum
399 1561 610 1612 gerendum
642 1562 741 1601 urbe
779 1561 977 1613 profectus
1015 1573 1145 1601 secum
1175 1562 1283 1601 duxit
1307 1559 1403 1613 (⁶3);
1444 1563 1536 1615 quin

143 1627 424 1678 elegantissimi
447 1629 596 1679 ingenii
625 1633 662 1667 et
691 1640 859 1667 summae
883 1629 1114 1668 urbanitatis
1145 1629 1306 1668 fabulae
1329 1629 1536 1668 Terentia-

142 1706 215 1733 nae
246 1694 295 1733 ad
316 1695 425 1734 illum
455 1701 491 1734 et
514 1695 692 1735 Laelium
721 1701 901 1734 auctores
931 1695 994 1735 vel
1025 1700 1129 1734 certe
1155 1695 1353 1734 adiutores
1383 1696 1536 1735 relatae

141 1767 229 1801 sunt
254 1759 340 1813 (⁶⁴).
397 1755 555 1802 Acriori
589 1761 800 1801 Africanus
838 1773 953 1813 quam
991 1762 1152 1802 Laelius
1192 1762 1338 1802 amicus
1374 1762 1532 1814 ingenio

229 1914 289 1959 60)
313 1914 408 1949 Vell.
434 1913 475 1948 ll.
501 1914 533 1947 4.
649 1913 709 1958 61)
735 1913 829 1948 Veli.
855 1914 878 1948 l.
901 1925 930 1948 c.
969 1914 1014 1951 cs.
1040 1915 1113 1951 Cic.
1140 1915 1221 1950 Mil.
1241 1917 1274 1958 7,
1299 1916 1355 1951 21.
1395 1917 1440 1951 de
1466 1915 1533 1952 Or.

138 1971 178 2006 ΙΙ.
203 1972 259 2014 40,
283 1971 358 2006 170.
398 1971 543 2005 Divers.
566 1969 627 2006 IX.
653 1971 708 2006 21.
746 1970 792 2008 Q.
815 1971 874 2006 Fr.
902 1970 946 2006 ll.
971 1971 1004 2006 3.
1041 1972 1164 2007 Schol.
1184 1972 1265 2007 Vat.
1287 1973 1333 2007 ad
1354 1973 1435 2007 Mil.
1460 1974 1483 2007 l.
1505 1985 1533 2007 c.

137 2029 196 2072 62)
223 2028 315 2063 Vell.
337 2028 358 2062 l.
377 2040 406 2062 c.
439 2027 482 2062 cf.
497 2027 571 2062 Cic.
588 2025 697 2062 Offic.
717 2027 743 2062 l.
757 2028 814 2071 25,
827 2027 882 2062 87.
999 2028 1059 2071 63)
1087 2030 1160 2064 Cic.
1181 2030 1226 2064 de
1242 2028 1307 2064 Or.
1324 2029 1364 2064 ΙΙ.
1380 2029 1436 2072 37,
1457 2030 1532 2064 154.

137 2085 323 2120 Plutarch.
347 2084 522 2130 apophtb.
544 2096 619 2130 reg.
640 2089 675 2118 et
692 2084 774 2129 imp.
796 2097 829 2130 p.
854 2084 929 2119 153.
949 2084 1095 2120 Hutten.
1145 2085 1238 2119 Hinc
1261 2085 1419 2120 Rhodio
1445 2098 1531 2120 ma-

135 2144 262 2188 fistro
277 2153 370 2175 usus
383 2141 510 2175 dicitur
523 2140 647 2185 Scipio
666 2141 852 2185 Sulpiciae
872 2142 1035 2185 poetriae
1055 2153 1086 2175 v.
1106 2141 1161 2176 48.
1184 2142 1228 2175 cs.
1246 2142 1370 2176 Burm.
1388 2143 1434 2176 ad
1454 2142 1488 2177 h.
1510 2142 1531 2175 Ι.

138 2203 174 2231 et
189 2197 392 2242 Symmach.
412 2209 494 2241 epp.
515 2196 540 2231 Ι.
556 2197 612 2232 22.
717 2197 775 2236 64)
792 2196 939 2230 Famam
955 2208 977 2229 a
996 2196 1170 2230 BIemmio
1188 2197 1372 2231 Ciceronis
1387 2197 1532 2243 aequali

138 2259 173 2288 et
194 2253 325 2299 Valgio
351 2253 550 2299 profectam
569 2252 764 2287 Suetonius
789 2252 851 2287 vit.
873 2251 1020 2286 Terent.
1047 2264 1076 2286 c.
1096 2251 1128 2287 2.
1149 2264 1171 2286 a
1188 2253 1320 2286 Santra
1340 2253 1530 2288 refutatam

137 2315 280 2344 narrat:
317 2309 421 2344 nimis
447 2310 540 2344 enim
565 2309 832 2344 adolescentem
860 2307 970 2342 fuisse
996 2308 1225 2353 Scipionem,
1253 2309 1332 2354 qui,
1360 2321 1438 2343 cum
1464 2309 1533 2344 Te·

138 2367 274 2401 tentius
301 2366 409 2409 obiit,
435 2378 549 2400 annos
570 2366 693 2412 viginti
715 2371 798 2399 octo
819 2364 995 2400 habuerit.
1038 2365 1100 2399 Sic
1125 2371 1160 2399 et
1184 2377 1251 2399 nos
1274 2366 1529 2400 existimamus.

137 2423 232 2459 Nam
259 2423 356 2467 quod
382 2423 417 2457 in
443 2423 595 2468 prologo
612 2420 859 2466 Adelphorum
886 2428 1041 2466 (piatuor
1065 2423 1168 2456 annis
1193 2428 1276 2456 ante
1301 2427 1463 2456 actorum
1487 2434 1531 2456 ea

136 2479 233 2514 sama
256 2480 302 2514 ab
329 2480 408 2525 ipso
436 2479 607 2514 Terentio
637 2482 935 2513 commemoratur
962 2483 1094 2513 tantum
1119 2478 1222 2513 abest
1255 2483 1292 2512 ut
1325 2489 1400 2513 rem
1426 2490 1528 2524 argu-

137 2541 257 2571 mento
280 2535 419 2579 firmet,
455 2536 550 2581 quod
574 2536 861 2570 westermanno
889 2547 922 2580 p.
946 2534 999 2570 73.
1027 2535 1162 2578 visum,
1193 2541 1230 2569 ut
1255 2536 1362 2580 plane
1388 2540 1529 2569 contra-

137 2594 227 2628 rium
253 2603 378 2627 verum
402 2593 466 2628 sit:
502 2604 573 2628 non
602 2594 695 2627 enim
721 2592 884 2627 adiuvari
909 2602 991 2626 sese
1025 2604 1046 2626 a
1074 2592 1160 2627 viris
1185 2592 1406 2638 principibus
1430 2592 1528 2625 laudi

135 2649 202 2684 sibi
228 2649 327 2684 ducit
350 2649 558 2695 Terentius,
592 2650 658 2685 sed
685 2649 812 2684 samam
840 2648 916 2684 eius
940 2648 1012 2693 rei,
1039 2649 1171 2695 quippe
1199 2649 1449 2684 familiaritatis
1478 2648 1528 2682 in-

137 2706 279 2742 dic-ium.
