1835 3126
239 228 350 272 110
452 221 649 266 BREVIS
680 220 1074 274 ELOQUENTIAE
1106 223 1241 267 ROM.
1272 223 1416 267 HIST.

238 340 350 380 annis
381 337 585 384 distarent,
625 347 702 374 non
731 335 888 375 multum
919 348 1012 376 sane
1042 338 1208 378 Sisenna
1235 339 1482 379 Hortensium
1511 351 1628 392 prae-

238 406 416 445 cedebat.
487 403 580 443 Cum
621 403 746 442 literis
791 404 944 454 optimis
990 404 1161 444 eruditus
1207 411 1308 445 esset
1347 412 1383 446 et
1422 407 1628 459 eloquendi

237 471 534 522 inveniendique
574 470 816 521 diligentiam
854 469 1032 518 afferret,
1068 476 1195 510 tamen
1234 472 1424 513 industria
1453 474 1539 513 sola
1569 475 1628 513 in-

240 540 341 580 dolis
382 539 582 578 oratoriae
626 537 815 576 defectum
860 537 957 576 adeo
998 549 1249 590 compensare
1286 552 1361 579 non
1397 542 1543 592 potuit,
1587 546 1628 579 ut

236 619 364 658 neque
401 606 587 645 maiorem
628 609 905 657 assequeretur
944 610 980 643 et
1009 606 1149 643 minori
1179 605 1333 646 cederet
1357 605 1439 656 (⁴⁶).
1501 608 1627 647 Genus

238 675 321 713 eius
359 673 511 712 dicendi
542 673 782 724 antiquitatis
814 671 980 723 quadam
1010 673 1198 721 aerugine
1229 674 1393 712 obsitum
1424 679 1460 713 et
1491 674 1628 713 Cicero

236 741 386 780 notavit
428 746 464 779 et
500 740 745 791 grammatici
777 739 946 791 plurima
977 739 1025 778 ob
1065 738 1224 778 eandem
1262 750 1419 778 causam
1460 751 1507 778 ex
1548 740 1630 778 eius

236 808 348 848 libris
379 804 728 857 enotaverunt(4⁷).
779 807 916 857 Magis
948 818 1062 858 quam
1090 806 1331 845 orationibus
1362 807 1527 846 historia
1549 806 1629 846 Ro-

236 888 352 915 mana
388 875 500 914 libris
538 874 687 914 duobus
719 879 755 913 et
783 874 921 924 viginti
950 873 1170 925 perscripta
1200 873 1359 921 claruit,
1398 874 1504 913 cuius
1534 873 1630 912 belli

235 944 392 984 Sullani
424 943 710 983 enarrationem
748 946 897 993 partem
925 940 1064 988 fuisse,
1101 952 1178 979 non
1208 940 1445 990 singularem
1475 940 1628 989 librum,

235 1011 446 1064 probabile
483 1009 646 1049 videtur.
705 1009 846 1049 Verum
875 1014 1002 1047 tamen
1033 1007 1207 1059 quamvis
1239 1019 1446 1058 superasse
1475 1008 1628 1058 priores

235 1078 450 1117 credendus
473 1082 548 1124 est,
579 1081 707 1115 tamen
735 1087 783 1115 ne
807 1077 891 1127 ipse
914 1074 1066 1126 quidem
1090 1074 1128 1113 id
1152 1086 1250 1125 opus
1275 1073 1481 1112 secundum
1506 1073 1628 1113 Grae-

236 1157 369 1184 corum
406 1145 637 1195 scriptorum
676 1143 911 1193 elegantiam
945 1141 1127 1193 perfecit,
1172 1145 1213 1179 ut
1249 1152 1374 1192 neque
1416 1140 1629 1180 honorifice

236 1211 285 1251 de
323 1223 368 1251 eo
404 1211 547 1250 iudicet
579 1210 717 1250 Cicero
756 1214 793 1249 et
827 1209 1030 1248 historiam
1065 1221 1090 1247 a
1124 1208 1249 1247 literis
1279 1208 1464 1248 Romanis
1502 1208 1627 1247 adhuc

235 1280 375 1318 abesse
406 1283 590 1330 queratur
608 1274 688 1327 (⁴¹⁸).

353 1347 392 1385 G.
422 1348 594 1383 Licinius
633 1348 768 1382 Macer
805 1342 906 1382 idem
948 1354 1033 1382 esse
1068 1347 1243 1394 putatur,
1285 1342 1352 1393 qui
1388 1347 1476 1393 post
1511 1353 1629 1393 prae-

234 1418 360 1453 turam
399 1425 424 1452 a
461 1412 650 1451 Cicerone
692 1416 876 1463 praetore
913 1423 949 1450 a.
986 1411 1069 1450 688
1113 1409 1160 1448 de
1200 1409 1383 1461 peculatu
1426 1409 1627 1448 damnatus

231 1480 495 1521 voluntariam
524 1482 684 1517 mortem
714 1477 894 1529 sumpsit;
926 1488 1026 1528 quae
1057 1488 1177 1516 causa
1202 1487 1287 1515 esse
1309 1477 1453 1527 potuit,
1482 1481 1523 1514 ut
1546 1476 1628 1515 eius

323 1632 384 1676 46)
419 1631 490 1667 Cic.
527 1630 629 1666 Brut.
664 1632 687 1666 Ι.
723 1643 752 1667 c,
808 1631 865 1665 Ex
898 1631 1076 1667 Corneliis
1108 1631 1298 1666 Sisennam
1332 1630 1442 1666 fuisse
1472 1631 1627 1667 Ursinus

233 1690 354 1724 docuit
377 1689 423 1723 ad
446 1689 534 1723 Sall.
553 1688 626 1735 lug.
645 1689 701 1723 98.
729 1695 764 1723 et
784 1689 935 1723 Vossius
962 1689 1006 1722 de
1024 1688 1114 1722 Ilist.
1133 1687 1213 1723 Lat.
1235 1688 1260 1723 1.
1285 1688 1336 1722 10.
1363 1701 1396 1734 p.
1413 1690 1468 1722 44.
1509 1689 1627 1723 Natus

234 1747 329 1779 circa
354 1757 385 1780 a.
404 1745 471 1779 635
497 1752 702 1789 praeturam
723 1746 949 1791 peregrinam
977 1745 1130 1791 gessisse
1155 1757 1202 1779 ex
1220 1745 1361 1779 ahenea
1384 1745 1627 1795 tabula‘apud

233 1802 404 1837 Ursinum
425 1802 533 1835 scitur
553 1814 585 1835 a.
603 1802 681 1837 676.
722 1802 871 1847 Pighius
891 1808 989 1836 errat
1010 1814 1054 1836 eo
1074 1813 1169 1836 anno
1189 1807 1415 1847 quaestorem
1435 1802 1627 1847 ponendo:

234 1859 331 1903 quod
356 1859 385 1892 si
410 1869 536 1893 verum
557 1864 671 1901 esset,
696 1859 757 1893 vix
785 1859 963 1893 Cicerone
986 1859 1100 1893 maior
1125 1859 1257 1893 suisset.
1310 1859 1447 1893 Contra
1466 1859 1628 1892 Velleius

232 1914 278 1950 II.
298 1915 330 1950 9.
358 1914 416 1958 (ef.
433 1914 590 1958 Ruhnk.)
614 1926 694 1949 eum
720 1926 799 1948 cum
819 1915 860 1948 L.
875 1915 1067 1960 Antipatro
1094 1915 1214 1949 Crassi
1238 1915 1408 1960 magistro
1434 1914 1476 1947 P.
1491 1915 1626 1948 Rutilio

229 1972 382 2006 Valerio
408 1971 552 2006 Antiate
578 1972 730 2006 Claudio
756 1971 998 2017 Quadrigario
1017 1971 1215 2016 coniungit,
1238 1982 1310 2004 non
1331 1977 1451 2004 aetate
1468 1971 1627 2015 aequali·

231 2028 317 2071 bus',
343 2028 409 2062 sed
428 2028 525 2073 quod
550 2028 679 2063 eodem
697 2034 860 2073 tempore
886 2027 1092 2069 ediderunt3
1118 2028 1271 2062 Rutilius
1299 2032 1395 2061 certe
1419 2028 1536 2061 maior
1561 2028 1627 2062 suit

230 2086 334 2119 aunis
357 2085 539 2119 minimum
559 2086 705 2131 triginta
723 2086 892 2130 quinque.
1013 2085 1074 2129 47)
1099 2084 1235 2119 Gellius
1260 2084 1454 2118 secundum
1474 2084 1626 2121 Quintil.

230 2141 258 2176 1.
285 2142 324 2184 5,
347 2141 399 2175 13.
429 2153 509 2175 eum
535 2144 710 2175 assentio
737 2153 804 2186 pro
830 2143 1025 2176 assentior
1050 2141 1182 2174 dixisse
1206 2141 1366 2181 notavit,
1391 2141 1519 2175 Festus
1544 2152 1625 2175 me—

229 2199 416 2233 dilimam
440 2209 507 2243 pro
532 2197 848 2240 mediterraneo,
884 2197 981 2241 quod
1006 2198 1138 2231 nemini
1162 2201 1309 2241 praeter
1333 2197 1446 2241 ipsum
1473 2198 1624 2242 placuit;

229 2267 342 2302 porro
362 2256 496 2300 primus
521 2255 609 2288 dixit
627 2258 789 2301 patrem
805 2253 994 2299 familiae
1018 2266 1053 2289 v,
1076 2254 1236 2288 Probum
1261 2265 1295 2298 p.
1311 2252 1409 2295 220„
1436 2258 1471 2287 et
1483 2257 1626 2300 patres

227 2312 480 2357 familiarum
504 2323 539 2346 v.
561 2311 667 2345 Varr.
686 2310 762 2346 LL.
784 2310 880 2345 VIII.
906 2323 939 2356 p.
964 2312 1038 2352 73.;
1065 2310 1323 2357 eonqemclare
1349 2315 1384 2343 et
1407 2309 1628 2345 remuleare

229 2380 277 2403 ex
310 2380 353 2402 eo
387 2368 580 2412 exscripsit
604 2367 745 2401 Nonius
781 2380 814 2413 p.
840 2367 884 2401 57
909 2366 1045 2409 Merc.;
1081 2367 1175 2401 idem
1209 2369 1338 2414 apisci
1369 2377 1437 2411 pro
1468 2369 1630 2411 assequi

229 2425 276 2459 de
301 2425 363 2467 iis,
390 2426 448 2468 qui
474 2425 542 2458 iter
567 2423 730 2458 facerent
755 2436 790 2469 p.
813 2424 889 2466 683
916 2424 1135 2459 conducere
1159 2435 1227 2470 pro
1248 2424 1441 2471 prodesse
1466 2435 1542 2457 cum
1569 2435 1625 2457 ac-

231 2482 395 2516 cusativo
431 2481 559 2515 dictum
584 2484 628 2527 [p.
655 2480 743 2522 2743
779 2481 942 2515 adesum
974 2492 1042 2526 pro
1077 2493 1126 2515 ecc
1158 2485 1275 2528 parte
1303 2491 1454 2516 comem
1485 2491 1519 2524 p.
1550 2480 1625 2519 71.;

230 2538 388 2583 denique
414 2538 589 2572 adverbia
614 2537 828 2573 dubitarim
854 2544 888 2572 et
911 2537 1137 2582 festinalim
1166 2550 1201 2583 p.
1228 2537 1281 2572 98.
1309 2538 1406 2578 514„
1439 2537 1539 2571 cuius
1564 2536 1624 2570 ad·

230 2594 439 2629 verbim-um
465 2595 604 2639 generis
627 2606 728 2629 usum
748 2600 1023 2640 praeposterum
1048 2594 1082 2628 in
1102 2606 1146 2628 eo
1164 2595 1348 2639 vituperat
1368 2594 1474 2628 etiam
1489 2593 1626 2627 Gellius

230 2650 311 2685 XII.
334 2651 386 2685 15.
436 2650 494 2684 De
514 2651 669 2686 Sisenna
695 2658 844 2697 praeter
868 2651 968 2693 illos,
994 2662 1084 2696 quos
1108 2652 1407 2693 commemoravi,
1433 2651 1535 2692 (lixit,
1559 2648 1623 2682 sed

230 2707 316 2740 nihil
342 2707 428 2742 novi
454 2708 569 2741 attulit
590 2709 629 2743 C.
644 2708 687 2743 L.
704 2708 818 2753 Roth,
844 2708 1146 2745 commentatione
1173 2707 1269 2742 edita
1282 2706 1453 2743 Basileae
1476 2719 1506 2741 a.
1525 2704 1621 2740 1834.

231 2764 290 2807 48)
317 2764 391 2800 Cic.
417 2763 531 2810 Legg.
557 2763 582 2801 l.
612 2764 654 2809 2,
680 2765 711 2802 7.
