1835 3126
307 193 395 238 98
516 186 713 232 BREVIS
745 184 1139 239 ELOQUENTIAE
1170 185 1305 229 ROM.
1336 185 1480 229 HIST.

306 317 403 344 unus
432 313 563 342 veram
594 301 708 340 etiam
740 312 788 340 ex
817 300 1017 353 discipulis
1046 301 1201 341 laudem
1229 300 1328 341 tulit.
1387 301 1425 341 Is
1457 300 1573 348 enim,
1610 311 1695 339 cum

307 377 343 410 et
369 371 504 409 literas
536 373 572 407 et
597 368 857 419 eloquentiam
887 368 1066 416 doceret,
1099 368 1142 408 C.
1168 367 1379 408 Caesarem
1410 367 1695 407 adolescentem

305 435 536 488 discipulum
566 435 700 474 hahuit
730 439 765 473 et
796 446 820 473 a
851 434 1040 474 Cicerone
1069 435 1144 473 iam
1174 436 1374 486 praetorio
1405 435 1595 487 expetitus
1625 438 1694 480 est,

306 504 372 555 qui
403 514 487 541 eum
517 502 556 540 iu
581 501 864 541 declamitando
896 507 1107 541 exerceret.
1152 501 1232 541 Sed
1262 502 1328 552 qui
1355 509 1563 553 praeterea
1590 513 1694 540 com-

304 574 577 617 memorantur,
609 570 701 609 Sex.
719 568 878 608 Clodius
915 570 960 608 L.
977 568 1138 620 Epidius
1170 569 1215 607 L.
1233 569 1422 608 Otacilius
1448 574 1551 607 certe
1577 568 1694 606 disci-

303 637 406 689 pulis
430 636 625 675 nohilitati
645 647 721 675 nou
746 641 845 676 suut.
891 636 1079 675 Otacilius
1104 635 1203 674 enim
1227 633 1295 674 Cn.
1311 635 1506 686 Pompeii,
1530 634 1695 685 Epidius

303 704 361 743 M.
378 703 536 743 Antonii
559 703 748 742 triumviri
771 709 807 742 et
825 704 993 754 Augusti
1010 702 1193 742 Caesaris
1218 702 1405 751 magister
1426 701 1510 748 fuit,
1533 712 1701 752 quorum.

303 770 433 810 nullus
473 770 634 809 dicendo
668 771 793 820 riguit
817 769 897 821 (Π).
959 771 1108 811 Graece
1145 769 1293 808 Romae
1335 768 1524 809 Cicerone
1561 767 1697 806 adole-

305 842 434 876 scente
479 836 609 876 docuit
652 838 940 888 Hermagoras,
985 838 1093 875 cuius
1138 836 1346 887 disciplina
1390 834 1439 874 ad
1484 834 1698 874 ornandum

305 906 437 956 inop5,
470 904 519 943 ad
548 904 816 944 inveniendum
848 903 1030 956 expedita
1059 903 1179 943 fuisse
1207 902 1358 943 dicitur.
1412 901 1491 942 Sed
1516 902 1629 941 huius
1661 907 1698 940 et

305 972 472 1011 aliorum
504 972 741 1011 Graecorum
770 976 985 1024 praecepta
1013 971 1091 1009 iam
1119 970 1192 1009 illa
1222 975 1350 1009 aetate
1378 970 1435 1008 ita
1462 968 1698 1015 insederant,

304 1044 345 1078 ut
373 1039 541 1078 Romani
580 1039 790 1090 scriptores
823 1050 924 1090 quae
962 1038 1011 1077 ab
1043 1038 1098 1076 eis
1130 1038 1382 1089 sumpsissent
1419 1036 1481 1074 liic
1512 1034 1595 1074 illic
1623 1046 1696 1086 pro

303 1105 441 1157 populi
485 1110 522 1144 et
563 1110 778 1157 temporum
820 1110 962 1144 natura
1004 1109 1152 1143 mutata
1200 1104 1240 1142 in
1281 1102 1479 1155 publicum
1527 1102 1695 1143 ederent.

303 1172 451 1212 Horum
480 1172 671 1212 librorum
703 1177 854 1211 exstant
883 1172 962 1220 illi,
1001 1183 1098 1223 quos
1129 1171 1298 1223 scriptor
1328 1182 1428 1210 nunc
1458 1170 1614 1221 ignotus
1649 1169 1698 1208 ad

305 1238 348 1279 C.
389 1239 624 1278 Herennium
668 1240 791 1287 misit;
835 1240 949 1279 homo
995 1239 1034 1277 in
1076 1237 1308 1278 invenienda
1353 1243 1390 1277 et
1434 1236 1700 1277 distribuenda

303 1307 468 1345 materia
504 1318 575 1345 nec
612 1307 725 1358 inops
765 1318 835 1345 nec
874 1307 1047 1358 ineptus,
1087 1305 1305 1357 eloquendo
1343 1305 1481 1356 impar.
1539 1304 1699 1356 Duplex

304 1372 354 1411 ad
400 1374 660 1424 coguitionem
705 1373 953 1424 eloquentiae
996 1372 1139 1412 veteris
1184 1384 1233 1411 ex
1274 1372 1334 1411 his
1378 1371 1490 1410 libris
1534 1370 1700 1410 efficitur

302 1439 473 1486 utilitas;
517 1440 664 1487 altera,
709 1439 812 1490 quod
852 1439 1090 1479 Graecorum
1131 1443 1432 1489 praeceptorum
1472 1449 1619 1475 summa
1663 1441 1700 1476 et

304 1506 435 1557 capita
456 1506 599 1557 partim
620 1510 780 1558 recepta
801 1505 944 1557 partim
964 1505 1205 1556 reprehensa
1227 1508 1534 1555 cognoscuntur3
1560 1503 1699 1552 altera,

305 1572 409 1624 quod
440 1577 623 1624 quantum
663 1573 702 1611 iu
732 1573 806 1612 hoc
837 1584 992 1624 quoque
1022 1583 1167 1622 genere
1196 1572 1363 1612 Romani
1400 1577 1574 1625 tempore
1604 1573 1699 1611 satis

305 1640 449 1690 exiguo
479 1640 721 1692 profecerint
751 1639 986 1690 intelligitur
1010 1636 1096 1689 (⁷⁸).
1156 1639 1299 1678 Libros
1331 1638 1377 1678 de
1408 1644 1492 1679 arte
1523 1640 1701 1679 oratoria.

302 1712 462 1758 praeter
498 1706 658 1746 Catonis
699 1712 735 1746 et
770 1706 929 1746 Antonii
969 1707 1116 1758 scripta
1155 1711 1244 1746 aute
1283 1711 1480 1746 auctorem
1517 1706 1700 1747 Rhetori-

305 1785 438 1812 corum
476 1772 526 1812 ad
555 1773 790 1812 Herennium
819 1773 949 1812 nullos
984 1773 1107 1812 fuisse
1138 1773 1233 1811 satis
1264 1778 1409 1812 certum
1436 1774 1589 1814 videtur
1613 1772 1697 1826 (⁷⁹).

304 1840 442 1892 Neque
481 1840 596 1879 etiam
632 1851 775 1890 magno
813 1851 972 1879 numero
1002 1839 1124 1878 fuisse
1162 1839 1344 1879 credendi
1381 1846 1469 1880 sunt
1507 1842 1574 1893 qui
1608 1842 1699 1881 rhe-

304 1908 455 1947 toribus
497 1906 699 1946 audiendis
740 1906 1009 1946 ermlirentur:
1054 1905 1095 1945 id
1132 1907 1231 1945 enim
1274 1911 1316 1945 ut
1351 1906 1479 1956 fieret,
1520 1910 1698 1959 Augusto

307 1973 456 2014 demum
496 1974 673 2026 principe
716 1973 880 2013 invaluit
920 1979 956 2013 et
994 1985 1040 2013 eo
1081 1974 1207 2023 magis
1247 1979 1444 2025 receptum
1482 1975 1576 2023 fuit,
1621 1987 1698 2027 quo

305 2041 576 2080 manifestiora
612 2046 722 2080 erant
751 2041 999 2092 eloquentiae
1035 2040 1076 2079 in
1111 2041 1294 2091 exiguum
1327 2041 1567 2081 iudicialium
1605 2054 1699 2081 cau-

306 2120 437 2147 sarum
468 2108 603 2147 orbem
641 2112 802 2147 coactae
833 2107 1077 2146 decrementa
1104 2104 1184 2157 (⁸⁰).
1242 2107 1341 2147 Hinc
1378 2109 1544 2148 maxime
1574 2108 1701 2148 elucet

304 2174 392 2214 laus
431 2174 654 2221 Ciceronis3
700 2174 761 2212 cui
800 2173 898 2213 adeo
944 2185 1020 2212 nou
1061 2173 1156 2211 satis
1193 2161 1399 2213 videbatur
1439 2176 1700 2227 eloquentiam

307 2241 357 2280 ad
388 2253 572 2280 summum
600 2241 867 2293 praestantiae
894 2241 1097 2291 fastigium
1124 2240 1329 2290 extulisse,
1363 2246 1405 2281 nt
1433 2242 1700 2281 adolescentes

307 2308 479 2347 discendi
509 2307 670 2360 cupidos
700 2320 819 2347 senex
857 2309 963 2348 circa
993 2320 1034 2347 se
1066 2313 1330 2359 congregatos
1362 2307 1535 2348 docendo
1570 2314 1607 2348 et
1635 2320 1699 2348 re-

400 2438 458 2481 77)
494 2440 594 2473 Suet.
630 2440 676 2474 de
703 2441 746 2474 cl.
775 2440 881 2474 rhett.
916 2451 943 2473 c.
968 2439 1000 2473 3.
1030 2440 1061 2473 cl.
1178 2438 1237 2481 78)
1274 2439 1331 2473 De
1357 2439 1581 2485 Hermagora
1614 2439 1699 2473 vide

309 2494 381 2529 Cic.
400 2495 501 2529 Brut.
522 2496 586 2538 76,
606 2496 684 2532 263,
728 2496 821 2532 Hinc
844 2495 985 2531 Isidoro
1001 2495 1209 2539 Ilispaleusi
1235 2494 1359 2542 Origg.
1382 2496 1426 2531 ll.
1446 2496 1477 2531 2.
1506 2495 1699 2530 secundum

308 2550 480 2597 Gorgiam
513 2557 549 2585 et
573 2553 802 2588 Aristotelem
834 2554 958 2587 tertius
992 2551 1193 2586 rhetorices
1230 2553 1399 2588 inventor
1433 2553 1571 2587 dicitur.
1621 2551 1700 2586 Hoc

307 2607 476 2651 volebat,
501 2614 575 2643 tres
592 2609 672 2643 illos
698 2621 785 2655 prae
805 2610 934 2644 ceteris
959 2614 1072 2643 artem
1094 2608 1248 2643 diversis
1268 2611 1467 2646 rationibus
1490 2614 1525 2644 et
1542 2608 1700 2643 consiliis

308 2664 475 2699 ineundis
499 2666 727 2710 explicuisse.
845 2666 904 2711 79)
930 2678 966 2702 v.
990 2664 1157 2700 Schuetz.
1184 2666 1346 2713 prolegg.
1373 2668 1419 2701 ad
1441 2667 1518 2701 Ser.
1536 2665 1695 2699 Herenn.

308 2730 344 2764 p·
370 2721 425 2756 41.
546 2722 606 2765 80)
638 2723 780 2759 Seneca
803 2724 978 2760 controv.
1004 2732 1165 2769 prooem.
1190 2722 1232 2758 ΙΙ.
1261 2735 1297 2769 p.
1317 2723 1380 2758 134
1400 2722 1484 2769 Bip.
