1835 3126
247 212 367 259 128
459 201 655 248 BREVIS
685 201 1077 255 ELOQUENTIAE
1108 201 1242 245 ROM.
1273 201 1417 244 HIST.

247 336 317 365 nec
347 331 440 360 sane
470 320 650 357 accurate
679 316 830 355 locutus
862 322 919 356 est
942 317 1123 358 Valerius
1145 317 1361 364 Maximus,
1394 327 1478 354 cum
1508 327 1532 353 a
1553 312 1630 354 Ca-

248 390 352 430 ninio
397 386 613 424 damnatum
641 383 848 422 Antonium
878 383 969 422 dicit
994 381 1078 433 (32).
1136 388 1235 422 Acta
1265 388 1391 421 autem
1421 394 1540 421 causa
1574 384 1631 419 est

248 456 420 496 Caesare
445 456 480 490 et
501 450 643 489 Bibulo
670 448 891 488 consulibus
916 461 951 487 a.
977 449 1058 488 695
1082 449 1182 500 apud
1205 456 1424 500 praetorem
1442 449 1511 488 Cn.
1527 449 1630 487 Len—

246 522 366 562 tulum
397 517 643 564 Clodianum‚
679 516 745 567 qui
769 515 972 554 usitatiore
997 520 1249 565 cognomento
1274 515 1530 555 Marcellinus
1561 525 1632 553 vo-

248 594 357 628 catur
387 582 470 634 (33).
545 584 671 623 Genus
718 582 798 620 eius
840 582 1016 629 mixtum,
1062 581 1109 620 de
1150 581 1387 620 Macedonia
1430 580 1635 633 provincia

247 655 348 695 male
376 652 511 692 habita
540 655 576 689 et
603 648 883 701 perduellionis
915 648 1171 688 Catilinariae
1201 648 1405 686 societate:
1443 660 1556 698 quam
1584 647 1633 685 ol)

247 734 329 762 rem
368 718 576 764 Antonius,
622 727 705 754 cum
748 714 1047 766 repetundarum
1092 714 1235 752 crimen
1274 713 1411 752 Cicero
1447 718 1636 764 patronus

245 789 473 832 refutasset,
506 783 552 823 de
580 783 619 822 vi
649 782 849 820 damnatus
881 786 949 820 est.
993 781 1168 822 Vatinius
1200 780 1298 818 enim
1327 778 1513 818 beneficio
1533 778 1636 828 legis

249 866 364 902 suae,
411 863 509 904 quae
554 848 851 889 commodiorem
893 848 1061 887 iudicum
1104 847 1343 886 sortitionem
1387 845 1635 892 concedebat,

248 920 427 961 clausula
467 917 618 957 adiecta
653 928 758 954 reum
787 915 993 955 Antonium
1030 913 1212 961 exclusit,
1252 912 1355 964 quod
1395 912 1536 950 acerhe
1568 922 1636 948 ex-

246 988 411 1041 probrat
441 986 577 1025 Cicero
607 984 647 1022 in
677 983 872 1029 oratione,
911 994 988 1033 qua
1019 993 1103 1020 eum
1134 981 1173 1019 in
1201 984 1336 1018 senatu
1366 978 1532 1017 concidit
1549 974 1636 1028 (³⁴¹).

248 1055 370 1094 Huius
423 1051 586 1091 actionis
642 1049 736 1088 duas
779 1047 993 1099 particulas
1038 1047 1207 1086 servavit
1251 1045 1510 1095 Quintilianus
1542 1040 1637 1094 (35);

248 1121 376 1160 altera
413 1117 646 1157 brevissima
684 1119 753 1153 est.
814 1113 993 1154 Secunda
1029 1113 1224 1152 accusatio
1262 1113 1301 1150 in
1339 1112 1384 1151 L.
1421 1112 1639 1150 Atratinum

248 1187 296 1226 de
331 1186 474 1225 ambitu
503 1183 655 1222 actione
684 1181 774 1229 illa,
806 1192 920 1232 quam
941 1180 1111 1219 Atratini
1138 1179 1239 1218 filius
1274 1177 1484 1217 ulciscendi
1513 1178 1638 1229 patris

249 1265 369 1293 causa
407 1251 542 1291 Caelio
579 1248 799 1295 intentavit,
838 1259 915 1286 non
953 1246 1071 1285 multo
1111 1247 1220 1298 prior
1252 1246 1420 1293 videtur,
1461 1245 1533 1283 etsi
1572 1256 1639 1283 ac-

249 1320 420 1359 curatius
459 1316 609 1355 definiri
646 1314 718 1353 illa
754 1325 817 1352 res
847 1325 923 1351 non
953 1318 1098 1364 potest;
1135 1312 1232 1351 nihil
1263 1312 1343 1350 eius
1373 1317 1530 1362 praeter
1559 1323 1639 1350 me-

249 1386 411 1424 moriam
442 1387 579 1422 exstat.
622 1381 822 1420 Atratinus
846 1380 945 1419 enim
969 1379 1135 1418 damnati
1161 1378 1262 1417 filius
1287 1390 1310 1416 a
1335 1377 1493 1425 Clodia,
1525 1389 1639 1428 quam

249 1455 448 1490 amaverat
481 1449 657 1494 Caelius,
700 1447 905 1496 instigatus
941 1447 1040 1484 hunc
1078 1445 1125 1483 de
1157 1445 1197 1484 vi
1235 1443 1446 1495 postulavit
1477 1443 1642 1482 admisto

248 1517 424 1561 veneficii
451 1515 587 1553 tentati
616 1513 791 1560 crimine,
823 1523 923 1562 quae
952 1523 1015 1550 res
1048 1515 1084 1549 et
1114 1522 1162 1549 ex
1185 1509 1384 1549 Ciceronis
1416 1509 1642 1548 defensione

250 1588 432 1623 accurate
462 1582 581 1619 scitur
610 1585 646 1619 et
674 1583 856 1618 accurato
884 1577 1113 1626 Quintiliani
1134 1577 1352 1616 testimonio
1380 1575 1639 1615 confirmatur.

248 1651 361 1690 Duae
401 1649 499 1688 enim
534 1645 753 1699 particulae
796 1645 984 1684 orationis
1017 1657 1041 1683 a
1071 1643 1310 1692 Quintiliano
1340 1648 1513 1682 retentae
1543 1647 1642 1691 sunt,

250 1729 328 1769 qua
371 1715 527 1756 Caelius
572 1713 744 1764 quamvis
782 1712 1007 1751 Ciceronem
1050 1716 1255 1763 patronum
1298 1709 1444 1748 habens
1487 1721 1559 1760 pro
1600 1720 1643 1748 se

250 1784 336 1835 ipse
374 1794 466 1820 usus
507 1784 563 1819 est
586 1776 671 1829 (3⁶).
730 1780 830 1818 Acta
872 1790 919 1817 ea
949 1789 1068 1816 causa
1099 1782 1155 1816 est
1186 1776 1288 1828 apud
1316 1781 1536 1828 praetorem
1572 1774 1642 1815 Cn.

250 1848 459 1888 Domitium
491 1845 692 1886 Calvinum
729 1857 764 1883 a.
796 1846 878 1884 698
902 1841 987 1894 (3⁷).
1044 1844 1103 1882 De
1139 1844 1255 1882 tertia
1290 1843 1536 1882 accusatione
1566 1853 1644 1881 non

250 1916 345 1955 satis
377 1918 481 1953 certo
513 1916 673 1951 constat.
716 1910 877 1950 Plurimi
910 1909 1061 1961 quidem
1085 1909 1198 1948 Pauli
1222 1910 1392 1948 Manutii
1417 1909 1644 1947 sententiam

251 1981 370 2021 secuti
405 1984 491 2018 sunt
518 1978 565 2018 D.
596 1976 785 2029 quendam
814 1976 992 2015 Laelium
1022 1987 1046 2013 a
1078 1974 1212 2014 Caelio
1243 1975 1497 2026 postulatum,
1536 1975 1643 2013 cuius

251 2058 389 2087 nomen
416 2046 452 2084 in
471 2046 642 2083 incertae
660 2042 857 2082 cuiusdam
875 2042 1063 2080 orationis
1082 2041 1293 2081 Caelianae
1308 2041 1396 2080 loco
1416 2046 1541 2079 exstat
1559 2038 1642 2090 (³⁸).

250 2113 467 2152 Dissentire
497 2116 534 2149 et
567 2122 675 2148 suam
705 2107 896 2159 quandam
921 2108 1147 2145 sententiam
1170 2119 1316 2157 ponere
1336 2107 1486 2147 videtur
1510 2107 1644 2147 Ruhn-

251 2179 386 2217 kenius
433 2176 482 2215 ad
527 2175 628 2216 Vell.
666 2174 713 2213 II.
751 2174 818 2212 68.
882 2172 1048 2211 Nomina
1093 2172 1192 2210 enim
1238 2172 1365 2211 Caelii
1408 2178 1444 2212 et
1481 2174 1644 2212 Caecilii

253 2256 371 2296 saepe
401 2244 441 2282 in
468 2242 581 2282 libris
614 2239 795 2280 confundi
827 2243 1050 2278 ostensurus
1084 2243 1242 2290 praeter
1266 2238 1365 2278 alios
1393 2240 1506 2278 etiam
1527 2240 1646 2280 Plinii

344 2383 403 2426 32)
430 2383 511 2416 Val.
530 2382 635 2417 Max.
653 2381 711 2415 IV.
730 2381 772 2424 2,
791 2380 823 2416 6.
874 2380 1007 2414 Iniuria
1025 2379 1230 2414 Garatonus
1258 2380 1303 2414 ad
1323 2380 1394 2415 Cic.
1414 2393 1448 2426 p.
1470 2381 1571 2415 Sulla
1588 2379 1643 2414 33.

254 2440 416 2475 Caelium
433 2439 710 2483 subscriptorem
725 2437 865 2473 Caninii
879 2440 997 2471 vocat.
1099 2436 1157 2478 33)
1177 2436 1300 2471 Garat.
1317 2438 1339 2470 l.
1355 2449 1383 2472 c.
1487 2437 1546 2479 34)
1570 2437 1643 2471 Cic.

255 2498 291 2530 in
308 2496 389 2529 Vat.
409 2495 431 2529 Ι.
450 2507 480 2529 c.
597 2495 655 2538 35)
682 2494 751 2532 Qu.
769 2493 828 2526 lV.
845 2492 886 2534 2,
907 2491 982 2526 123.
1009 2490 1072 2526 ΙΧ.
1091 2491 1132 2533 3,
1152 2492 1206 2526 58.
1326 2493 1384 2535 36)
1413 2492 1562 2529 Quintil.
1580 2491 1643 2527 XI.

258 2552 294 2593 l,
319 2551 373 2585 51.
410 2550 504 2584 VIII.
524 2550 566 2592 6,
585 2550 639 2585 53.
664 2561 700 2584 v.
723 2548 909 2594 Spalding.
1025 2547 1083 2589 37)
1110 2547 1298 2582 Drumann
1323 2548 1411 2583 Hist.
1432 2548 1476 2582 R.
1502 2547 1544 2583 ll.
1565 2548 1644 2582 413.

256 2606 316 2650 38)
354 2606 457 2650 Apud
482 2606 629 2643 Quintil.
656 2604 716 2638 Vl.
743 2605 783 2646 3,
807 2604 861 2638 39.
899 2602 940 2637 cf.
964 2602 1019 2636 41.
1067 2602 1148 2637 Nec
1181 2615 1269 2637 sane
1304 2615 1526 2649 magnopere
1560 2613 1643 2637 con-

255 2662 431 2696 tenderim
454 2673 532 2695 cum
551 2662 764 2707 Spaldingio
790 2666 905 2695 utrum
922 2659 971 2693 D.
994 2670 1039 2693 an
1060 2657 1104 2693 L.
1122 2657 1286 2693 Laelius
1307 2661 1438 2694 rectius
1457 2659 1644 2699 scribatur,

257 2718 337 2753 dum
363 2722 544 2755 constaret
567 2729 612 2754 eo
633 2718 778 2754 nomine
802 2716 981 2752 hominem
1006 2715 1051 2752 ab
1071 2715 1145 2751 ullo
1169 2716 1371 2761 aequalium
1396 2725 1493 2751 reum
1514 2718 1641 2748 actum.
