1835 3126
326 175 523 219 BREVlS
554 175 949 229 ELOQUENTIAE
981 177 1115 221 ROM.
1146 178 1288 222 HIST.
1433 182 1504 228 51

225 291 452 331 Orationum
492 291 574 330 eius
605 297 953 332 commemorantur
983 294 1085 333 actio
1115 293 1154 333 in
1185 294 1396 344 Scaurum,
1436 295 1503 335 de-

110 357 235 397 fensio
266 358 305 396 in
328 357 471 398 iudicio
496 359 680 407 ambitus,
712 358 886 399 defensio
912 359 1098 400 adversus
1123 362 1374 413 publicanos,
1407 375 1505 415 quas

110 424 322 475 tetigimus3
360 431 568 477 praeterea
598 427 725 466 oratio
755 440 824 477 pro
853 429 899 464 L.
934 428 1112 466 Caeructo
1143 428 1191 467 ad
1221 429 1404 481 populum
1434 427 1504 481 (¹⁰)

109 496 157 538 et,
181 504 295 543 quam
320 492 459 532 aedilis
484 492 637 534 videtur
661 494 863 541 habuisse,
890 506 967 546 qua
981 495 1179 545 Augustus
1198 496 1346 536 Caesar
1369 497 1504 537 eodem

107 558 271 598 consilio
300 572 392 599 usus
422 560 566 609 fertur,
597 562 640 598 dc
668 562 777 599 modo
805 560 1059 609 aedificiorum
1076 558 1159 613 (¹¹).
1200 563 1327 603 Genus
1352 563 1503 606 (licendi

107 625 246 666 Cicero
289 626 382 667 dicit
415 628 537 668 fuisse
572 629 689 680 quale
728 628 949 669 Stoicorum
988 629 1170 668 omnium:
1215 636 1390 679 acutum,
1434 632 1503 672 sed

105 693 274 733 ieiunum
305 699 342 735 et
371 695 474 735 exile
503 708 572 736 nec
603 696 763 735 auribus
794 695 930 747 populi
960 696 1289 736 accommodatum
1305 695 1386 748 (¹2).

737 802 771 855 ς.
804 805 870 842 23.

549 878 596 916 Q.
623 878 797 912 Metellus
822 877 1044 913 Numidicus.

213 961 256 1006 Q.
292 960 475 998 Caecilius
503 960 701 1006 Metellus,
734 960 795 1000 cui
826 972 875 999 ex
905 958 1055 1000 devicto
1085 961 1276 1012 Iugurtha
1306 974 1499 1014 agnomen

100 1028 291 1065 Numidici
328 1026 489 1066 inditum
526 1032 598 1075 est,
644 1032 794 1079 patrem
833 1027 969 1067 habuit
1005 1027 1050 1067 L.
1092 1028 1299 1069 Metellum
1336 1030 1498 1072 Calvum

97 1093 346 1135 Macedonici
375 1094 554 1142 fratrem,
589 1095 656 1146 qui
686 1095 928 1135 consulatum
958 1095 1081 1146 gessit
1111 1108 1147 1135 a.
1180 1098 1275 1136 612.
1322 1098 1495 1150 Uterque

97 1173 217 1213 nepos
254 1161 377 1201 fuisse
405 1161 558 1202 videtur
588 1161 633 1211 Q.
661 1162 817 1202 Metelli
845 1162 1016 1202 consulis
1047 1175 1083 1202 a.
1114 1162 1198 1203 548
1232 1176 1315 1204 cum
1345 1166 1390 1205 L.
1416 1166 1494 1207 Ve-

96 1229 219 1276 turi03
249 1228 350 1268 filios
375 1229 473 1269 enim
496 1234 635 1282 putare
663 1242 851 1270 annorum
875 1231 977 1270 ratio
1003 1230 1070 1270 vix
1094 1231 1196 1270 sinit.
1241 1231 1279 1270 Is
1306 1233 1494 1273 Metellus

95 1300 246 1348 patrem
274 1296 409 1335 hahuit
432 1297 477 1336 L.
503 1296 708 1337 Metellum
738 1298 798 1337 his
815 1297 1024 1337 ,consulem
1046 1297 1276 1338 dictatorem
1303 1305 1339 1339 et
1364 1300 1495 1352 ponti-

94 1362 203 1402 ficem
244 1364 450 1403 maximum
483 1364 580 1403 belli
610 1365 747 1404 Punici
784 1365 901 1417 primi
936 1364 1195 1416 temporibus,
1234 1365 1342 1404 cuius
1381 1371 1495 1418 pater

94 1430 140 1469 L.
178 1430 366 1469 Metellus
411 1431 653 1470 consulatum
696 1432 735 1470 in
779 1432 969 1470 familiam
1014 1431 1143 1470 intulit
1179 1444 1215 1470 a.
1257 1433 1353 1471 470.
1413 1432 1493 1472 Sed

94 1497 365 1548 antiquissima
403 1497 609 1536 secundum
639 1498 831 1537 Liciniam
866 1498 1072 1538 nobilitate
1110 1509 1206 1547 gens
1236 1502 1338 1546 erat,
1383 1499 1491 1539 cuius

93 1564 138 1603 L.
157 1563 354 1604 Caecilius
376 1564 552 1604 tribunus
577 1565 703 1616 plebis
729 1577 764 1603 a.
784 1566 865 1604 316
888 1565 1035 1616 primus
1060 1564 1247 1603 honorem
1267 1565 1391 1615 gessit
1407 1563 1489 1617 (¹3).

205 1631 250 1680 Q.
289 1631 476 1671 Metellus
513 1632 558 1671 L.
599 1631 642 1671 F.
690 1636 939 1683 quaesturam
979 1630 1310 1670 administravisse
1345 1632 1487 1682 Pighio

91 1697 244 1737 videtur
279 1710 317 1737 a.
354 1699 455 1747 630,
495 1697 643 1737 duobus
681 1702 770 1749 post
807 1697 851 1737 C.
887 1697 1121 1744 Gracchum,
1157 1697 1283 1735 trihus
1323 1702 1413 1736 ante
1442 1699 1486 1738 P.

91 1764 277 1805 Rutilium
315 1765 439 1803 annis.
498 1764 735 1803 Tribunatus
779 1764 861 1803 eius
901 1762 1016 1803 modo
1053 1762 1183 1802 occiso
1225 1762 1267 1803 G.
1310 1763 1486 1804 Graccho

90 1836 222 1882 gestus
260 1843 295 1870 a.
327 1832 410 1870 634
446 1831 586 1870 tacitus
624 1830 709 1871 fuit.
767 1830 918 1871 Aedilis
949 1829 1096 1870 curulis
1134 1841 1218 1868 cum
1246 1830 1305 1870 M.
1338 1830 1487 1872 Catone

87 1897 303 1938 Saloniano
335 1910 370 1936 a.
396 1899 497 1946 637,
535 1903 698 1950 praetor
728 1910 764 1937 a.
791 1899 873 1938 641
912 1897 1207 1937 frumentariam
1244 1898 1486 1949 provinciam

85 1965 236 2006 videtur
264 1965 465 2013 habuisse,
506 1971 572 2005 aut
602 1966 780 2005 Siciliam
810 1970 876 2005 aut
905 1964 1129 2005 Sardiniam
1148 1961 1230 2014 (¹⁴).
1290 1964 1361 2004 Est
1386 1966 1485 2005 enim

83 2033 168 2074 veri
191 2032 317 2071 simile
339 2038 429 2084 post
450 2033 550 2072 hanc
576 2038 801 2086 praeturam
827 2037 865 2073 et
885 2032 1055 2072 fortasse
1075 2038 1238 2085 propter
1253 2031 1485 2073 frumentum

83 2100 123 2139 in
158 2099 298 2139 cellam
334 2099 564 2152 imperatum
603 2102 794 2140 actionem
830 2100 1133 2152 repetundarum
1169 2100 1221 2162 ei.
1240 2100 1483 2150 intentatam,

84 2247 120 2275 et
143 2241 193 2275 lit.
222 2241 336 2286 elegg.
360 2246 384 2275 t.
404 2240 536 2275 XXIV.
565 2251 599 2285 p.
621 2240 688 2275 235
704 2252 803 2286 sqq.,
831 2250 909 2274 cum
936 2238 1068 2274 iudicio
1095 2238 1248 2273 ambitus
1274 2239 1481 2275 damnatum

83 2296 252 2332 affirmat.
302 2296 377 2331 Sed
402 2297 552 2331 vivebat
575 2296 693 2331 adhuc
717 2308 762 2331 eo
790 2302 974 2342 tempore,
999 2306 1070 2340 quo
1097 2295 1318 2339 colloquium
1343 2296 1389 2331 de
1405 2296 1480 2332 Na-

84 2359 165 2388 tura
188 2353 351 2388 Deorum
380 2352 538 2388 habitum
564 2351 714 2399 fingitur
739 2358 933 2400 praesente
958 2352 1153 2388 Cicerone:
1182 2362 1216 2387 V.
1244 2350 1305 2387 111.
1331 2352 1396 2395 32,
1420 2352 1476 2389 80.

175 2433 233 2477 10)
258 2432 459 2467 Diomedes
483 2444 516 2478 p.
534 2433 612 2467 372.
734 2432 790 2475 ll)
816 2432 1011 2466 Suetonius
1035 2430 1072 2465 in
1092 2429 1256 2476 Augusto
1280 2441 1309 2464 c.
1327 2430 1383 2466 89.
1421 2429 1478 2465 In·

83 2494 183 2523 certa
207 2494 261 2523 est
285 2489 404 2522 oratio
432 2489 480 2523 cle
505 2489 669 2524 tribunis
692 2489 886 2529 militum,
920 2487 949 2522 F
953 2492 1016 2522 est.
1043 2499 1077 2533 p.
1103 2486 1200 2527 261.;
1236 2492 1358 2532 potest
1382 2487 1477 2521 enim

82 2546 173 2579 alius
199 2550 325 2578 auctor
345 2545 422 2579 eius
447 2545 607 2592 cogitari.
730 2546 787 2590 12)
815 2545 945 2580 Cicero
963 2544 999 2578 in
1016 2542 1134 2578 Bruto
1152 2542 1210 2585 30,
1230 2544 1305 2578 114.
1334 2542 1379 2577 cf.
1399 2542 1475 2577 116.

85 2602 140 2646 13)
173 2614 208 2637 ν.
232 2602 419 2636 Drumann
444 2601 533 2637 Hist.
554 2602 596 2637 R.
624 2609 646 2638 t.
665 2602 709 2638 11.
736 2615 771 2649 p.
790 2602 847 2637 22.
895 2601 1007 2636 Errat
1029 2598 1216 2635 Manutius
1239 2599 1287 2634 ad
1311 2599 1385 2635 Cic,
1410 2598 1477 2633 Di-

82 2670 178 2693 vers.
205 2658 249 2693 V.
278 2659 329 2702 l.,
354 2658 593 2694 Dalmaticum
616 2659 800 2696 Numidici
825 2664 964 2705 patrem
988 2667 1146 2701 ponens,
1174 2657 1235 2702 qui
1259 2656 1371 2691 frater
1396 2654 1471 2691 suit.

82 2714 127 2751 V.
154 2714 259 2760 Pigh.
286 2721 310 2751 t.
334 2714 397 2753 111.
421 2727 456 2761 p.
475 2716 531 2750 42.
652 2716 709 2757 14)
733 2716 808 2752 Cic.
833 2716 962 2750 Aecus.
985 2712 1091 2751 Verr,
1118 2712 1178 2749 Ill.
1203 2713 1268 2755 90,
1291 2711 1369 2746 209.

1130 2779 1191 2823 4*
