1835 3126
291 208 408 254 164
810 203 1167 251 CICERONIS.

296 320 475 366 intueor,
513 327 700 357 maxume
731 316 829 358 mihi
860 326 1095 369 occurrunt,
1132 319 1285 368 Attice,
1324 323 1363 359 et
1396 317 1514 373 quasi
1544 316 1681 359 lucent

296 394 486 436 Athenae
517 399 636 443 tuae,
668 406 749 449 qua
779 395 821 435 in
849 395 950 436 urhe
980 398 1153 451 primum
1184 409 1228 437 se
1260 402 1400 437 orator
1429 395 1569 437 extulit
1598 396 1682 450 pri-

295 485 482 526 mumque
528 473 653 513 etiam
696 474 968 514 monumentis
1007 479 1045 514 et
1088 472 1220 514 literis
1266 475 1397 515 oratio
1435 480 1498 515 est
1537 479 1682 528 coepta

295 550 499 593 mandari.
557 549 624 590 27.
657 548 819 591 Tamen
849 556 942 591 ante
971 549 1193 599 Periclem,
1226 552 1341 592 cuius
1373 552 1526 606 scripta
1556 564 1682 606 quae-

296 628 391 670 dam
421 627 622 677 seruntur,
654 633 694 669 et
724 626 1027 682 Thucydidem,
1060 629 1127 683 qui
1158 640 1240 670 non
1268 628 1534 669 nascentibus
1553 626 1682 670 Athe-

293 707 379 756 nis,
417 705 492 748 sed
522 707 606 746 iam
638 705 788 747 adultis
819 706 1001 755 fuerunt,
1040 705 1164 747 litera
1189 704 1306 746 nulla
1336 711 1416 755 est,
1457 718 1562 760 quae
1595 707 1682 759 qui-

296 784 389 826 dem
434 790 621 826 ornatum
652 783 831 839 aliquem
862 783 1015 825 habeat
1059 790 1098 825 et
1136 784 1313 826 oratoris
1351 796 1445 825 esse
1482 782 1681 824 videatur.

296 861 541 918 Quanquam
580 862 718 917 opinio
750 868 812 904 est
843 869 882 904 et
912 875 1022 913 eum,
1064 862 1132 917 qui
1162 860 1299 903 multis
1331 862 1450 902 annis
1483 866 1576 902 ante
1606 860 1683 902 hos

294 940 434 991 suerit,
464 939 724 982 Pisistratum
755 946 794 982 et
822 940 946 996 paulo
978 941 1184 982 seniorem
1205 941 1328 981 etiam
1352 937 1549 980 Solonem
1571 945 1685 994 post-

296 1031 428 1073 eaque
467 1016 720 1059 Clisthenem
759 1017 944 1069 multum,
986 1025 1028 1060 ut
1067 1017 1318 1074 temporibus
1355 1016 1460 1066 illis,
1497 1015 1683 1058 valuisse

296 1095 484 1137 dicendo.
550 1095 618 1137 28.
656 1094 755 1137 Post
798 1095 905 1138 hanc
955 1102 1132 1137 aetatem
1177 1095 1334 1150 aliquot
1371 1096 1511 1145 annis,
1555 1101 1597 1136 ut
1634 1107 1685 1136 ex

294 1172 443 1214 Atticis
495 1174 766 1214 monumentis
817 1180 951 1228 potest
993 1174 1195 1229 perspici,
1248 1171 1553 1214 Themistocles
1597 1172 1684 1221 fuit,

296 1263 413 1306 quem
453 1256 614 1292 constat
644 1264 734 1293 cum
763 1251 995 1306 prudentia,
1032 1257 1115 1292 tum
1145 1251 1269 1292 etiam
1300 1249 1537 1305 eloquentia
1564 1263 1685 1306 prae-

295 1329 471 1370 stitisse:
502 1335 595 1384 post
616 1327 824 1379 Pericles,
857 1330 944 1384 qui,
977 1342 1067 1371 cum
1089 1328 1253 1370 floreret
1285 1329 1394 1370 omni
1418 1341 1571 1382 genere
1601 1329 1685 1370 vir-

295 1406 412 1455 tutis,
453 1405 532 1446 hac
560 1411 699 1447 tamen
728 1406 803 1447 fuit
831 1406 955 1448 laude
988 1406 1272 1448 clarissumus.
1333 1405 1531 1447 Cleonem
1560 1407 1684 1447 etiam

294 1482 546 1538 temporibus
591 1482 677 1524 illis
721 1483 995 1525 turbulentum
1038 1484 1154 1525 illum
1199 1483 1362 1538 quidem
1409 1484 1566 1534 civem,
1611 1484 1686 1525 sed

295 1568 433 1604 tamen
463 1560 722 1616 eloquentem
753 1568 915 1605 constat
943 1562 1087 1605 fuisse.
1146 1561 1214 1603 29.
1244 1560 1349 1604 Huic
1381 1562 1507 1604 aetati
1536 1574 1686 1618 suppa-

380 1683 424 1709 29.
465 1683 645 1719 Thucydidi]
666 1683 854 1718 Thucydidis.

296 1774 343 1807 ad
368 1773 466 1807 cives
494 1774 630 1808 incolas
655 1774 799 1809 transiri
823 1775 909 1809 satis
938 1775 1104 1809 usitatum
1129 1775 1179 1819 (v.
1204 1774 1399 1820 Explicatt.
1425 1774 1471 1808 ad
1496 1774 1541 1809 de
1566 1773 1631 1810 Or.
1659 1774 1685 1809 1.

297 1828 360 1872 19,
383 1828 463 1871 85),
490 1829 556 1862 5011
579 1830 674 1874 quod
700 1830 747 1864 ad
773 1831 925 1865 eandem
947 1831 1137 1866 Graeciam
1161 1843 1280 1866 sermo
1304 1831 1423 1866 statim
1447 1831 1541 1866 redit
1563 1832 1686 1867 verbis

297 1887 339 1920 in
363 1896 483 1930 quam
507 1896 592 1919 eum
618 1888 780 1921 intueor.

388 1942 443 1976 27.
490 1940 630 1987 paulo]
656 1942 707 1975 sic
731 1941 834 1976 codd.
860 1953 996 1976 omnes.

387 1997 442 2033 28.
491 1997 646 2040 Atticis]
682 2009 806 2032 01111105
838 1998 920 2032 libri
953 2004 988 2032 et
1019 1998 1073 2034 ed.
1104 2009 1156 2042 pr.
1184 1995 1328 2036 sitrici,-
1368 1996 1499 2031 ‹ludum
1529 1998 1685 2032 correxit

295 2054 498 2089 Lambinus.
511 2071 558 2078 ·-
583 2053 853 2097 clariss-umus]
874 2055 925 2088 sic
940 2054 1004 2099 Lg.
1020 2054 1052 2090 S.
1078 2054 1109 2087 V
1114 2065 1169 2089 en.
1190 2053 1218 2088 l.
1246 2054 1499 2099 diffleissimus
1517 2054 1584 2088 Gu.
1600 2056 1627 2089 1.
1641 2073 1685 2081 ——-

297 2111 406 2146 illum
430 2109 606 2154 quidem]
633 2110 704 2143 inv.
729 2109 796 2154 Lg.
822 2110 878 2143 20.

388 2165 444 2200 29.
499 2164 736 2209 Thucydidi]
762 2165 813 2198 sic
840 2164 904 2210 Lg.
929 2165 962 2199 8.
987 2165 1042 2199 35.
1067 2164 1123 2199 39.
1150 2165 1206 2199 51.
1227 2164 1282 2198 53.
1308 2164 1362 2200 58.
1388 2164 1444 2199 68.
1480 2165 1573 2200 Ven.
1602 2167 1631 2201 l.
1652 2166 1686 2201 2.

295 2221 378 2255 Vat.
405 2220 472 2256 Gu.
496 2221 524 2256 l.
552 2220 808 2265 (tuclzz‘didi),·
830 2233 865 2256 v.
883 2221 1076 2266 Explicatt.
1101 2220 1147 2254 ad
1172 2220 1217 2254 de
1240 2218 1305 2255 Or.
1332 2220 1357 2255 1.
1388 2220 1446 2263 19,
1471 2220 1526 2255 88.
1550 2239 1596 2248 ·-—
1628 2224 1686 2256 in-

298 2277 441 2323 tellegi]
458 2278 510 2311 sic
524 2276 590 2323 Lg.
606 2278 637 2312 8.
651 2277 705 2313 51.
721 2277 775 2312 58.
801 2277 895 2312 Ven.
913 2277 941 2313 l.
954 2295 1000 2304 ’-
1027 2277 1227 2320 maaeume]
1253 2277 1305 2310 sic
1322 2276 1438 2311 eidem
1455 2283 1489 2311 et
1504 2275 1627 2312 ottob.
1640 2296 1687 2303 ——

298 2334 607 2379 compressione]
649 2336 929 2380 compositione
970 2333 1036 2379 Lg.
1069 2334 1124 2367 58.
1185 2332 1526 2379 comprehensione
1567 2334 1688 2378 placet

296 2388 561 2435 Bernhardyo,
594 2396 777 2435 receptam
809 2390 1022 2435 scripturam
1056 2390 1230 2424 novitiam
1264 2395 1364 2431 Γαῖος
1401 2401 1502 2423 suam
1532 2390 1686 2434 explicat

298 2444 449 2479 ambitu
473 2457 605 2480 rerum
629 2451 667 2480 et
687 2447 894 2493 eompleoeu
916 2446 1153 2491 nmqnifico,
1181 2446 1278 2490 quod
1302 2456 1373 2479 non
1400 2445 1579 2491 intelligo:
1605 2456 1687 2479 nam

298 2501 685 2548 comprehensionem
709 2502 917 2538 verborum
940 2503 1116 2549 περίοδον
1150 2513 1229 2536 esse
1254 2502 1348 2543 scio,
1380 2513 1514 2536 rerum
1545 2502 1686 2547 ignoro.

297 2556 470 2593 Pressas
495 2559 712 2594 adiectivum
737 2565 868 2594 norunt
891 2570 1034 2600 omnes3
1070 2559 1135 2593 sed
1152 2560 1310 2605 pressio
1339 2558 1465 2592 eadem
1488 2558 1526 2591 vi
1554 2557 1686 2591 dictum

297 2625 372 2648 non
399 2620 451 2649 est
472 2627 587 2659 eaque
613 2617 658 2651 de
684 2628 793 2652 causa
817 2618 1056 2664 compressio
1081 2616 1266 2650 inventum
1291 2627 1313 2649 a
1336 2614 1530 2657 Cicemne,
1554 2618 1593 2647 ut
1618 2618 1685 2647 tra-

298 2670 374 2706 late
397 2671 628 2716 significarat

390 2726 486 2764 V111.
532 2728 586 2765 30.
636 2730 811 2776 quodam
845 2714 978 2774 modo]
1016 2728 1157 2765 divisim
1187 2727 1254 2773 Lg
1288 2727 1343 2766 35
1378 2727 1435 2764 53.
1467 2725 1522 2763 58.
1553 2723 1607 2760 70.
1640 2744 1684 2752 -
