1835 3126
383 140 579 183 BREVlS
606 139 1000 192 ELOQUENTIAE
1033 140 1167 185 ROM.
1196 142 1339 186 HlST.
1471 146 1555 191 59

169 267 242 308 que
269 254 469 295 destitutos
494 254 712 294 auditorum
735 254 946 307 plerosque
968 256 1066 296 illud
1092 257 1240 308 arguit,
1271 257 1374 310 quod
1395 258 1453 298 M.
1475 259 1554 299 An-

167 323 271 362 tonio
311 327 471 375 propter
502 323 733 362 inventionis
763 322 988 362 felicitatem
1020 329 1056 363 et
1086 325 1249 364 actionis
1278 326 1555 366 vehementiam

166 389 321 441 quidam
349 390 606 442 principatum
631 389 849 430 detulerunt
871 390 988 442 planc
1011 390 1191 441 neglecta
1212 393 1419 434 verborum
1441 395 1555 436 boni-

167 460 262 504 tate,
306 468 330 495 a
368 469 445 508 qua
485 462 667 508 quantum
708 457 743 497 is
782 457 924 497 afuerit
960 457 1057 497 illud
1095 458 1262 508 indicat,
1302 462 1404 512 quod
1443 465 1555 514 quasi

165 523 380 563 excusandi
409 535 530 563 causa
559 524 737 564 Ciceroni
767 525 907 565 (licitur
939 539 1013 563 non
1044 526 1244 563 admodum
1272 530 1463 578 inquinate
1493 530 1554 570 lo-

166 596 274 630 cutus
293 588 375 642 (⁰¹).
436 591 574 631 Talem
613 592 671 632 rei
710 592 759 631 ad
800 593 969 632 oratoris
1010 592 1163 631 laudem
1204 596 1450 635 necessariae
1487 596 1554 636 de-

165 657 304 696 fectum
336 663 444 697 aetas
474 659 670 710 posterior
700 660 781 711 pati
803 672 879 699 non
906 659 1050 711 potuit:
1081 671 1151 698 nec
1175 659 1214 698 id
1245 661 1284 699 in
1308 662 1427 701 ullum
1452 664 1555 704 cadit

166 736 316 771 eorum,
352 726 418 777 qui
449 726 648 765 Ciceronis
681 726 868 777 aequales
897 726 1065 764 fuerunt.

278 792 458 831 Ceterum
491 792 538 831 de
569 797 727 831 oratore
763 791 974 830 erudiendo
1012 796 1048 829 et
1078 792 1317 840 exercendo,
1356 795 1463 834 cuius
1496 798 1554 836 rei

163 859 235 897 hac
262 862 389 896 aetate
412 858 625 896 necessitas
655 869 732 897 non
753 857 1010 904 sentiebatur,
1042 869 1126 897 cum
1155 858 1206 897 ad
1232 859 1433 900 Ciceronis
1458 867 1552 902 tem-

162 935 263 976 pora
289 924 602 977 pervener-imm,
634 924 779 976 agendi
807 923 918 964 locus
951 924 1036 965 erit.

789 1034 823 1089 ς.
857 1037 922 1076 26.

721 1112 774 1148 M.
802 1111 989 1147 Antonius.

273 1194 456 1245 Origines
493 1195 620 1246 gentis
649 1195 842 1234 Antoniae
872 1194 968 1233 satis
1001 1194 1185 1246 antiquae
1215 1200 1320 1244 snnt;
1359 1197 1427 1237 sed
1458 1210 1551 1239 con-

159 1260 326 1300 sulatum
361 1273 563 1301 censuram
600 1267 637 1301 et
672 1262 903 1314 triumphum
934 1261 1080 1314 primus
1116 1262 1246 1302 intulit
1272 1265 1330 1304 M.
1360 1265 1551 1306 Antonius

161 1333 308 1367 orator.
368 1329 517 1369 Mansit
555 1342 673 1381 gens,
709 1334 750 1369 ut
777 1329 937 1369 Lutatia
972 1329 1172 1381 aliaeque,
1213 1330 1483 1372 libertinorum
1514 1339 1552 1373 et

161 1395 390 1445 ignobilium
418 1397 612 1436 hominum
642 1397 756 1448 quasi
788 1396 924 1436 rivulis
957 1395 1122 1436 deducta
1152 1396 1202 1436 ad
1225 1398 1397 1449 quintum
1428 1412 1552 1451 nsque

160 1467 249 1513 post
279 1462 472 1502 Christum
507 1468 638 1502 natum
668 1463 850 1502 seculum.
909 1462 1192 1503 Commemorat
1222 1465 1322 1503 enim
1349 1465 1474 1505 virum
1503 1478 1549 1506 eo

160 1529 315 1568 nomine
346 1529 421 1568 sibi
451 1531 646 1580 cognitum
675 1530 925 1582 Symmachus
948 1527 1032 1581 (⁶2).

271 1596 330 1636 M.
360 1597 548 1636 Antonius
585 1596 630 1636 C.
660 1596 704 1636 F.
737 1596 779 1636 C.
810 1596 858 1636 N.
893 1602 1005 1635 natus
1044 1601 1102 1636 est
1138 1596 1186 1647 Q.
1216 1597 1382 1638 Metello
1411 1599 1550 1639 Mace·

159 1661 298 1702 donico
343 1664 417 1715 Ap.
456 1663 620 1703 Claudio
660 1663 829 1703 Pulchro
880 1663 1103 1701 consulibus
1148 1675 1184 1701 a.
1221 1665 1327 1712 611;
1370 1666 1550 1714 triennio,

158 1731 268 1770 euius
299 1731 358 1770 rei
389 1731 525 1770 Cicero
557 1729 681 1776 testis,
712 1730 758 1769 L.
792 1729 935 1769 Crasso
966 1730 1092 1768 maior
1107 1726 1199 1780 (⁶3),
1237 1731 1302 1782 qui
1335 1731 1378 1771 C.
1409 1733 1548 1772 Laelio

158 1798 204 1846 Q.
228 1797 424 1848 Caepione
455 1795 678 1835 consulibus
710 1801 822 1834 natus
854 1802 923 1835 est.
981 1797 1139 1836 Mature
1170 1797 1343 1848 quidem,
1375 1799 1441 1851 qui
1467 1812 1549 1839 mos

158 1869 242 1903 erat
272 1863 594 1910 adolescentium,
626 1863 665 1901 in
695 1862 822 1902 forum
852 1864 1005 1903 venisse
1033 1863 1158 1903 videri
1186 1870 1314 1916 potest
1342 1866 1550 1906 secundum

156 1931 278 1984 ipsius
310 1930 414 1983 apud
437 1930 664 1970 Ciceronem
686 1931 826 1978 verba,
859 1942 960 1982 quae
984 1930 1026 1970 C.
1045 1931 1264 1971 Carbonem
1293 1945 1365 1984 pro
1388 1933 1434 1972 L.
1453 1934 1549 1985 Opi-

155 1999 231 2038 mio
263 1997 451 2037 dicentem
483 1997 532 2036 ab
555 2008 603 2036 eo
635 1996 806 2036 auditum
838 1997 1042 2037 ostendunt
1059 1995 1147 2049 (⁶⁴),
1180 2011 1280 2050 qnae
1311 2011 1432 2039 causa
1461 2006 1551 2040 acta

157 2071 215 2105 est
245 2077 281 2104 a.
314 2066 411 2103 634:
452 2070 492 2103 at
520 2070 597 2103 tam
627 2064 932 2113 adolescentem,
964 2077 1078 2111 quam
1109 2065 1314 2114 Crassum,
1350 2068 1390 2105 in
1421 2070 1549 2107 causis

156 2131 318 2183 agendis
352 2138 547 2171 versatum
585 2143 671 2170 esse
708 2131 816 2170 nullo
849 2131 1076 2170 documento
1111 2132 1290 2172 efficitur.
1347 2134 1420 2172 Hic
1450 2135 1550 2173 enim

157 2211 297 2238 annum
332 2199 497 2250 primum
537 2203 574 2236 et
608 2198 831 2236 vicesimum
869 2208 992 2247 agens
1030 2197 1248 2237 Carbonem
1284 2198 1394 2238 illum
1432 2212 1549 2240 acen-

156 2265 278 2305 sando
310 2265 469 2313 afflixit,
508 2276 557 2303 ex
586 2276 662 2315 quo
699 2264 800 2302 inter
828 2264 954 2315 ipsum
986 2269 1022 2303 et
1050 2265 1258 2304 Antonium
1296 2266 1547 2315 familiaritas

156 2332 348 2385 quaedam
392 2337 429 2370 et
467 2331 676 2369 aemulatIO
720 2331 987 2370 intercessisse
1029 2332 1204 2372 videtur:
1249 2332 1318 2373 sed
1356 2334 1547 2374 Antonius

155 2401 320 2453 primum
357 2404 542 2451 quaestor
581 2410 737 2437 causam
776 2410 884 2437 suam
924 2398 1020 2438 dixit
1057 2398 1104 2438 de
1140 2400 1290 2439 incestu
1327 2406 1546 2450 accusatus,

157 2479 296 2506 annum
340 2477 462 2516 agens
505 2464 589 2504 fere
632 2466 877 2506 tricesimum.
940 2465 1086 2506 Narrat
1123 2467 1306 2508 Valerius
1346 2468 1545 2510 Maximus

248 2617 307 2660 61)
335 2618 407 2653 Cic.
422 2618 524 2655 Brut.
549 2619 615 2662 37,
641 2619 716 2654 140.
810 2619 870 2662 62)
896 2620 1031 2665 Symm.
1055 2619 1148 2666 Epp.
1173 2620 1212 2655 ΙΙ.
1231 2622 1263 2656 4.
1386 2620 1444 2664 63)
1470 2620 1543 2656 Cle.

156 2674 273 2709 Bruto
294 2674 362 2719 113,
386 2674 462 2711 161.
581 2677 641 2720 64)
667 2677 741 2713 Cic.
767 2676 814 2712 de
840 2674 907 2713 Or.
933 2676 977 2713 ΙΙ.
1003 2676 1068 2720 25,
1097 2676 1171 2713 105.
