1835 3126
391 183 588 227 BREVIS
617 182 1014 236 ELOQUENTIAE
1046 184 1180 228 ROM.
1212 184 1355 229 IIIST.
1464 188 1569 233 141

179 302 314 338 contra
350 297 550 336 maledicta
584 298 743 338 Antonii
781 311 817 338 a.
856 301 957 347 722,
1003 304 1043 339 ut
1079 300 1232 342 videtur
1253 298 1337 352 (¹⁹).
1397 299 1495 341 Nam
1529 303 1569 339 in

176 367 358 405 Plancum
389 366 516 406 oratio
547 366 694 420 scripta
724 371 798 415 est,
830 378 908 406 non
935 367 1080 406 habita.

807 475 841 530 ς.
873 478 940 518 54.

733 551 786 588 M.
814 553 1003 588 Messalla.

286 636 370 676 Hoc
408 634 583 686 dignior,
625 646 736 686 quem
768 647 850 674 cum
882 647 1014 675 amore
1046 634 1212 687 quodam
1244 640 1279 674 et
1310 634 1564 675 admiratione

175 703 448 755 suspiciamus,
494 702 693 742 habendus
735 709 791 742 est
829 703 886 742 M.
923 703 1104 744 Valerius
1141 703 1337 742 Messalla
1375 703 1564 742 Corvinus

174 781 330 817 eorum,
357 771 421 821 qui
446 782 489 809 re
513 770 672 821 publica
687 770 814 808 libera
831 770 1048 808 clarescere
1065 774 1287 820 coeperunt,
1310 769 1465 808 ultimus
1482 767 1564 819 (²⁰).

284 837 344 875 De
382 841 497 885 gente
526 836 686 875 Valeria
717 836 876 886 eiusque
905 833 1065 873 familiis
1095 835 1305 884 antiquitus
1335 835 1390 872 ita
1418 834 1564 883 divisis,

170 906 212 941 ut
250 913 298 940 ne
337 901 581 952 cognationis
622 900 775 952 quidem
810 901 911 939 inter
939 900 1134 940 Laevinos
1172 905 1209 938 et
1238 899 1452 939 Messallas
1484 912 1563 940 me-

171 969 297 1008 moria
333 972 505 1006 maneret
529 964 617 1018 (⁶²¹),
663 967 793 1006 dicere
827 978 904 1006 non
943 971 1001 1005 est
1041 979 1150 1019 opus.
1218 966 1312 1014 Hic,
1353 967 1459 1005 cuius
1498 979 1563 1006 res

168 1040 401 1082 tractamus,
438 1039 587 1086 patrem
624 1034 760 1073 habuit
786 1033 843 1073 M.
875 1033 1075 1075 Valerium
1105 1033 1336 1074 Messallam
1365 1033 1563 1073 consulem

169 1113 252 1140 cum
284 1101 352 1142 Gn.
383 1101 552 1141 Domitio
578 1101 740 1141 Calvino
769 1113 805 1140 a.
834 1103 937 1149 701,
970 1107 1130 1140 matrem
1151 1101 1399 1141 Hortensiam
1429 1106 1564 1140 orato-

165 1168 220 1207 ris
253 1168 373 1207 filiam
399 1166 480 1220 (²¹²).
527 1169 606 1209 Sed
637 1169 684 1208 de
713 1168 837 1207 natali
865 1180 965 1208 anno
993 1181 1071 1208 non
1101 1169 1195 1208 satis
1223 1167 1337 1207 vIdeo
1369 1173 1560 1207 constare.

167 1234 354 1286 Plerique
382 1236 481 1275 enim
510 1236 671 1276 Eusebii
701 1235 884 1275 Chronici
914 1236 1117 1287 scriptoris
1147 1235 1320 1274 rationes
1350 1240 1563 1286 sequuntur

167 1302 213 1351 Q.
247 1302 420 1343 Caecilio
449 1303 616 1343 Metello
649 1303 787 1343 Celere
828 1308 864 1342 et
891 1303 938 1343 L.
967 1303 1133 1343 Afranio
1171 1301 1392 1341 consulibus
1431 1307 1561 1341 natum

167 1370 440 1418 existimantis3
470 1370 509 1409 id
539 1375 597 1410 est
627 1382 726 1410 anno
756 1371 864 1410 urhis
893 1372 989 1410 694.
1047 1369 1191 1410 Verum
1220 1369 1293 1408 hoc
1318 1369 1421 1408 falso
1453 1368 1560 1408 credi

168 1435 309 1475 dudum
355 1437 483 1476 docuit
524 1438 586 1477 vir
629 1450 794 1476 summus
839 1438 1028 1489 Iosephus
1073 1436 1256 1485 Scaliger
1282 1432 1362 1486 (23).
1436 1435 1558 1475 Huius

167 1509 482 1553 argumentorum
524 1505 621 1543 haec
664 1509 750 1543 sunt
798 1505 939 1556 capita.
1005 1503 1217 1550 Eusebius,
1261 1502 1301 1541 in
1343 1503 1417 1542 hoc
1457 1503 1558 1542 alios

167 1575 347 1609 auctores
388 1576 564 1619 secutus,
603 1570 818 1610 decessisse
849 1570 1082 1611 Messallam
1112 1568 1280 1608 affirmat
1310 1570 1560 1622 septuaginta

167 1635 263 1676 duos
304 1649 425 1676 annos
464 1644 615 1685 natum3
659 1644 764 1678 recte
800 1649 907 1677 sane.
974 1636 1053 1677 Sed
1092 1647 1176 1674 cum
1214 1635 1392 1687 pluribus
1429 1636 1560 1676 Ovidii

164 1703 263 1742 locis
289 1701 359 1755 (2⁴)
400 1705 477 1743 iam
516 1706 744 1744 exstinctum
777 1705 920 1751 fuisse,
960 1715 1045 1742 cum
1072 1703 1142 1741 ille
1167 1703 1279 1742 exsul
1304 1707 1408 1749 erat,
1446 1703 1558 1742 Mes-

165 1770 306 1810 sallam
337 1771 528 1810 efficiatur
559 1776 595 1810 et
624 1772 793 1823 scriptor
822 1771 974 1821 dialogi
1001 1769 1048 1808 de
1080 1769 1302 1809 oratoribus
1340 1770 1440 1808 hunc
1471 1769 1557 1821 qui-

164 1837 249 1877 dem
284 1837 333 1877 ad
363 1838 528 1877 medium
556 1849 680 1890 usque
707 1838 875 1889 Augusti
902 1837 1162 1890 principatum
1191 1836 1354 1875 durasse
1382 1841 1558 1885 testetur,

161 1905 337 1944 Asinium
382 1910 509 1944 autem
544 1906 763 1945 Pollionem
808 1905 858 1944 ad
903 1910 1113 1944 extremum
1139 1900 1231 1955 (²5),
1271 1904 1463 1943 Eusebius
1509 1902 1557 1943 (le

162 1977 248 2011 ortu
279 1972 385 2012 illius
416 1973 574 2013 erravit.
631 1973 795 2013 Biennio
827 1973 927 2011 enim
966 1977 1054 2012 ante
1082 1973 1297 2022 Augustum
1328 1971 1555 2010 exstinctum

159 2039 379 2079 Messallae
421 2052 526 2081 mors
571 2040 753 2094 ponenda
798 2044 919 2090 esset,
963 2044 1005 2079 ut
1047 2052 1072 2079 a
1105 2038 1272 2080 Metello
1316 2042 1353 2078 et
1387 2037 1554 2078 Afranio

254 2215 311 2258 19)
346 2215 445 2249 Dial.
473 2215 520 2248 de
544 2219 650 2249 oratt.
676 2214 732 2249 38.
775 2214 897 2251 Quint.
923 2213 984 2249 IV.
1009 2213 1046 2256 l,
1074 2213 1125 2248 ll.
1165 2212 1245 2247 Vll.
1271 2211 1315 2254 2,
1339 2212 1372 2246 4.
1420 2211 1554 2246 Partes

160 2276 325 2305 servatas
362 2270 536 2304 habemus
573 2270 670 2315 apud
706 2269 853 2307 Quintil.
886 2269 966 2304 Vll.
1000 2269 1041 2312 2,
1075 2269 1129 2303 26.
1174 2268 1311 2304 Charis.
1349 2279 1383 2312 p.
1412 2268 1467 2302 44.
1496 2268 1552 2303 59.

160 2328 221 2371 20)
258 2326 331 2360 Res
362 2325 562 2361 Messallae
596 2331 795 2361 tractarunt
826 2326 1021 2371 Levesque
1053 2325 1097 2360 de
1127 2324 1294 2370 Burigny
1326 2323 1416 2358 Hist.
1451 2323 1552 2358 acad.

160 2384 339 2428 Francog.
358 2382 486 2417 Inscrr.
514 2388 549 2417 et
569 2382 637 2417 Lit.
656 2383 759 2429 Eleg.
787 2388 809 2416 t.
828 2382 998 2418 XXXIV.
1033 2382 1138 2417 Voss.
1165 2381 1210 2416 de
1233 2381 1313 2416 hist.
1335 2379 1416 2415 Lat.
1442 2392 1476 2426 p.
1493 2379 1550 2414 Sl.

159 2439 366 2474 Broukhus.
393 2439 439 2473 ad
464 2439 541 2474 Tib.
560 2439 664 2486 Eleg.
689 2439 714 2474 1.
740 2439 771 2474 3.
820 2439 868 2473 10.
890 2439 1001 2473 Heur.
1023 2438 1175 2473 Vossius
1201 2437 1247 2472 ad
1271 2436 1371 2482 Virg.
1396 2437 1461 2472 ecl.
1486 2436 1548 2471 Vl.

162 2501 198 2529 et
221 2496 363 2531 Ludov.
389 2496 517 2530 XViese
545 2497 581 2530 in
606 2497 729 2531 libello
758 2508 788 2530 a.
815 2495 902 2530 1829
925 2495 1091 2530 Berolini
1117 2495 1231 2536 edito,
1260 2504 1365 2538 quem
1390 2493 1550 2527 nancisci

159 2564 232 2587 non
259 2553 372 2598 potui.
417 2552 499 2588 Van
522 2553 607 2588 Hall
634 2553 819 2596 Batavus,
854 2553 910 2587 vir
942 2552 1090 2595 doctus,
1122 2551 1272 2586 liberius
1300 2548 1406 2584 finxit
1432 2550 1548 2596 plura,

160 2620 267 2653 quam
302 2611 479 2654 exposuit.
595 2610 652 2654 21)
686 2610 781 2646 Plin.
808 2609 853 2644 H.
878 2608 926 2644 N.
959 2608 985 2644 l.
1017 2609 1131 2655 praef.
1165 2612 1257 2643 extr.
1372 2606 1432 2650 22)
1468 2606 1548 2640 Hoc

158 2664 315 2700 efficitur
332 2677 378 2700 ex
396 2666 479 2702 loco
495 2667 636 2702 Valerii
651 2666 807 2703 Maximi
823 2666 867 2702 V.
885 2665 925 2709 9,
941 2666 974 2700 2.
1093 2664 1153 2708 23)
1178 2664 1225 2699 ad
1241 2676 1274 2700 a.
1291 2663 1391 2700 2027.
1415 2674 1450 2709 p.
1469 2662 1545 2699 165.

155 2721 215 2766 24)
246 2722 298 2758 Ut
321 2722 428 2759 Pont.
451 2722 478 2761 Ι.
506 2724 546 2769 7,
569 2724 624 2760 27.
743 2723 803 2769 25)
836 2723 934 2761 Dial.
962 2722 1007 2759 de
1033 2727 1139 2759 oratt.
1167 2721 1220 2757 17.
