1835 3126
349 199 430 241 ΑΙ)
463 199 574 242 (210.
606 199 870 244 BRUTUM
912 203 1029 246 GAP.
1062 203 1128 246 4⁶3.
1160 204 1227 247 49.
1258 205 1325 247 50.
1416 207 1535 252 391

255 314 346 352 180.
410 313 452 358 Q.
484 315 706 364 Sertorium]
739 315 771 354 is
803 320 910 365 ante,
949 329 1063 368 quam
1091 317 1141 357 ad
1163 318 1370 359 Marianas
1400 325 1534 372 partes

139 379 276 419 Sullae
319 383 483 431 propter
519 385 692 431 ereptum
735 394 771 420 a.
815 384 899 423 666
936 384 1171 424 tribunatum
1207 385 1331 425 iratus
1367 387 1534 436 transiit,

137 445 371 485 dictionibus
394 446 617 486 forensibus
642 459 801 500 operam
825 448 946 490 dedit:
968 463 1004 491 v.
1029 451 1129 491 Plut.
1155 451 1304 491 Sertor.
1328 455 1366 492 2.
1407 454 1530 493 Prae-

135 513 258 552 torius
283 524 307 552 a
331 512 445 552 Sulla
467 514 709 567 proscriptus
733 515 772 554 in
795 515 987 568 Hispania
1013 518 1179 557 maximo
1204 517 1310 557 hello
1336 520 1529 560 concitato

135 579 397 619 Romanorum
428 582 621 620 exercitus
647 582 856 622 frustratus
887 588 944 623 est
967 584 1016 622 ab
1041 596 1077 623 a.
1103 585 1186 624 676
1210 583 1260 624 ad
1286 596 1409 636 usque
1431 587 1527 635 682,

133 657 210 698 quo
227 658 298 698 per
317 646 447 686 dolum
463 659 487 686 a
502 648 703 700 proditore
718 650 886 702 partium
903 655 960 690 est
976 651 1214 691 interfectus.
1235 673 1289 678 —
1313 654 1357 689 P.
1374 654 1528 690 Sextius

131 712 300 753 tortasse
322 719 437 765 pater
452 715 533 753 eius
551 721 619 764 est,
646 728 758 768 quem
776 716 914 757 Cicero
932 717 1120 765 desendi13
1145 717 1214 757 sed
1228 729 1291 758 res
1307 719 1525 769 ignoratur.

241 780 385 820 XLIX.
447 781 540 821 182.
600 784 855 834 claritatorem]
884 797 921 826 v.
951 785 1162 839 Explicatt.
1192 785 1232 825 in
1263 785 1343 827 Cic.
1375 783 1425 825 tle
1455 786 1523 826 Or.

128 846 176 885 11.
206 848 279 894 20,
310 847 378 886 86.

245 912 283 950 G.
317 914 442 963 Cotta}
478 912 530 954 'de
558 915 633 955 hoc
663 916 895 968 explicatum
924 918 964 956 in
992 918 1174 969 prolegg.
1207 917 1242 969 ξ.
1274 920 1362 966 30.,
1401 918 1450 957 de
1477 920 1522 957 P.

127 979 295 1028 Sulpicio
325 979 360 1032 ξ.
387 982 476 1029 29„
507 981 555 1021 de
587 983 626 1020 G.
655 983 813 1019 Curione
844 982 879 1034 ξ.
907 984 972 1021 32.
1032 984 1116 1022 Hac
1147 984 1354 1022 occasione
1383 994 1522 1023 moneo

124 1045 340 1096 Augustum
374 1047 568 1087 Matthiae
606 1049 647 1086 in
681 1047 756 1086 hoc
796 1047 966 1087 Curione
1003 1048 1181 1098 graviter
1217 1059 1395 1097 errasse,
1435 1060 1522 1088 cum

126 1112 208 1151 eius
237 1116 387 1163 patrem
417 1112 599 1152 Ciceroni
627 1125 665 1165 p.
697 1113 813 1152 Rosc.
843 1114 928 1154 Am.
960 1112 994 1166 ᾗ.
1026 1116 1093 1155 90.
1129 1127 1202 1166 pro
1232 1115 1368 1166 ignoto
1401 1116 1521 1154 Ciu-tit

123 1178 255 1217 nescio
294 1178 402 1217 cuius
431 1179 584 1218 nomine
615 1179 823 1219 obtrudere
858 1186 1088 1229 conaretur;
1126 1181 1245 1221 Curio
1277 1182 1376 1220 enim
1406 1186 1520 1233 pater

123 1256 208 1284 cum
238 1257 274 1283 a.
303 1246 385 1284 632
423 1251 585 1297 praetor
612 1246 751 1295 fuerit,
788 1247 856 1287 vix
893 1246 941 1286 ad
973 1247 1140 1287 Sullana
1169 1252 1346 1300 tempora
1372 1248 1518 1296 vivere,

122 1311 261 1351 nedum
291 1323 430 1351 causas
461 1324 581 1363 agere
611 1314 748 1365 potuit.
794 1314 924 1354 Potuit
954 1319 1081 1353 autem
1106 1314 1226 1355 Curio
1252 1314 1354 1353 filius
1380 1314 1517 1354 consul

122 1391 157 1419 a.
186 1381 292 1426 678,
331 1379 397 1430 qui
434 1391 519 1418 cum
555 1380 786 1431 aequalibus
819 1380 992 1422 Caesare
1024 1381 1139 1422 Cotta
1170 1381 1347 1433 Sulpicio
1385 1381 1448 1421 hic
1478 1386 1516 1421 et

120 1445 210 1484 aliis
247 1444 345 1484 locis
387 1450 476 1497 apte
518 1446 777 1497 coniungitur.
849 1448 1044 1488 Matthiae
1082 1453 1208 1487 autem
1250 1459 1423 1488 errorem
1465 1459 1514 1487 ne

118 1511 380 1551 Buechnerius
413 1511 566 1564 quidem
580 1514 815 1564 castigavit.

234 1579 326 1618 184.
384 1582 418 1616 si,
446 1600 502 1606 ———
530 1579 756 1629 probaturus
782 1581 831 1630 es]
863 1584 897 1618 si
926 1593 1003 1621 11011
1033 1586 1090 1620 05ῐ
1118 1580 1388 1631 interrogandi
1418 1593 1511 1633 par-

117 1646 259 1694 ticula,
298 1645 402 1698 quod
438 1645 564 1687 videri
600 1648 736 1699 possit.
794 1648 943 1687 Atticus
982 1648 1055 1686 hoc
1086 1645 1196 1685 dicit:
1237 1659 1288 1685 an
1324 1652 1366 1686 tu
1395 1647 1435 1686 id
1471 1647 1511 1687 id

117 1725 232 1753 curas
271 1713 372 1752 alios
411 1718 448 1752 te
487 1714 678 1765 probare,
718 1727 749 1753 s.
780 1714 971 1753 sollicitus
1010 1724 1050 1751 es
1090 1712 1137 1751 de
1168 1725 1302 1752 eorum
1332 1725 1510 1762 assensu,

116 1781 150 1819 si
188 1779 302 1820 modo
337 1780 458 1819 Bruto
499 1780 771 1819 satisfacturus
810 1780 881 1820 es?
938 1779 1059 1818 Recte
1099 1779 1287 1830 explicuit
1321 1780 1508 1831 Meyerus

114 1847 216 1886 idem
256 1850 469 1885 antestatus
505 1845 750 1897 Madvigium
785 1845 970 1885 Emendd.
1001 1845 1030 1884 I.
1069 1856 1108 1896 p.
1137 1845 1206 1884 54.
1232 1878 1235 1881 .
1264 1847 1328 1884 An
1364 1846 1404 1884 in
1433 1846 1508 1885 hoc

115 1913 354 1965 quaestionis
385 1923 530 1963 genere
558 1912 784 1963 prudentius
815 1923 931 1962 quam
960 1909 1135 1950 Handius
1165 1910 1337 1950 Tursell.
1371 1911 1449 1953 vol.
1476 1912 1506 1953 I.

113 1992 151 2032 p.
178 1980 272 2019 335.
305 1977 744 2031 explicuit-Madvigius
774 1978 815 2016 in
845 1977 928 2018 Cic.
955 1975 1040 2016 Fin.
1071 1989 1110 2029 p.
1137 1978 1205 2017 61.

228 2045 319 2085 185.
379 2047 454 2082 tria
483 2051 571 2082 sunt
599 2045 709 2093 enim]
742 2043 790 2083 de
818 2044 942 2083 tribus
972 2044 1143 2082 oratoris
1173 2044 1394 2083 muneribus
1423 2044 1505 2083 suf-

111 2113 189 2153 ficit
225 2112 476 2151 auctoritates
514 2112 713 2150 ascribere
743 2111 944 2151 Ciceronis
981 2108 1028 2148 de
1059 2110 1126 2149 Or.
1157 2109 1206 2149 II.
1235 2112 1302 2158 77,
1332 2112 1427 2151 310.
1468 2116 1505 2151 et

110 2179 339 2230 Quintiliani
365 2177 431 2217 ΙΙΙ.
461 2177 505 2224 5,
535 2180 573 2216 2.

220 2245 266 2284 L.
329 2244 421 2283 186.
481 2256 632 2281 nemone
646 2243 873 2293 Philippum]
897 2243 1054 2283 Ernesti
1074 2243 1334 2283 coniecturam
1351 2256 1503 2281 nemone

109 2319 150 2349 ut
182 2324 206 2350 a
227 2310 378 2350 nemine
406 2310 611 2362 probatam
634 2311 853 2363 accepimus
882 2315 1042 2362 praeter
1062 2310 1320 2350 Kirchnerum
1343 2310 1383 2349 in
1404 2309 1499 2349 Hor.

108 2379 235 2419 Serm.
257 2378 286 2417 Ι.
313 2379 355 2425 1,
382 2378 496 2425 108,
527 2378 594 2429 qui
624 2378 709 2430 ipse
738 2377 847 2417 locus
869 2377 1036 2417 Ernesto
1066 2376 1207 2417 fundus
1234 2377 1308 2417 fuit
1337 2376 1388 2416 ad
1412 2387 1500 2417 cor-

108 2443 325 2496 rigendum.
368 2443 458 2484 Iure
483 2444 712 2485 adversatur
733 2444 974 2496 Bernhardy.
1019 2447 1223 2491 „Nemone
1242 2450 1283 2482 ut
1313 2443 1500 2496 stupentis

107 2511 173 2552 vel
200 2511 438 2561 indignantis
467 2517 542 2560 est,
582 2512 649 2564 qni
685 2524 767 2552 rem
796 2523 1021 2564 perversam
1053 2511 1239 2551 detrectet
1270 2510 1335 2551 vel
1362 2520 1499 2561 repre-

108 2578 262 2619 hendat.
304 2578 402 2619 Vide
431 2578 494 2628 vel
516 2579 694 2631 exempla
715 2579 1014 2619 Drakenborchi
1035 2579 1075 2618 in
1097 2579 1250 2619 Livium
1269 2576 1332 2618 IV.
1358 2579 1404 2623 2,
1431 2577 1499 2615 12.

109 2646 226 2697 Atqui
256 2645 395 2685 Cicero
431 2650 576 2685 tantum
606 2645 723 2695 afuit,
762 2651 803 2686 ut
830 2645 1098 2696 indignitatem
1132 2643 1267 2683 iudicii
1294 2641 1499 2694 popularis

110 2718 362 2764 gravaretur,
405 2718 444 2752 ut
480 2713 608 2766 potius
637 2713 857 2766 Philippum
896 2712 1031 2753 merito
1064 2710 1325 2763 posthabitum
1351 2707 1497 2749 Crasso
