1835 3126
610 185 864 230 BRUTUS
904 185 1023 230 CAP.
1054 188 1121 231 38.
1442 188 1562 234 219

172 301 296 345 bebat
325 301 435 343 enim
456 298 595 342 flebile
625 299 819 355 quiddam
848 300 891 341 in
912 298 1197 355 questionibus
1223 305 1440 356 aptumque
1471 312 1563 342 cum

173 380 227 423 ad
248 379 368 422 fidem
394 378 630 421 faciendam
659 384 742 420 tum
774 378 827 420 ad
850 378 1181 420 misericordiam
1204 377 1562 421 commovendam:

173 466 213 502 ut
244 472 387 501 verum
415 457 624 501 videretur
662 458 704 499 in
736 456 815 500 hoc
845 456 968 504 illud,
1010 456 1119 512 quod
1154 455 1469 499 Demosthenem
1500 456 1565 498 fe-

170 544 262 579 runt
302 538 362 587 ei,
400 538 468 592 qui
499 537 776 592 quaesivisset
814 535 911 591 quid
947 536 1120 591 primum
1151 542 1263 577 esset
1300 536 1343 576 in
1373 533 1564 585 dicendo,

173 617 400 666 actionem3
432 615 527 671 quid
560 615 802 663 secundum,
838 614 966 663 idem3
995 621 1033 655 et
1063 613 1171 655 idem
1200 615 1361 656 tertium
1390 626 1565 668 respon-

173 694 299 736 disse.
358 694 476 736 nulla
511 707 579 736 res
620 696 755 748 magis
783 699 969 749 penetrat
1001 693 1044 733 in
1075 693 1234 734 animos
1265 705 1419 748 cosque
1449 691 1566 747 fingit

172 772 321 815 format
361 772 486 815 flectit
523 773 702 828 talisque
742 778 930 813 oratores
967 770 1100 812 videri
1140 770 1258 820 facit,
1302 770 1448 825 quales
1484 771 1566 826 ipsi

174 864 219 892 se
255 850 389 893 videri
427 850 581 893 volunt.
651 848 744 891 143.
789 847 895 890 Huic
935 847 1009 889 alii
1047 860 1189 902 parem
1226 860 1321 889 esse
1360 847 1566 898 dicebant,

174 927 248 970 alii
278 928 579 984 anteponebant
608 926 657 968 L.
686 924 896 967 Crassum.
955 925 1059 967 illud
1089 924 1251 980 quidem
1284 932 1394 967 certe
1423 938 1567 968 omnes

173 1007 232 1048 ita
268 1005 508 1048 iudicabant
536 1006 740 1047 neminem
773 1017 886 1054 esse,
930 1005 999 1059 qui
1028 1003 1173 1046 horum
1209 1003 1340 1046 altero
1371 1010 1461 1047 utro
1490 1017 1566 1061 pa-

171 1091 289 1126 trono
318 1085 561 1139 cuiusquam
591 1084 801 1138 ingenium
824 1084 1065 1138 requireret.
1109 1080 1310 1137 Equidem
1333 1096 1568 1139 quanquam

173 1162 355 1205 Antonio
385 1169 539 1205 tantum
561 1162 717 1212 tribuo,
750 1168 942 1217 quantum
967 1173 1092 1217 supra
1111 1161 1218 1211 dixi,
1247 1168 1387 1204 tamen
1410 1161 1569 1206 Crasso

173 1240 276 1282 nihil
309 1248 442 1284 statuo
473 1240 563 1283 fieri
590 1242 775 1297 potuisse
805 1240 1041 1296 perfectius.
1100 1237 1202 1282 Erat
1238 1253 1397 1282 summa
1426 1243 1570 1296 gravi-

174 1325 258 1369 tas,
299 1327 388 1362 erat
424 1333 516 1362 cum
549 1321 755 1374 gravitate
786 1320 948 1361 iunctus
978 1318 1223 1360 facetiarum
1253 1326 1292 1361 et
1320 1319 1570 1362 urbanitatis

178 1399 406 1448 oratorius,
441 1411 523 1439 non
562 1397 749 1439 scurrilis
786 1397 926 1453 lepos,
962 1395 1112 1439 Latine
1143 1397 1341 1453 loquendi
1373 1405 1572 1441 accurata

178 1482 218 1517 et
255 1476 344 1517 sine
384 1475 577 1517 molestia
617 1474 796 1530 diligens
838 1475 1066 1529 elegantia,
1107 1476 1150 1517 in
1189 1475 1433 1519 disserendo
1464 1479 1572 1519 mira

179 1553 421 1610 explicati03
464 1567 553 1596 cum
594 1553 643 1596 de
681 1556 769 1596 iure
810 1553 942 1604 civili,
988 1567 1079 1596 cum
1119 1554 1169 1596 de
1210 1567 1344 1610 aequo
1383 1561 1424 1598 et
1458 1554 1571 1599 bono

180 1632 473 1689 disputaretur,
506 1639 838 1687 argumentorum
869 1638 907 1675 et
938 1631 1249 1675 similitudinum
1280 1634 1414 1690 copia.

267 1764 324 1791 1²3.
360 1764 456 1792 altero
476 1765 559 1799 utro]
583 1765 736 1792 alterutro.

178 1877 390 1912 suavissima
422 1876 576 1911 videtur.
627 1877 703 1911 Sed
737 1883 837 1912 recte
860 1877 953 1912 vidit
983 1883 1068 1923 post
1097 1878 1179 1911 illa:
1211 1881 1345 1924 qestus
1378 1889 1468 1914 cum
1492 1891 1574 1915 sen-

180 1936 312 1968 tentiis
331 1944 544 1979 conqruens
568 1933 676 1978 plane
694 1933 849 1979 ineptire
867 1935 1076 1980 sequentia:
1101 1946 1190 1969 cum
1209 1934 1336 1969 verbis
1358 1940 1575 1972 sententiis-

179 2002 251 2035 que
266 1993 519 2025 consenciens.
545 1989 698 2024 Uncinis
713 1991 918 2034 posteriora
933 1991 1060 2025 inclusi
1074 1990 1353 2037 Bernhardyum
1365 1999 1576 2029 secutus.—

179 2046 441 2090 convertebat]
480 2045 776 2081 convertebatur
800 2046 965 2089 Manut.;
1001 2046 1172 2082 vertebat
1196 2047 1346 2090 Lamb.,
1383 2049 1479 2093 quod
1508 2051 1577 2084 usi-

178 2104 304 2146 tatius,
328 2103 394 2137 sed
416 2103 530 2136 minus
554 2103 695 2137 lectum.

274 2159 351 2194 14²2.
400 2158 679 2204 questionibus]
703 2158 1041 2203 conquestionibus
1061 2159 1198 2193 mavult
1216 2157 1331 2193 Orell.
1364 2159 1578 2195 Lambinum

181 2221 344 2256 secutus,
383 2214 481 2259 quod
516 2214 603 2247 illud
636 2214 850 2248 vocabulum
882 2226 1059 2260 nusquam
1094 2220 1221 2249 exstet.
1270 2215 1330 2249 De
1357 2216 1448 2250 raris
1481 2218 1579 2262 apud

184 2272 396 2307 Ciceronem
424 2270 610 2304 vocabulis
645 2281 678 2304 v.
706 2270 848 2315 Explic.
880 2272 916 2305 in
943 2271 988 2305 de
1014 2269 1079 2306 Or.
1107 2270 1151 2305 Π.
1178 2271 1240 2313 22,
1266 2271 1320 2305 94.
1343 2290 1390 2298 ·—-
1425 2285 1579 2308 cum—-

184 2328 281 2370 tum]
309 2332 394 2361 tum
412 2345 459 2352 -—-
477 2331 560 2361 tum
584 2326 650 2371 Lg.
675 2326 730 2360 20.
755 2346 802 2353 —-
842 2332 942 2362 esset
968 2330 1009 2361 in
1034 2327 1215 2371 dicendo]
1253 2328 1327 2364 inv.
1360 2328 1426 2374 Lg.
1453 2330 1507 2365 51.
1533 2350 1580 2357 ›—

182 2384 310 2429 finqit]
333 2386 461 2428 tanyit
479 2384 637 2428 suspicio
652 2383 838 2429 Purgoldi.
856 2403 902 2408 -—
928 2383 1111 2429 talisque]
1131 2384 1182 2418 sic
1196 2383 1261 2430 Lg.
1279 2396 1418 2428 omnes,
1436 2385 1529 2431 Ven.
1550 2388 1578 2422 1.

186 2439 262 2475 Ott.
287 2441 342 2474 ed.
371 2451 424 2484 pr.
448 2459 494 2463 —-

280 2496 356 2530 143,
406 2496 564 2541 quidem
588 2496 704 2539 certe]
740 2499 843 2529 certe
876 2507 944 2531 om.
971 2495 1027 2530 ed.
1053 2507 1107 2541 pr.
1155 2497 1265 2531 Refer
1296 2497 1343 2531 ad
1367 2509 1508 2532 omnm.
1533 2516 1580 2525 ·—-

189 2553 311 2587 altero
337 2554 443 2596 utro]
472 2553 523 2586 sic
547 2551 773 2586 scribendum
797 2551 860 2586 fuit
886 2564 965 2585 cuin
988 2551 1055 2597 Lg.
1077 2553 1109 2587 8.
1132 2554 1187 2587 35.
1214 2553 1269 2588 39.
1296 2553 1349 2587 51.
1371 2554 1426 2588 53.
1449 2555 1503 2589 56.
1524 2555 1581 2591 58.

188 2609 242 2643 tis.
268 2609 323 2643 70.
366 2609 456 2642 Ven.
484 2610 514 2644 l.
543 2610 655 2654 (supr.
687 2620 756 2643 scr.
782 2614 902 2650 eretv,
938 2609 959 2642 ἰ.
984 2620 1016 2644 e.
1051 2614 1248 2651 uteretur,
1280 2610 1384 2644 scioli
1418 2612 1580 2654 manus);

191 2666 314 2700 altero
337 2677 429 2700 vero
456 2665 523 2702 Gn.
551 2666 581 2701 l.
609 2686 649 2691 —
688 2668 794 2700 mira
819 2666 1050 2712 explicatio]
1079 2667 1153 2702 inv.
1177 2666 1265 2702 Par.
1290 2666 1339 2702 D.
1364 2686 1410 2694 -
1446 2668 1580 2716 copia]

191 2721 420 2769 suppetebat
443 2725 558 2769 copia
581 2721 648 2768 Lg.
676 2722 731 2756 53.
755 2722 811 2757 68.
837 2723 891 2759 70.
