1835 3126
302 228 436 279 380
622 241 628 246 ·
726 225 1260 270 EXPLICATIONES

303 342 465 383 callidus
496 338 709 378 animorum
737 339 1029 378 tractandorum
1059 343 1194 377 orator
1235 351 1368 379 sensus
1409 340 1449 379 in
1482 337 1695 391 quamlibet

300 413 450 461 partem
479 405 602 452 ducit3
633 404 773 445 Graeci
801 399 1013 444 πλάττειν
1043 400 1090 443 τὸ
1127 403 1276 454 σῶμα,
1308 403 1386 459 τὴν
1415 400 1585 459 φωνήν,
1616 401 1696 451 τὰς

301 470 466 529 ψυχάς,
509 477 669 511 auctore
707 471 949 523 potissimum
978 468 1161 510 Platone:
1205 470 1293 509 vide
1321 472 1385 511 vel
1412 471 1693 510 nobilissimum

302 541 443 580 dictum
464 540 584 588 Gorg.
614 551 653 590 p.
671 537 828 577 483.Ε.
886 537 945 576 De
974 548 1137 588 quorum
1158 548 1228 575 usu
1260 536 1550 587 explicaverunt
1574 537 1692 576 Hein-

302 607 468 653 dorfius,
498 605 651 652 Astius,
682 604 999 655 Wyttenbachius
1030 604 1070 642 in
1094 603 1195 643 Plut.
1225 607 1252 641 t.
1269 602 1332 643 VI.
1359 615 1397 654 p.
1422 603 1488 641 83.
1515 608 1552 641 et
1571 603 1695 643 598.“

417 674 509 712 143.
570 685 651 708 cum
673 674 860 720 fyr-avitam
883 692 938 696 Q
961 670 1076 719 lepos]
1108 669 1242 708 eadem
1268 669 1429 708 redeunt
1454 680 1485 707 c.
1511 670 1577 715 43,
1605 669 1695 708 158.

302 739 495 792 Exempla
521 738 753 777 facetiarum
784 748 832 776 ex
858 736 993 777 Crassi
1024 737 1242 776 actionibus
1270 735 1455 776 delibavit
1481 734 1618 775 Cicero
1651 734 1697 772 de

304 802 374 847 Or.
404 806 453 846 11.
484 805 679 846 54—56.

414 876 494 911 sine
524 870 711 920 molestia]
744 883 780 910 v.
815 870 865 910 ad
895 882 926 909 c.
959 872 1013 910 30
1044 874 1141 909 extr.

415 943 514 977 mira
537 938 754 988 explicatio]
780 939 895 990 copia
921 943 957 976 et
978 937 1237 989 perspicuitas
1260 935 1391 974 iuncta
1416 933 1699 985 significantur:

303 1019 373 1046 nos
408 1007 509 1044 Gaba
544 1006 607 1042 der
636 1005 877 1053 Darstellemy
909 1004 1082 1043 dicimus.
1142 1002 1278 1043 Simile
1317 1006 1398 1050 est,
1440 1000 1544 1053 quod
1575 1014 1698 1038 sermo

303 1074 486 1113 tribuitur
531 1072 700 1119 oratori,
739 1071 847 1109 cuius
889 1071 1017 1109 oratio
1056 1082 1158 1122 pura
1195 1075 1231 1108 et
1269 1068 1434 1120 simplex
1463 1068 1576 1120 quasi
1615 1067 1698 1106 col-

303 1140 475 1191 loquium
510 1138 707 1176 familiare
738 1137 873 1176 resert:
906 1150 942 1177 v.
973 1149 1005 1176 c.
1039 1138 1113 1185 68,
1145 1137 1240 1176 239.

414 1203 714 1250 similitudinum]
741 1197 977 1253 ἀναλογίας
1001 1203 1230 1251 (ven-wambe
1256 1200 1377 1250 Faue)
1401 1205 1506 1240 recte
1528 1200 1699 1252 explicat

304 1273 490 1324 Meyerus
516 1281 578 1309 res
601 1268 841 1320 potissimum
864 1267 1055 1306 iudicatas
1079 1267 1302 1316 significare
1328 1267 1570 1313 existimans,
1598 1278 1697 1318 quae

307 1352 392 1379 cum
426 1336 663 1388 argumentis
696 1339 732 1375 et
761 1334 998 1374 documentis
1030 1345 1235 1373 causarum
1263 1344 1342 1371 una
1370 1338 1619 1372 recensentur
1650 1333 1698 1372 de

305 1407 372 1446 Or.
401 1404 449 1444 II.
479 1406 554 1451 27,
589 1403 684 1442 116.

417 1469 597 1510 ΧΧΧΙΧ.
658 1469 752 1508 144.
811 1470 1021 1506 contectura
1046 1465 1241 1515 movenda]
1274 1469 1312 1503 tn.
1341 1477 1417 1505 non
1443 1465 1698 1514 desideratur,

305 1539 398 1591 quia
426 1539 484 1579 vis
516 1534 687 1583 dicendi,
718 1546 818 1586 quae
847 1535 886 1573 in
907 1534 1076 1574 Antonio
1105 1534 1253 1580 inerat,
1284 1533 1449 1572 maxime
1475 1544 1520 1572 eo
1545 1539 1698 1585 specta-

304 1606 395 1653 bat,
433 1609 475 1643 ut
515 1603 775 1643 coniecturam
817 1602 1152 1653 suspicionemque
1188 1604 1371 1639 moveret.
1431 1599 1490 1639 De
1526 1600 1600 1639 hoc
1636 1600 1698 1640 Io-

306 1672 448 1725 quendi
473 1684 557 1719 usu,
582 1670 649 1722 qui
672 1669 785 1710 varia
808 1680 956 1720 genera
974 1667 1305 1720 complecteretur,
1330 1666 1410 1706 dixi
1434 1666 1472 1705 in
1487 1666 1699 1719 Explicatt.

306 1739 357 1778 ad
397 1739 444 1778 de
484 1739 551 1778 Or.
585 1736 615 1776 I.
645 1738 691 1784 3,
725 1738 811 1783 12.,
851 1736 918 1775 ubi
956 1736 1069 1775 huius
1108 1740 1237 1773 tamen
1272 1733 1351 1772 loci
1389 1733 1587 1773 immemor
1626 1734 1694 1773 fui.

305 1805 453 1846 Similis
488 1809 546 1843 est
583 1803 630 1842 de
662 1803 729 1843 Or.
759 1803 806 1842 II.
837 1804 915 1850 61,
947 1802 1048 1843 251:
1088 1815 1150 1840 ore
1180 1801 1285 1839 vulta
1313 1801 1505 1838 inritandis
1533 1802 1698 1839 moribus

306 1885 395 1910 voce
427 1871 581 1919 denique
611 1882 764 1918 corpore
793 1870 936 1906 ridetur
964 1872 1067 1918 ipso3
1100 1868 1264 1907 similior
1293 1867 1408 1906 etiam
1438 1866 1467 1907 I.
1499 1869 1570 1916 38,
1598 1868 1700 1909 175;

308 1950 464 1982 causae,
496 1936 626 1986 quibus
653 1940 816 1972 certatur
842 1934 885 1970 de
913 1937 993 1971 'lure
1019 1935 1141 1971 civili.-
1172 1934 1227 1971 sic
1258 1934 1356 1972 enim
1380 1945 1428 1972 ex
1450 1935 1561 1974 honis
1586 1935 1698 1975 libris

307 2003 492 2043 dedimus.
566 2001 746 2042 Ceterum
790 2003 1038 2038 coniecturam
1083 2013 1227 2037 movere
1276 1999 1326 2037 ad
1369 2005 1509 2039 statum
1557 2014 1699 2041 causae

308 2068 610 2109 coniecturalem
645 2067 835 2113 refertur,
876 2065 922 2105 de
957 2078 1032 2116 quo
1066 2078 1103 2106 v.
1140 2077 1214 2105 scr.
1243 2066 1410 2105 Hereun.
1444 2067 1474 2106 I.
1508 2070 1570 2107 11.
1617 2069 1696 2109 Cic.

306 2137 388 2178 Inv.
419 2136 465 2176 ΙΙ.
500 2136 539 2174 8.
588 2133 748 2184 Quintil.
777 2132 825 2172 II.
855 2133 904 2180 4,
938 2133 1005 2171 26.

419 2206 478 2240 Μ’
504 2202 593 2239 Gara
622 2200 751 2249 cansa]
780 2212 815 2239 v.
847 2200 956 2238 Brut.
987 2199 1062 2246 52,
1097 2198 1189 2239 195.
1237 2198 1283 2238 (Ie
1309 2200 1376 2240 Or.
1405 2199 1434 2238 I.
1471 2202 1545 2249 39,
1578 2203 1668 2242 180.

424 2269 517 2309 145.
580 2269 622 2312 Q.
641 2266 876 2315 Scaevolam]
900 2266 943 2306 P.
966 2266 1030 2314 F„
1058 2265 1191 2305 Crassi
1216 2267 1255 2305 in
1282 2267 1485 2306 consulatu
1508 2267 1701 2318 collegam

310 2349 347 2375 a.
381 2336 476 2375 659.
535 2334 634 2373 Iuris
674 2333 799 2373 civilis
838 2339 974 2372 auctor
1012 2334 1368 2384 praestantissimus
1404 2334 1443 2373 id
1486 2335 1525 2373 in
1559 2334 1700 2375 XVIII.

305 2403 433 2442 libros
465 2401 606 2441 dicitur
636 2400 838 2451 redegisse
872 2400 1085 2452 Pomponio
1119 2399 1165 2439 de
1196 2401 1262 2441 Or.
1292 2402 1371 2441 Iur.
1404 2403 1449 2449 3,
1481 2402 1570 2449 41.,
1604 2414 1700 2454 quo-

311 2482 391 2509 rum
422 2469 612 2508 librorum
641 2472 790 2507 sextum
819 2466 1005 2506 decimum
1036 2466 1149 2507 affert
1179 2468 1327 2508 Gellius
1355 2467 1435 2507 VII.
1469 2468 1533 2508 15.

423 2536 667 2585 eloquentium
715 2537 808 2572 iuris
851 2534 1111 2584 peritissimis]
1158 2534 1318 2574 eandem
1361 2534 1514 2574 laudem
1558 2535 1701 2576 eisdem

312 2602 395 2641 fere
423 2601 552 2642 verbis
582 2601 720 2642 Cicero
750 2601 867 2640 hahet
896 2600 943 2640 de
974 2601 1040 2642 Or.
1070 2601 1099 2640 I.
1130 2603 1205 2649 39,
1240 2603 1330 2641 180.

424 2668 507 2708 XL.
568 2669 662 2707 147.
724 2668 926 2707 Scaevolae
952 2668 1083 2718 nostri]
1119 2680 1202 2708 eum
1234 2673 1369 2721 putant
1399 2680 1505 2717 esse,
1537 2669 1600 2721 qui
1631 2668 1700 2708 tri-

316 2735 437 2774 bunus
464 2735 536 2775 suit
565 2748 600 2775 a.
632 2736 724 2775 700.

1791 815 1793 826 „
1791 749 1807 802 tp!
1798 716 1799 726 ⁴
