1835 3126
585 137 843 180 BRUTUS
883 138 1001 180 CAP.
1033 139 1099 182 73.
1428 140 1539 184 22⁷

151 253 360 307 dignitate.
407 262 487 304 quo
521 250 629 291 enim
659 262 740 291 uno
770 249 1038 292 vincebamur
1068 263 1093 292 a
1122 252 1232 292 victa
1263 247 1463 298 Graecia,
1494 249 1537 290 id

150 336 218 372 aut
248 334 429 383 ereptum
466 327 552 369 illis
584 334 647 369 est
678 334 745 369 aut
777 334 887 370 certe
918 328 1038 370 nobis
1074 341 1164 370 cum
1195 326 1280 368 illis
1312 327 1536 369 communi-

147 412 292 449 catum.
351 405 448 447 255,
487 404 605 448 Hanc
641 412 798 456 autem,
836 407 987 461 inquit⁷
1025 405 1203 460 gloriam
1239 405 1536 446 testimonium-

147 498 223 539 que
252 482 451 526 Caesaris
477 490 571 526 tuae
596 484 759 540 quidem
786 483 1075 539 supplicationi
1097 496 1191 532 non,
1224 481 1297 524 secl
1321 481 1535 538 triumphis

145 562 361 604 multorum
408 569 623 618 antepono.
692 561 742 604 Et
776 568 887 604 recte
928 561 1111 618 quidem,
1156 561 1343 616 inquam,
1386 559 1533 602 Brute:

143 641 265 683 modo
309 642 360 682 sit
403 640 482 683 hoc
519 640 716 683 CaesarIs
757 640 903 689 iudici,
944 654 1026 682 non
1063 639 1379 681 benevolentiae
1417 640 1533 680 testi-

143 721 336 760 monium.
394 718 492 760 Plus
530 720 638 761 enim
674 725 784 761 certe
822 718 954 760 attulit
992 717 1088 760 huic
1120 717 1269 773 populo
1306 717 1532 771 dignitatis,

142 798 329 852 quisquis
361 803 423 838 est
452 796 543 846 ille,
582 798 618 838 si
649 796 770 838 modo
797 802 860 837 est
891 796 1063 850 aliquis,
1102 795 1170 849 qui
1200 808 1283 836 non
1311 794 1534 836 illustravit

142 875 284 925 modo,
316 874 390 916 sed
411 875 533 915 etiam
555 874 697 927 genuit
718 874 761 913 in
785 872 864 913 hac
887 872 986 912 urbe
1014 871 1178 913 dicendi
1204 872 1383 927 copiam,
1409 884 1533 926 quam

143 952 224 1002 illi,
260 953 328 1007 qui
350 950 548 1004 Ligurum
573 948 751 991 castella
778 955 1136 1004 expugnaverunt:
1169 961 1220 990 ex
1245 948 1392 1003 quibus
1416 949 1531 991 multi

141 1036 251 1078 sunt,
291 1034 332 1070 ut
370 1029 506 1077 scitis,
541 1026 744 1082 trIumphi.
803 1027 900 1068 256.
942 1026 1093 1069 Verum
1124 1027 1287 1082 quidem
1318 1027 1354 1068 si
1385 1026 1529 1069 audire

139 1106 324 1149 volumus
352 1107 521 1148 omissis
552 1105 637 1147 illis
669 1105 819 1147 divinis
849 1105 1058 1155 consiliis,
1091 1105 1238 1160 quibus
1269 1118 1395 1161 saepe
1430 1119 1530 1147 con-

139 1186 278 1226 stituta
307 1191 370 1226 est
408 1186 699 1240 imperatorum
733 1186 939 1240 sapientia
969 1184 1084 1226 salus
1118 1185 1298 1226 civitatis
1329 1190 1398 1225 aut
1427 1183 1530 1224 belli

141 1270 208 1304 aut
240 1263 369 1304 domi:
410 1262 535 1305 multo
570 1276 744 1318 magnus
776 1269 917 1305 orator
946 1268 1129 1319 praestat
1157 1261 1321 1303 minutis
1352 1263 1530 1318 impera-

139 1340 310 1383 toribus.
374 1340 430 1383 At
467 1341 635 1397 prodest
671 1341 763 1398 plus
805 1342 1041 1398 imperator.
1113 1339 1216 1392 Quis
1252 1343 1410 1395 negat?
1453 1340 1530 1382 sed

223 1487 284 1512 255.
320 1489 388 1512 tune
406 1500 439 1504 -
456 1485 534 1519 mm]
555 1493 612 1511 non
633 1487 712 1511 tuae.

223 1531 284 1557 256.
320 1530 412 1557 mullo
433 1532 574 1566 magnus]
595 1531 686 1556 multu
706 1532 808 1564 magis.

138 1656 195 1689 vir
219 1655 355 1690 doctus.
405 1654 486 1689 Nos
509 1654 687 1689 dicemus:
714 1664 756 1686 so
776 1655 828 1687 ist
854 1652 1029 1698 claqeqen
1053 1653 1117 1687 die
1134 1652 1363 1699 (Jric'ndlz'clw
1386 1651 1528 1687 Kerint-

138 1714 221 1746 m'ss
245 1722 408 1746 unserer
440 1708 810 1757 Umqanqswpraclze
838 1708 937 1742 noch
962 1712 1019 1743 im
1043 1708 1300 1743 Re'ickstancle
1324 1709 1347 1743 i.
1374 1721 1406 1744 e.
1430 1709 1530 1743 noch

138 1779 186 1802 :a
213 1767 450 1813 erforsehen.
498 1767 696 1801 Relictam
721 1766 827 1810 igitur
852 1765 930 1799 aliis
955 1766 1083 1799 dicitur
1109 1765 1144 1799 id
1169 1765 1370 1810 negotium,
1395 1766 1531 1810 quippe

138 1825 379 1869 investigandi
412 1823 573 1858 laborem
607 1822 848 1867 suscepturi53
882 1821 990 1866 idque
1023 1822 1135 1868 magis
1168 1822 1289 1868 placet
1326 1833 1431 1866 quam
1466 1821 1530 1855 de-

136 1881 329 1915 relictum.

228 1935 394 1970 LXXIII.
441 1934 519 1969 254.
569 1946 658 1969 cum
683 1934 778 1978 illis]
805 1945 896 1968 cum
922 1933 1084 1969 Graecis
1108 1934 1174 1979 Lg.
1192 1933 1226 1967 8.
1246 1934 1301 1968 51.
1321 1933 1376 1969 53.
1398 1934 1453 1969 56.
1473 1934 1528 1969 58.

136 1994 220 2027 item
253 1995 380 2039 ffl'ecis
412 1991 467 2026 20.
503 1991 557 2025 35.
592 1991 646 2025 39.
682 1991 736 2024 68.
770 1990 824 2024 70.
861 1991 917 2026 ed.
951 2003 1006 2036 pr.
1065 1992 1275 2026 Con-ectum
1308 1991 1530 2034 necessario,

136 2055 287 2096 propter
312 2048 534 2094 praecedens
559 2052 738 2093 ereptum
765 2046 854 2081 illis.

227 2105 305 2139 255.
355 2104 641 2150 supplicationi
663 2104 754 2145 non]
782 2102 918 2135 addunt
942 2101 1070 2135 solnm
1093 2101 1157 2135 Gu.
1177 2103 1205 2136 l.
1232 2101 1299 2147 Lg.
1316 2102 1372 2136 20.
1399 2103 1455 2137 ed.
1475 2113 1531 2148 pr.

137 2173 212 2196 uon
237 2161 323 2195 Ern.
354 2160 473 2205 posuit
499 2164 581 2192 ante
609 2163 707 2193 tuae.
757 2158 939 2201 Receptus
966 2158 1159 2191 verborum
1185 2158 1275 2192 ordo
1305 2160 1420 2204 arguit
1446 2171 1531 2205 sup-

136 2217 320 2263 plicationi
346 2217 532 2251 Ciceronis
563 2214 786 2259 splendidius
818 2214 906 2247 nihil
940 2225 1047 2259 posse
1079 2215 1240 2260 cogitari.
1265 2233 1312 2240 »-
1354 2218 1406 2250 sit
1436 2215 1528 2260 hoc]

137 2274 210 2308 lim·
235 2285 303 2307 om.
327 2272 392 2317 Lg.
413 2272 468 2306 20.
497 2271 552 2305 ed.
572 2283 623 2316 pr.
644 2291 690 2295 ——
724 2271 1066 2316 eavpussnaverunt]
1095 2275 1374 2316 expuqnarunt
1399 2272 1454 2305 ed.
1474 2283 1527 2316 pr.

230 2329 308 2363 ‘25ss.
358 2332 643 2375 imperatorum
684 2327 896 2373 sapientia]
943 2327 1140 2360 secundum
1180 2326 1394 2361 Lambinum
1438 2327 1531 2362 haec

136 2385 321 2420 damnavit
346 2385 550 2419 Wetzelius
582 2390 751 2429 tanquam
785 2394 830 2417 ex
857 2384 1159 2428 interpretatione
1191 2384 1416 2428 superiorum
1446 2384 1528 2419 illis

137 2443 284 2477 (livinis
305 2441 481 2477 consiliis
502 2440 683 2486 prosecta,
704 2440 853 2484 primum
875 2439 970 2484 quod
987 2439 1164 2485 duplicem
1186 2440 1380 2475 ablativum
1399 2441 1528 2474 eodem

136 2499 298 2532 membro
334 2497 511 2531 contineri
543 2496 768 2542 improbabat
796 2496 877 2540 (sed
900 2508 935 2530 v.
963 2507 991 2531 c,
1019 2496 1082 2539 59,
1107 2496 1222 2539 213),
1261 2494 1394 2530 deinde
1429 2496 1527 2540 quod

138 2555 235 2588 nulla
259 2555 303 2587 sit
335 2555 591 2599 imperatorum
616 2553 793 2598 sapientia
822 2553 942 2587 domi.
994 2552 1068 2587 Sed
1101 2557 1222 2586 monet
1247 2551 1424 2597 Meyerus
1455 2563 1527 2586 ma-

137 2612 306 2656 gistratus
331 2610 416 2644 olim
442 2610 588 2644 eosdem
614 2611 666 2644 rei
687 2610 853 2656 publicae
878 2610 974 2644 domi
1000 2609 1158 2653 forisque
1183 2608 1385 2654 praefuisse
1409 2613 1444 2643 et
1470 2609 1526 2643 di-

137 2671 229 2704 vina
250 2667 420 2704 consilia
440 2667 549 2713 plane
571 2667 726 2703 obscura
745 2667 824 2703 fore
843 2667 967 2705 verbis
984 2666 1054 2703 illis
1078 2677 1151 2701 non
1170 2665 1312 2701 additis.
1331 2686 1376 2691 —
1402 2665 1526 2702 multo
