1835 3126
562 179 822 224 BRUTUS
863 180 982 225 GAP.
1011 183 1079 225 21.
1396 182 1517 228 189

130 297 174 337 in
218 292 359 351 primis
399 297 462 335 est
496 291 661 336 habitus
700 293 920 350 eloquens,
966 296 1034 351 qui
1068 307 1141 351 pro
1175 293 1224 336 L.
1258 293 1379 338 Cotta
1419 293 1519 336 dixit

131 378 353 415 accusante
394 371 624 421 Africano,
677 374 793 414 euius
845 380 885 414 et
936 373 1046 415 aliae
1092 379 1183 415 sunt
1224 374 1434 416 orationes
1480 377 1519 414 et

130 457 275 493 contra
299 449 364 491 Ti.
397 448 628 492 Gracchum
659 453 847 507 exposita
876 458 938 493 est
977 454 1019 494 in
1047 450 1092 493 G.
1122 450 1253 493 Fanni
1285 450 1519 493 annalibus.

128 528 196 570 82.
230 527 335 570 Tum
362 529 452 584 ipse
482 527 532 571 L.
564 527 684 571 Cotta
710 536 919 572 veterator
945 529 1134 572 habitus:
1167 530 1243 572 sed
1271 528 1315 571 G.
1346 527 1520 570 Laelius

129 613 169 649 et
209 606 253 648 P.
297 607 524 650 Africanus
571 609 613 649 in
654 609 796 664 primis
841 608 1102 665 eloquentes,
1145 621 1317 664 quorum
1360 611 1522 649 exstant

130 687 367 735 orationes,
424 699 474 727 ex
519 685 665 741 quibus
709 688 947 728 existumari
987 687 1036 729 de
1090 688 1270 742 ingeniis
1313 691 1521 728 oratorum

129 770 274 820 potest.
334 762 420 806 Sed
453 765 560 806 inter
588 763 664 806 hos
697 771 830 806 aetate
860 764 1026 820 paulum
1053 764 1118 806 his
1150 763 1400 806 antecedens
1431 764 1521 804 sine

130 844 416 885 controversia
446 835 537 884 Ser.
571 841 708 883 Galba
738 842 976 897 eloquentia
1002 842 1224 896 praestitit:
1265 847 1304 882 et
1333 841 1523 882 nimirum

131 922 167 962 is
218 922 408 977 princeps
454 933 504 961 ex
538 917 714 960 Latinis'
743 918 818 960 illa
860 926 1069 961 oratorum
1110 919 1279 975 propria
1322 924 1362 960 et
1402 917 1524 972 quasi

130 998 319 1053 legitima
362 1010 490 1053 opera
525 997 736 1047 tractavit,
775 1002 817 1038 ut
858 997 1126 1051 egrederetur
1159 1010 1186 1039 a
1215 996 1424 1054 proposito
1456 1008 1523 1037 or-

129 1076 255 1118 nandi
305 1088 452 1125 causa,
497 1081 539 1117 ut
583 1075 809 1118 delectaret
853 1076 1034 1126 animos,
1078 1082 1120 1117 ut
1157 1080 1437 1132 permoveret,
1482 1079 1525 1115 ut

129 1160 301 1208 augeret
342 1167 453 1203 rem,
504 1160 543 1195 ut
587 1152 951 1204 miserationibus,
1002 1160 1048 1196 ut
1090 1153 1372 1196 communibus
1415 1152 1523 1194 locis

128 1239 320 1274 uteretur.
381 1230 468 1274 Sed
495 1234 639 1276 neseio
672 1234 876 1288 quomodo
908 1232 1048 1283 huius,
1089 1246 1209 1288 quem
1242 1238 1404 1275 constat
1436 1230 1526 1273 elo-

130 1312 298 1366 quentia
341 1313 624 1367 praestitisse,
670 1312 867 1355 exiliores
912 1313 1123 1355 orationes
1164 1318 1277 1362 sunt,
1325 1317 1365 1352 et
1402 1309 1525 1352 redo-

130 1388 263 1431 lentes
298 1390 434 1444 magis
470 1392 771 1458 antiquitatem,
807 1403 930 1446 quam
960 1397 1028 1433 aut
1056 1388 1180 1432 Laeli
1211 1396 1280 1431 aut
1314 1387 1525 1444 Scipionis

132 1474 201 1509 aut
240 1468 364 1509 etiam
401 1469 531 1524 ipsius
562 1466 754 1518 Catonis,
792 1470 929 1524 itaque
970 1474 1237 1518 exaruerunt,
1273 1468 1343 1509 vix
1371 1467 1455 1508 iam
1483 1471 1527 1508 ut

133 1552 370 1602 appareant.
443 1544 510 1588 83.
554 1544 616 1588 De
662 1549 791 1602 ipsius
831 1545 956 1589 Laeli
1001 1553 1040 1589 et
1085 1545 1295 1602 Scipionis
1342 1546 1525 1600 ingenio,

135 1637 370 1680 quanquam
410 1636 464 1666 ea
502 1631 565 1666 est
603 1626 705 1675 iam,
747 1632 790 1667 ut
826 1625 1043 1682 plurimum
1081 1624 1283 1666 tribuatur
1311 1622 1526 1672 ambobus,

132 1702 297 1746 dicendi
340 1709 478 1745 tamen
515 1702 609 1745 laus
646 1709 709 1746 est
750 1704 793 1745 in
830 1701 980 1746 Laelio
1019 1702 1231 1745 illustrior.
1299 1701 1354 1744 At
1393 1702 1526 1744 oratio

217 1814 262 1840 83.
299 1816 342 1840 est
361 1812 435 1848 iam]
455 1813 511 1839 iam
529 1814 577 1839 est
596 1813 706 1848 opinio.
725 1827 758 1832 —
786 1815 837 1840 (ιιιι
857 1813 931 1848 qno]
952 1817 1005 1842 aut
1023 1813 1113 1848 quod.

133 1926 226 1961 Ven.
247 1926 274 1961 l.
312 1922 437 1961 ottob.
462 1942 508 1953 ·—-
545 1926 770 1972 inprimis]
801 1924 863 1973 ὑφ’
892 1925 934 1961 ἓν
959 1924 1023 1972 Lg.
1051 1925 1106 1960 53.
1132 1925 1187 1960 58.
1211 1944 1254 1950 —
1297 1923 1443 1969 Fanni]
1475 1925 1528 1960 sic

132 1982 196 2030 Lg.
229 1993 354 2018 omnes
388 1993 443 2028 pr.
477 1982 554 2024 56„
589 1983 674 2017 item
705 1982 797 2019 Ven.
819 1983 848 2019 1.
871 1982 904 2019 2.
936 1980 1013 2019 Ott.
1046 1982 1150 2026 Vat.‚
1185 1982 1222 2017 in
1255 1992 1325 2027 quo
1362 1992 1449 2016 rara
1483 1993 1529 2016 ea

131 2039 330 2086 scriptura3
357 2039 480 2085 fauni
503 2038 568 2074 Gu.
595 2040 626 2074 1.

222 2095 279 2131 82.
326 2097 540 2140 veterator]
579 2100 638 2130 est
668 2099 743 2131 vet.
776 2094 843 2141 Lg.
867 2094 919 2129 53.
945 2095 1001 2131 68.
1028 2096 1082 2131 70.
1110 2115 1154 2121 —
1191 2094 1261 2129 sed
1288 2093 1325 2130 C.
1351 2094 1528 2138 Laelius}

132 2151 203 2186 sed
226 2156 263 2185 et
288 2150 326 2185 C.
345 2151 504 2187 Laelius
529 2152 585 2187 ed.
605 2163 659 2196 pr.
676 2170 722 2176 —
747 2152 1003 2194 existumccri]
1028 2163 1094 2196 per
1111 2163 1138 2185 u
1155 2150 1222 2196 Lg.
1241 2151 1274 2184 8.
1290 2151 1344 2184 51.
1371 2151 1489 2184 eidem
1510 2162 1529 2184 e

134 2207 170 2241 in
194 2205 269 2241 fine
302 2219 380 2241 cum
406 2207 460 2242 35.
485 2207 541 2241 39.
567 2207 621 2241 56.
648 2206 703 2241 58.
729 2226 774 2231 —
821 2207 1044 2250 oratorum]
1079 2218 1215 2241 eorum.
1247 2205 1335 2242 Ern.
1363 2208 1455 2242 coni.
1484 2226 1529 2233 —-

135 2263 402 2308 eqrederetur]
431 2262 708 2308 deqrederetur
732 2261 860 2298 Lamb.
881 2283 926 2288 —
959 2262 1299 2306 miserationibus]
1325 2266 1528 2298 commise-

132 2317 353 2353 rationibus
385 2318 451 2364 Lg.
476 2318 531 2352 20.
555 2337 602 2345 m
646 2316 781 2361 Laeli]
811 2319 862 2352 sie
893 2318 959 2364 Lg.
984 2319 1015 2352 8.
1042 2318 1103 2354 51.
1124 2318 1169 2352 53
1195 2317 1329 2362 (Lelz).
1380 2319 1451 2354 etlz'
1473 2319 1528 2355 70.

136 2374 235 2410 laeti
269 2375 358 2408 Ven.
383 2374 411 2410 l.
444 2392 490 2402 »-
538 2375 791 2418 exaruerunt]
828 2385 902 2409 non
940 2386 1086 2420 possum
1122 2374 1193 2409 hoc
1226 2386 1352 2410 verum
1386 2380 1528 2421 putare.

135 2436 374 2466 evanuerunt
398 2431 574 2477 Purgoldi
599 2431 755 2476 suspicio
782 2436 855 2474 est,
889 2430 1083 2465 Goerenzii
1112 2436 1386 2473 ecraruerunt,
1422 2443 1529 2476 quam

134 2488 347 2533 probarem,
386 2488 469 2521 dum
503 2494 684 2522 constaret
716 2487 753 2522 id
786 2487 937 2522 verbum
970 2487 1209 2523 Ciceroniana
1241 2494 1363 2524 aetate
1398 2489 1529 2524 (lictum

139 2555 239 2585 esse,
269 2544 366 2588 quod
391 2544 425 2578 in
450 2545 628 2579 latinitate
653 2545 749 2579 omni
774 2556 847 2579 non
872 2549 1068 2590 comparet.

226 2600 281 2635 83.
331 2600 460 2645 Laeli]
485 2600 552 2648 Lg.
572 2601 606 2636 8.
628 2600 683 2636 35.
706 2601 762 2636 39.
782 2602 837 2636 51.
860 2601 933 2643 53.;
958 2612 1044 2646 pars
1068 2601 1155 2643 leli5
1179 2601 1232 2637 eli
1254 2602 1309 2637 70.
1334 2622 1375 2627 —-
1410 2611 1528 2647 quan-

136 2667 257 2702 quam
276 2667 323 2691 ea
345 2662 404 2692 est
424 2660 528 2701 iam,
552 2659 610 2703 ut]
633 2664 717 2705 post
737 2660 821 2693 iam
846 2657 987 2692 additur
1008 2661 1142 2705 opinio
1166 2659 1203 2693 in
1225 2658 1282 2694 ed.
1305 2670 1359 2704 pr.
1385 2663 1420 2692 et
1443 2658 1529 2693 inde

134 2713 303 2759 vulgatis.
351 2713 500 2754 Delevit
523 2712 638 2756 Orell.
672 2715 868 2754 secundum
893 2714 982 2753 Par.
1006 2714 1073 2761 D„
1107 2726 1175 2752 nec
1208 2715 1245 2751 in
1269 2715 1342 2752 ullo
1368 2725 1528 2751 meorum
