1835 3126
313 223 445 269 360
740 215 1271 269 EXPLICATIONES

313 333 467 385 Meyeri
505 329 716 383 explicatio
757 337 982 369 exaruerunt
1021 332 1047 370 i.
1079 343 1112 371 e.
1152 337 1345 370 rarescunt
1382 343 1458 371 non
1488 329 1703 377 satisfacit3

314 405 371 448 et,
403 410 487 438 cum
516 397 626 436 illam
655 397 916 438 coniecturam
946 397 1072 436 inanis
1099 397 1346 437 verbositatis
1375 403 1567 446 arcessat,
1600 396 1705 450 quod

314 470 502 517 sequatur
532 467 600 503 vix
627 469 668 501 ut
698 469 928 514 appareant,
967 463 1138 503 fortasse
1166 464 1280 502 etiam
1308 475 1375 503 eos
1404 465 1570 517 ineptire
1602 464 1704 504 iudi-

314 533 438 581 cabit,
482 531 548 584 qui
587 530 813 582 scripserint
849 543 909 568 res
946 531 1002 567 ita
1038 529 1251 574 recondita,
1289 535 1330 566 ut
1367 534 1498 579 paucis
1540 533 1589 569 ad
1624 544 1706 569 eam

315 600 443 638 adttus
470 603 618 648 pateat,
655 597 719 637 vel
748 596 905 636 similia.
965 594 1118 648 Quippe
1148 595 1307 635 offendit
1338 606 1397 634 me
1425 596 1582 636 verbum
1611 611 1707 635 exa-

315 665 501 710 resccndt,
534 662 638 716 quod
665 663 723 712 id,
755 675 839 703 cum
870 676 894 702 a
915 663 1094 714 frugibus
1125 668 1214 702 ante
1243 662 1501 702 maturitatem
1525 663 1707 702 arefactis

315 731 549 771 translatum
578 731 646 779 sit,
679 742 831 782 semper
857 730 983 770 soleat
1014 729 1060 769 de
1084 730 1164 769 illis
1192 730 1286 778 dici,
1318 741 1418 781 quae
1439 730 1583 768 iniuria
1612 741 1710 781 qua-

317 798 407 838 dam
437 803 652 850 temporum
691 797 831 837 affecta
870 802 936 837 aut
976 810 1045 836 usu
1080 802 1236 849 sperato
1272 801 1480 836 caruerunt
1519 801 1585 835 aut
1622 800 1710 835 ante

317 870 469 918 tempus
501 865 691 904 exstincta
714 870 811 904 sunt.
861 865 928 906 Sic
961 863 1008 903 de
1036 865 1185 916 ingenii
1207 864 1335 903 fructu
1357 863 1507 903 Plinius
1536 863 1712 915 loquitur

317 932 419 985 Epp.
450 932 495 974 V.
525 933 572 980 9,
605 932 650 972 5:
691 945 762 982 qno
794 932 876 977 tlte,
918 931 1061 983 inquit,
1102 932 1311 970 studiorum
1341 943 1467 969 amore
1497 928 1713 979 flayrabat!

320 1005 501 1050 (lucinium
531 999 645 1047 legit!
674 1005 853 1048 quantum
879 1001 991 1036 etiam
1020 998 1196 1048 scripsit!
1224 1010 1319 1048 qnae
1349 1010 1445 1034 nunc
1475 999 1602 1035 omnia
1630 1008 1713 1032 cum

317 1067 402 1114 ipso
431 1067 511 1102 stne
534 1065 659 1111 fructu
684 1070 884 1102 aruerunt:
914 1065 1056 1116 quippe
1087 1076 1188 1115 quae
1219 1069 1355 1103 orator
1385 1063 1434 1102 ad
1461 1075 1502 1102 se
1533 1062 1712 1102 erudien-

319 1130 410 1170 dum
438 1130 642 1169 meditatus
668 1135 770 1178 erat,
798 1136 1049 1182 praematura
1077 1136 1198 1170 morte
1229 1130 1278 1170 ad
1304 1143 1411 1169 suam
1436 1129 1714 1182 perfectionem

318 1208 397 1236 non
431 1201 631 1236 venerunt.
693 1197 774 1236 Cic.
814 1196 864 1234 ad
901 1196 989 1236 Div.
1020 1197 1102 1238 VII.
1135 1199 1210 1236 31:
1254 1197 1356 1235 vides
1400 1199 1592 1234 exaruisse
1636 1198 1713 1233 tam

319 1269 478 1301 veterem
507 1263 768 1300 urbanitatem.
827 1261 895 1300 IX.
931 1263 1001 1302 IS:
1040 1263 1207 1309 facultas
1236 1265 1435 1307 οναίὶοηὶε,
1477 1265 1549 1299 nisi
1578 1275 1635 1299 we
1665 1262 1714 1300 ad

320 1330 393 1367 has
417 1331 702 1366 eoeercttattones
722 1329 929 1366 retulissem
937 1357 948 1374 ,
981 1332 1201 1367 exaruisset.
1247 1328 1426 1380 Scriptor
1445 1328 1714 1367 Herennianus

319 1395 387 1436 IV.
413 1396 484 1443 34,
509 1395 586 1435 45:
619 1395 822 1445 aliquando
851 1398 1018 1433 rationes
1046 1398 1099 1433 ret
1129 1395 1314 1446 publicae,
1345 1409 1439 1446 (litae
1467 1396 1617 1434 malitia
1645 1408 1716 1433 no-

321 1467 467 1500 centum
502 1468 750 1508 emar-nerant,
790 1465 926 1500 virtute
956 1464 1191 1513 optimatium
1220 1465 1465 1501 reviruerunt.
1524 1462 1581 1502 Ne
1617 1461 1717 1501 illud

321 1528 477 1581 quidem
513 1529 602 1569 loco
633 1529 744 1568 Bruti
782 1529 924 1578 simile,
966 1528 1070 1582 quod
1106 1529 1251 1580 legitur
1287 1529 1403 1570 Tusc.
1434 1529 1501 1569 III.
1533 1531 1604 1578 31,
1635 1529 1716 1578 75„

321 1596 396 1635 etsi
431 1596 555 1636 visum
583 1597 724 1636 Petero
763 1597 803 1636 in
833 1609 998 1637 censura
1034 1596 1092 1637 ed.
1122 1597 1349 1637 Orellianae
1388 1597 1427 1636 in
1460 1597 1584 1637 Iahnii
1613 1597 1713 1636 Anu.

320 1662 399 1703 vol.
429 1663 536 1703 XXI.
568 1665 606 1704 3.
645 1676 683 1717 p.
712 1666 795 1705 300
825 1664 1057 1715 (a.1837):
1097 1677 1191 1714 quae
1232 1663 1402 1717 (opinio)
1443 1670 1522 1702 tum
1561 1664 1714 1714 denique

321 1743 398 1768 mon
424 1731 636 1780 appellatur
664 1745 810 1778 recens,
846 1745 928 1769 cum
954 1737 1137 1770 vetustate
1166 1735 1327 1771 exaruit.
1387 1731 1586 1783 Sumptum
1617 1730 1717 1770 enim

324 1801 402 1844 est,
441 1808 524 1836 cum
565 1797 612 1836 de
641 1798 800 1848 lugente
831 1798 1001 1847 dicatur,
1041 1799 1088 1837 ab
1120 1799 1384 1839 arescentibus
1414 1798 1606 1846 lacrimis,
1647 1808 1719 1837 nec

324 1862 521 1913 significat
560 1875 608 1902 ex
647 1877 719 1903 usu
762 1870 798 1903 et
835 1866 1012 1904 manibus
1053 1866 1249 1904 hominum
1289 1866 1500 1914 sublatum,
1544 1864 1612 1904 sed
1650 1864 1719 1904 de-

323 1928 527 1968 suetudine
552 1931 791 1971 exstinctum.
833 1931 1012 1978 Accedit,
1039 1931 1143 1982 quod
1168 1931 1214 1970 de
1240 1933 1481 1971 orationibus
1506 1944 1719 1970 evanescere

324 1996 365 2035 in
393 1996 468 2035 hoc
498 1997 584 2048 ipso
614 1997 717 2038 libro
749 1998 889 2037 dictum
923 2002 1062 2037 exstat.
1124 2009 1156 2038 c.
1187 2000 1259 2046 27,
1294 2000 1394 2038 106:
1435 2001 1623 2035 orattones
1656 2010 1718 2035 re-

324 2063 455 2113 ltqutt,
479 2076 573 2113 quae
596 2067 671 2101 iam
695 2070 944 2111 evanuerunt&
973 2069 1009 2103 et
1033 2064 1080 2103 de
1105 2070 1263 2104 oratore
1284 2065 1391 2116 ipso,
1417 2065 1523 2103 cuius
1545 2064 1717 2103 homines

326 2129 440 2169 obliti
475 2134 582 2178 sunt,
619 2130 932 2182 μετωνυμικῶς
961 2142 993 2170 c.
1020 2131 1094 2179 94,
1127 2131 1226 2170 323:
1267 2144 1349 2168 cum
1377 2134 1455 2168 tam
1483 2144 1598 2181 paene
1628 2145 1718 2170 eva-

326 2199 469 2234 nuisset
494 2200 731 2235 Hortensius.

440 2263 508 2303 83.
567 2264 610 2301 dc
638 2264 765 2301 multis
794 2276 906 2314 quam
934 2263 1048 2312 voles]
1084 2264 1295 2315 quamlibet
1325 2275 1373 2304 ex
1402 2263 1543 2303 multis.
1604 2262 1720 2303 Com-

327 2334 445 2382 parat
470 2331 656 2382 Meyerus
685 2330 784 2370 illud
814 2330 993 2370 Oratoris
1024 2331 1098 2378 70,
1127 2333 1229 2371 233;
1261 2345 1328 2382 aye
1355 2344 1458 2369 smne
1487 2331 1530 2367 de
1560 2331 1721 2368 Gracchi

328 2397 431 2446 apud
461 2410 630 2436 censores
658 2398 773 2443 tllml,
809 2397 954 2450 quippe
983 2398 1173 2437 oratione.
1231 2398 1275 2438 In
1304 2411 1416 2449 quam
1444 2397 1546 2435 voles
1575 2397 1721 2437 erravit

327 2462 523 2504 Matthiae
548 2466 588 2502 in
616 2464 853 2504 Roscianam
884 2466 958 2514 16,
987 2465 1055 2505 47.
1064 2495 1075 2514 ,
1106 2478 1217 2516 quam
1248 2464 1492 2513 adverbium,
1521 2475 1598 2503 non
1626 2475 1719 2515 pro-

329 2541 468 2569 nomen
498 2541 584 2570 esse
613 2536 735 2570 ratus.

441 2599 573 2635 variae
615 2597 837 2646 voluntates]
890 2608 1016 2649 neque
1063 2597 1262 2636 Gedanken
1305 2608 1430 2650 neque
1473 2599 1718 2648 Richtunyen,

329 2674 432 2715 quae
468 2664 709 2716 comparavit
735 2662 985 2715 Bernhardy,
1020 2675 1153 2704 veram
1182 2663 1503 2715 significationem
1536 2670 1721 2716 tangunt3

332 2730 633 2782 comparandum
669 2735 754 2771 erat
788 2735 960 2772 nostrum
989 2730 1143 2769 Streben
1172 2743 1202 2771 s.
1233 2731 1473 2781 Bestrebuny.
1531 2731 1722 2772 Dicuntur
