1835 3126
250 139 382 185 262
774 132 1123 177 CICERONIS

251 250 571 301 interiectusque
612 246 719 286 inter
760 244 864 287 duas
895 251 1053 287 aetates
1081 243 1276 287 Hortensi
1306 248 1346 285 et
1377 241 1535 300 Sulpici
1564 255 1643 286 nec

251 328 454 370 maiorem
483 322 683 377 consequi
710 327 890 377 poterat,
921 327 961 363 et
988 323 1137 364 minori
1165 335 1339 365 necesse
1367 329 1455 365 erat
1480 321 1641 365 cedere.

251 404 383 447 Huius
421 403 553 445 omnis
592 398 772 442 facultas
811 411 862 441 ex
900 397 1077 440 historia
1116 400 1247 454 ipsius
1283 401 1461 456 perspici
1490 406 1642 456 potest:

255 495 383 538 quae,
427 493 518 524 cum
557 478 683 521 facile
724 477 856 519 omnis
894 477 1033 519 vincat
1072 477 1328 532 superiores,
1368 484 1452 519 tum
1489 479 1645 520 indicat

254 567 393 603 tamen
446 565 639 614 quantum
685 555 794 598 absit
848 568 874 597 a
924 567 1080 596 summo
1126 567 1327 610 quamque
1381 568 1512 609 genus
1563 556 1643 599 hoc

255 638 495 694 scriptionis
539 635 719 678 nondum
762 634 815 676 sit
854 634 957 675 satis
1001 631 1165 674 Latinis
1207 631 1341 674 literis
1386 632 1645 675 illustratum.

256 715 361 759 Nam
404 714 453 767 Q.
497 713 691 756 Hortensi
740 711 955 754 admodum
1004 710 1284 753 adolescentis
1327 711 1562 765 ingenium,
1606 718 1649 753 ut

256 794 430 837 Phidiae
462 794 646 847 signum,
679 790 800 833 simul
832 795 1041 846 aspectum
1072 796 1109 831 et
1130 788 1343 845 probatum
1367 794 1442 830 est.
1486 789 1584 830 229.
1607 787 1648 830 Is

256 870 306 914 L.
339 871 495 914 Crasso
534 869 583 921 Q.
616 868 828 911 Scaevola
860 867 1101 910 consulibus
1138 868 1310 924 primum
1347 868 1390 908 in
1422 866 1513 909 foro
1551 867 1650 909 dixit

259 958 299 993 et
336 950 444 1006 apud
472 949 550 990 hos
589 950 704 1003 ipsos
736 947 898 1002 quidem
934 945 1151 995 consules,
1192 952 1231 986 et
1262 959 1352 987 cum
1381 958 1542 995 corum,
1581 946 1651 1001 qui

260 1028 483 1077 affuerunt,
512 1033 595 1068 tum
625 1026 807 1081 ipsorum
838 1023 1071 1072 consulum,
1104 1025 1172 1078 qui
1203 1025 1334 1065 omnis
1366 1023 1652 1077 intellegentia

261 1105 494 1153 anteibant,
535 1103 689 1144 iudicio
728 1102 922 1143 discessit
958 1100 1167 1156 probatus.
1226 1101 1480 1155 undeviginti
1519 1115 1650 1144 annos

258 1190 380 1225 natus
412 1187 501 1224 erat
531 1193 581 1222 co
613 1186 808 1235 tempore.
852 1176 926 1219 Est
957 1184 1092 1218 autem
1121 1176 1169 1218 L.
1196 1177 1342 1220 Paullo
1373 1178 1417 1220 G.
1443 1178 1649 1222 Marcello

259 1260 501 1305 consulibus
531 1264 735 1301 mortuus:
768 1269 819 1298 ex
849 1268 928 1310 quo
959 1255 1167 1304 videmus,
1195 1268 1287 1297 eum
1318 1257 1360 1297 in
1388 1263 1652 1312 patronorum

345 1427 408 1453 229.
443 1427 567 1452 aetatem
587 1425 618 1452 'iu
640 1423 807 1458 disparem]
828 1424 955 1449 aetatem
975 1423 1039 1449 eius
1059 1423 1087 1448 in
1107 1421 1254 1456 disparem
1274 1423 1324 1449 &e

263 1536 432 1585 Sulpici]
465 1539 517 1572 sic
548 1536 616 1583 Lg.
641 1536 674 1572 8.
705 1536 760 1571 35.
787 1534 842 1570 39.
874 1535 929 1569 51.
959 1534 1013 1569 53.
1046 1533 1100 1569 58.
1131 1534 1187 1569 68.
1216 1534 1270 1569 70.
1309 1533 1401 1569 Ven.
1433 1534 1463 1570 l.
1503 1534 1579 1574 Ott.
1607 1558 1652 1565 —-

259 1596 469 1638 maiorem]
504 1597 678 1629 maiores
712 1605 739 1628 s.
765 1594 932 1627 maioris
967 1591 1073 1625 codd.
1101 1596 1249 1636 praeter
1275 1590 1358 1625 Vat.
1387 1589 1463 1626 Ott.
1488 1613 1533 1618 —
1567 1606 1652 1641 per-

260 1652 377 1697 spici]
407 1653 569 1697 percipi
601 1650 667 1696 Lg.
692 1650 724 1685 S.
752 1649 805 1684 39.
831 1648 885 1683 56.
912 1668 957 1673 —
996 1648 1137 1690 omnis]
1173 1648 1223 1681 ita
1257 1647 1322 1693 Lg.
1356 1659 1500 1692 omnes,
1537 1651 1654 1686 eidem

259 1713 378 1741 tamen
405 1714 440 1741 et
464 1707 554 1741 Ven.
573 1709 601 1743 l.
626 1707 718 1740 male
742 1707 975 1752 superior-219,
1003 1705 1136 1749 quippe
1157 1704 1253 1749 quod
1277 1704 1337 1738 ille
1362 1706 1540 1750 genitivus
1560 1714 1655 1743 esset

260 1762 366 1797 visus.
415 1763 584 1797 Ceterum
610 1763 666 1796 ed.
693 1773 744 1806 pr.
771 1761 861 1795 haee
884 1762 936 1794 sic
964 1761 1097 1805 scripta
1122 1759 1248 1794 habet:
1286 1764 1413 1795 omnis
1438 1766 1655 1810 superioris

261 1818 415 1853 inclinat
440 1824 581 1863 tamea.
598 1838 643 1842 -—
670 1817 776 1851 Nam
798 1816 858 1859 Q.]
883 1827 1053 1860 namque
1073 1815 1139 1860 Lg.
1154 1816 1186 1850 S.
1201 1817 1254 1851 51.
1270 1817 1324 1851 58.
1351 1818 1416 1852 Gu.
1435 1820 1463 1853 1.
1492 1820 1578 1855 Par.
1593 1821 1654 1864 D„

262 1872 418 1919 rumque
450 1874 505 1909 39.
537 1874 592 1909 56.
617 1893 662 1899 ›—
696 1872 899 1915 Hortensi]
931 1872 981 1905 sic
1016 1870 1080 1915 Lg.
1106 1871 1138 1905 8.
1172 1871 1227 1906 35.
1261 1873 1315 1908 51.
1347 1874 1402 1907 53.
1428 1875 1482 1910 58.
1515 1874 1570 1910 68.
1600 1878 1653 1912 70.

262 1930 354 1965 Ven.
384 1932 413 1966 l.
447 1929 522 1965 Otr.
556 1929 638 1963 Vat.
660 1949 706 1954 -—
738 1928 955 1974 aspectum]
983 1928 1062 1960 sine
1089 1927 1116 1960 d
1139 1927 1218 1960 libri
1245 1940 1378 1962 omnes.

354 1986 432 2021 229.
482 1985 694 2030 affluerunt]
721 1983 804 2028 aelf.
826 1983 890 2028 Lg.
909 1983 940 2017 8.
962 1983 1015 2017 51.
1032 2002 1076 2008 -
1105 1985 1246 2027 omnis]
1271 1984 1322 2018 sic
1347 1984 1411 2030 Lg.
1433 1992 1579 2030 praeter
1597 1987 1653 2023 20.

214 2082 216 2084 ,
264 2041 341 2078 Ott.
364 2061 409 2067 ——
448 2042 727 2087 intelleqentia]
760 2040 812 2073 sic
842 2038 908 2083 Lg.
936 2039 969 2072 8.
1001 2038 1056 2073 51,
1095 2038 1188 2072 Ven.
1218 2041 1244 2073 l.
1268 2059 1314 2064 ——
1352 2041 1533 2076 discessit
1558 2055 1653 2090 pro.

264 2098 391 2142 butus]
417 2099 489 2132 inv.
515 2096 581 2143 Lg.
608 2097 663 2132 20.
687 2116 733 2121 ——
765 2094 967 2140 quattuor]
993 2097 1160 2139 quatuor
1186 2093 1253 2140 Lg.
1277 2096 1332 2131 20.
1358 2096 1413 2131 39.
1437 2097 1493 2132 53.
1518 2099 1573 2133 56.
1597 2100 1654 2135 58.

263 2154 329 2190 llll
357 2153 423 2199 Lg.
444 2153 499 2188 35.
521 2153 575 2188 58.
611 2153 667 2187 ed.
689 2164 741 2197 pr.
772 2153 804 2187 4.
831 2151 897 2198 Lg.
920 2152 975 2187 70.
1023 2150 1291 2197 quaclraqinta
1314 2163 1434 2187 unum
1459 2153 1526 2189 Gu.
1553 2156 1584 2190 l.
1608 2175 1654 2181 —-

263 2210 474 2253 voluimus]
499 2210 677 2244 volumus
702 2208 768 2255 Lg.
784 2209 840 2244 c20.
868 2208 933 2243 Gu.
952 2210 981 2244 l.
1003 2229 1048 2234 —-
1083 2212 1254 2242 aetatem
1280 2211 1320 2243 in
1342 2209 1547 2257 disparem
1569 2223 1656 2246 ora-

268 2268 415 2310 torum]
436 2267 487 2300 sic
505 2266 690 2300 Manutius
711 2267 815 2300 etsie
835 2265 890 2300 ed.
912 2277 965 2310 pr.
986 2265 1122 2299 habere
1140 2265 1268 2299 fertur:
1295 2267 1362 2300 etsi
1376 2265 1656 2313 Lagoniarsinus

263 2324 351 2359 nihil
383 2324 567 2365 enotavit,
599 2322 666 2356 nisi
698 2334 776 2357 eam
811 2333 889 2355 cum
920 2321 1018 2355 libris
1054 2334 1250 2367 congruere
1283 2325 1366 2357 eius
1401 2324 1656 2358 omittentibus.

264 2380 382 2425 Vulgo
418 2380 511 2413 enim
546 2380 629 2413 iude
662 2391 684 2412 a
712 2378 888 2412 Lambino
921 2378 1084 2412 scribitur
1116 2380 1202 2412 satis
1234 2391 1427 2423 perverse:
1466 2380 1658 2414 voluimus

268 2441 442 2470 aetatem
467 2440 551 2470 eins
577 2440 619 2470 z‘n
644 2436 844 2482 disparem
870 2438 1075 2469 oratorum
1100 2440 1272 2470 aetatem
1297 2436 1504 2470 includere.
1555 2438 1659 2472 Com-

269 2504 363 2536 pone
389 2495 430 2527 in
456 2493 661 2539 disparem
687 2497 871 2526 aetatem.
890 2512 936 2517 —-
968 2494 1146 2537 contiffl‘l]
1170 2492 1251 2537 fuit
1275 2492 1341 2539 Lg.
1360 2493 1416 2527 20.
1436 2493 1491 2527 35.
1516 2514 1561 2518 —
1589 2494 1659 2528 Ac-

268 2549 365 2592 cius]
405 2550 457 2583 sic
491 2549 597 2585 codd.
628 2554 775 2594 praeter
808 2548 874 2595 Lg.
907 2547 951 2582 39
985 2549 1174 2591 (aerius),
1212 2549 1279 2583 Gu.
1313 2551 1340 2584 l.
1383 2549 1465 2585 Vat.
1510 2550 1565 2584 ed.
1603 2562 1656 2595 pr.

267 2608 446 2649 (aetius).
468 2624 515 2631 >—
553 2606 685 2651 quom]
712 2606 858 2651 scripsi,
885 2605 970 2650 quia
992 2617 1067 2650 qna,
1094 2612 1147 2639 est
1174 2606 1208 2639 in
1234 2606 1326 2642 Ven.
1351 2607 1380 2641 l.
1416 2606 1482 2653 Lg.
1510 2612 1657 2653 praeter

267 2663 322 2700 20.
349 2663 424 2707 51.,
450 2674 567 2709 quum
591 2662 646 2699 20.
682 2674 804 2708 quam
830 2662 883 2697 51.
910 2682 955 2688 —
990 2664 1201 2709 octoqz'nla]
1227 2667 1400 2709 crz’qenta
1428 2663 1494 2699 Gu.
1523 2662 1550 2699 1.
