1835 3126
588 201 847 246 BRUTUS
889 202 1007 246 CAP.
1038 204 1104 246 35.
1427 206 1543 253 215

151 329 234 359 non
262 314 485 356 mediocris
516 313 568 356 ab
600 314 835 357 oratoribus
864 314 1073 371 plerisque
1104 316 1298 371 neglecta
1328 324 1403 361 est.
1446 332 1543 362 nam

152 394 201 435 de
229 405 332 435 sono
362 394 480 435 vocis
510 399 548 435 et
575 395 778 436 suavitate
811 394 1150 450 appellandarum
1177 395 1410 448 literarum,
1441 411 1543 453 quo-

148 473 260 512 niam
285 470 411 512 filium
436 473 688 526 cognovisti,
718 472 806 515 noli
829 480 1070 529 exspectare
1098 474 1194 530 quid
1219 474 1366 517 dicam.
1412 489 1543 531 quan-

151 562 271 605 quam
302 549 410 591 filius
434 550 597 605 quidem
628 564 711 593 non
736 551 809 593 fuit
840 553 882 592 in
907 558 1113 595 oratorum
1139 566 1329 603 numero,
1362 553 1437 595 sed
1459 567 1543 596 non

149 628 291 670 deerat
322 630 360 670 ei
391 635 528 671 tamen
564 631 607 670 in
639 631 843 672 sententia
873 630 1052 672 dicenda
1089 644 1178 673 cum
1207 631 1424 687 prudentia
1457 638 1542 674 tum

147 706 322 761 elegans
355 708 560 762 quoddam
591 715 629 750 et
660 708 861 750 eruditum
891 710 1093 751 orationis
1122 723 1266 764 genus.
1327 709 1421 752 134.
1454 708 1541 753 Nec

146 784 311 826 habitus
343 792 405 828 est
433 793 571 828 tamen
600 793 716 842 pater
749 788 837 842 ipse
871 785 1041 828 Catulus
1073 788 1263 842 princeps
1295 789 1339 828 in
1369 802 1539 831 numero

145 870 430 919 patronorum,
462 863 536 905 sed
562 870 651 905 erat
676 864 792 913 talis,
819 870 879 913 ut,
908 877 998 905 cum
1025 863 1226 918 quosdam
1252 864 1439 915 audires,
1472 868 1542 921 qui

146 950 227 984 tum
255 949 372 985 erant
397 947 678 997 praestantes,
709 941 919 982 videretur
943 954 1038 983 esse
1062 941 1258 991 inferior,
1289 955 1380 984 cum
1405 949 1541 985 autem

144 1022 276 1076 ipsum
322 1019 489 1061 audires
535 1020 625 1061 sine
664 1020 996 1075 comparatione,
1041 1032 1125 1061 non
1163 1019 1285 1062 modo
1325 1027 1540 1063 contentus

145 1111 287 1148 esses,
320 1097 395 1139 sed
425 1097 573 1139 melius
604 1111 688 1140 non
719 1110 958 1153 quaereres.
1020 1097 1114 1139 135.
1148 1096 1197 1148 Q.
1227 1096 1425 1141 Metellus
1455 1097 1540 1141 Nu-

143 1177 318 1219 midicus
343 1182 382 1218 et
408 1178 497 1217 eius
521 1176 690 1231 collega
712 1175 771 1217 M.
795 1175 967 1219 Silanus
993 1175 1188 1218 dicebant
1212 1177 1262 1218 de
1288 1190 1334 1219 re
1357 1176 1538 1234 publica,

145 1255 253 1312 quod
277 1261 390 1297 esset
419 1254 505 1296 illis
531 1255 633 1297 viris
664 1260 704 1296 et
734 1254 947 1297 consulari
973 1254 1163 1309 dignitati
1191 1256 1308 1297 satis.
1367 1254 1428 1297 M.
1451 1255 1540 1297 Au-

142 1334 271 1375 relius
296 1332 481 1376 Scaurus
510 1346 594 1375 non
618 1346 744 1389 saepe
769 1333 954 1384 dicebat,
987 1333 1061 1375 sed
1085 1333 1236 1389 polite3
1265 1332 1415 1376 Latine
1438 1347 1538 1377 vero

143 1413 330 1468 inprimis
367 1418 430 1453 est
465 1411 682 1465 eleganter
718 1411 893 1454 locutus.
954 1412 1071 1462 Quae
1109 1412 1203 1453 laus
1235 1412 1383 1454 eadem
1412 1413 1456 1453 in
1485 1411 1537 1454 A.

144 1490 299 1532 Albino
330 1489 435 1531 hene
462 1489 660 1544 loquendi
689 1490 776 1531 suit.
827 1488 933 1531 Nam
958 1489 1107 1531 flamen
1131 1489 1310 1532 Albinus
1342 1491 1466 1532 etiam
1496 1491 1539 1532 in

142 1582 312 1610 numero
331 1574 393 1610 est
414 1567 579 1610 habitus
601 1568 859 1610 disertorum.
893 1567 941 1619 Q.
960 1570 1084 1610 etiam
1103 1567 1272 1624 Caepio,
1293 1569 1358 1610 vir
1380 1581 1479 1611 acer
1500 1575 1539 1610 et

144 1647 275 1697 fortis,
300 1648 365 1689 cui
381 1646 546 1688 fortuna
560 1646 661 1688 belli
679 1648 853 1696 crimini,
877 1647 1035 1689 invidia
1049 1647 1189 1703 populi
1206 1646 1433 1689 calamitati
1450 1646 1537 1688 fuit.

142 1791 343 1833 referrent,
375 1802 464 1824 sane
497 1801 569 1824 non
593 1790 827 1823 inveniebant
854 1800 925 1833 quo
950 1794 1058 1833 pacto
1083 1790 1406 1834 reprehensionem
1430 1788 1538 1824 Bruti

144 1861 222 1883 cum
248 1848 481 1883 excusatione
505 1846 591 1880 satis
617 1846 797 1891 probabili
822 1845 1068 1882 conciliarent.
1110 1846 1248 1880 Verum
1272 1852 1390 1880 tamen
1417 1846 1539 1881 debuit

143 1907 240 1950 prius
264 1903 460 1938 membrum
490 1914 556 1947 pro
582 1902 798 1936 secundaria
827 1902 981 1946 quadam
1007 1904 1217 1937 accessione
1243 1913 1538 1948 praegressorum

141 1961 287 1995 haberi:
322 1960 460 2000 fateor,
494 1959 627 2004 inquit,
664 1959 746 1993 illos
775 1959 860 1992 mihi
888 1959 1031 2004 ignotos
1057 1971 1159 2002 esse,
1192 1960 1290 1993 cuius
1317 1959 1459 2003 quidem
1483 1959 1538 1992 rei

142 2018 283 2062 culpam
305 2017 382 2061 ipse
403 2016 583 2057 sustineo,
610 2016 742 2061 quippe
761 2027 887 2061 parum
908 2016 1068 2050 curiosus
1086 2028 1211 2050 eorum
1229 2016 1422 2057 libroruin,
1448 2026 1538 2060 quos

141 2085 244 2108 casus
272 2084 452 2117 nunquam
480 2072 679 2106 obtulisset.
693 2075 716 2092 ‘⁶
764 2072 865 2105 Haec
893 2072 952 2106 ille
980 2078 1098 2114 recte,
1129 2073 1195 2106 sed
1224 2072 1317 2106 male
1342 2071 1537 2105 distinctio-

141 2141 221 2164 nem
249 2129 439 2162 maximam
472 2135 553 2173 post
579 2128 805 2163 inciderunt
838 2129 994 2162 retinuit.
1044 2129 1305 2173 Componenda
1338 2128 1430 2160 enim
1457 2131 1538 2160 sunt

141 2197 339 2230 nunquam
357 2205 401 2209 ——
419 2185 666 2223 incz‘clerunt5
690 2195 791 2217 nunc
815 2188 947 2216 autem
971 2189 1007 2217 et
1030 2195 1053 2217 a
1075 2189 1112 2217 te
1134 2196 1301 2218 sumam.
1322 2203 1367 2207 —
1393 2182 1538 2216 incide-

141 2243 247 2285 runt]
276 2241 502 2275 occiderunt
528 2240 594 2274 Gu.
620 2240 647 2274 l.
666 2260 710 2264 —-
745 2239 918 2283 dicendi]
944 2243 985 2273 in
1013 2239 1177 2274 (licendo
1205 2240 1259 2275 ed.
1285 2251 1339 2284 pr.
1373 2251 1407 2274 v.
1428 2238 1536 2283 Expl.

142 2300 177 2333 in
203 2298 247 2333 de
267 2296 331 2332 Or.
354 2297 394 2330 ll.
414 2296 476 2339 19,
495 2296 547 2331 78.
575 2295 632 2330 ΙΙΙ.
654 2296 715 2338 76,
732 2296 809 2331 3Ο7.
837 2301 873 2330 et
899 2296 1024 2330 confer
1046 2308 1091 2330 ex
1109 2296 1226 2331 Bruto
1252 2296 1369 2330 locum
1396 2295 1458 2337 13,
1480 2295 1536 2329 50.

235 2376 309 2410 134.
360 2387 447 2410 cum
464 2374 656 2420 quosdam
675 2375 850 2418 audires]
869 2386 957 2409 cum
975 2377 1010 2409 is
1026 2375 1220 2420 quosdam
1238 2374 1304 2409 Gu.
1323 2375 1352 2408 l.
1386 2372 1536 2408 Schnei-

141 2434 249 2468 derus
274 2434 371 2467 nulla
388 2433 519 2466 idonea
545 2432 590 2466 de
610 2444 717 2466 causa
742 2433 834 2466 coni.
862 2436 926 2472 ut,
952 2435 988 2466 si
1012 2444 1100 2467 cum
1126 2434 1176 2465 iis
1202 2431 1432 2466 audires.—-
1459 2440 1537 2464 non

141 2491 260 2525 modo
280 2489 499 2532 contentus]
523 2500 600 2523 non
625 2489 743 2523 modo
769 2501 812 2523 eo
840 2493 1041 2524 contentus
1063 2488 1189 2524 Lamb.

236 2568 312 2604 135.
364 2567 543 2612 Silanus]
569 2568 733 2602 sillanus
751 2567 817 2614 Lg.
835 2567 891 2603 20.
912 2568 967 2603 53.
987 2569 1032 2603 70
1045 2579 1136 2602 corr.
1173 2566 1268 2601 Hinc
1293 2564 1374 2600 edd.
1396 2564 1538 2609 plerae-

145 2635 214 2669 que
236 2630 382 2659 veteres
402 2623 602 2670 syllanus,
626 2626 766 2660 doctius
783 2626 902 2660 visum
919 2625 1042 2659 nescio
1068 2624 1152 2670 quid
1176 2623 1222 2658 de
1240 2621 1354 2668 Sylla
1371 2633 1399 2656 s.
1419 2618 1537 2655 Sulla

142 2681 475 2716 somniantibus.—-
497 2682 543 2718 Α,
560 2681 716 2728 Albino]
737 2682 877 2719 Albino
897 2681 993 2719 Aulo
1015 2680 1081 2727 Lg.
1097 2680 1213 2717 20.›-
1235 2691 1327 2715 acer
1345 2682 1383 2714 et
1396 2676 1536 2723 fortis]

145 2738 220 2774 inv.
247 2737 315 2784 Lg.
341 2738 397 2774 39.
