1835 3126
556 168 811 213 BRUTUS
851 169 970 214 CAP.
1001 172 1039 215 6.
1070 172 1108 216 7.
1413 175 1529 222 163

138 282 281 324 habita
323 281 367 323 in
407 281 572 324 civitate
615 280 921 337 pulcherruma,
965 295 1086 326 nemo
1131 289 1192 326 est
1229 289 1311 327 tam
1348 284 1528 336 humilis,

138 361 206 415 qui
243 372 288 401 se
326 372 409 401 non
448 366 516 401 aut
550 370 676 416 posse
715 360 892 416 adipisci
932 367 1000 403 aut
1036 361 1225 418 adeptum
1260 368 1390 419 putet:
1438 363 1528 407 elo—

135 444 324 493 quentem
360 438 565 479 neminem
600 438 722 481 v-ideo
761 439 913 482 sactum
950 452 1045 481 esse
1081 441 1269 482 victoria.
1336 441 1411 483 sed
1447 455 1526 497 quo

135 515 302 558 facilius
340 529 475 558 sermo
515 516 759 572 explicetur,
799 517 1010 567 sedentes,
1050 519 1085 560 si
1120 518 1300 567 videtur,
1338 531 1525 573 agamus.

138 591 238 635 Cum
274 594 382 636 idem
412 594 640 651 placuisset
671 595 776 645 illis,
816 602 898 638 tum
928 597 970 637 in
1001 596 1162 651 pratulo
1191 603 1357 652 propter
1384 596 1526 640 Plato-

133 673 199 714 nis
238 679 414 715 statuam
453 673 729 715 consedimus.
793 673 862 715 25.
902 672 979 716 Hic
1022 687 1120 728 ego:
1166 672 1360 717 Laudare
1401 676 1527 730 igitur

135 750 412 806 eloquentiam
444 758 483 793 et
514 759 667 807 quanta
695 752 759 793 vis
790 752 843 793 sit
871 752 961 792 eius
985 764 1225 806 expromere
1251 759 1525 808 quantamque

135 830 219 879 eis,
252 831 320 884 qui
351 830 432 871 sint
456 842 548 871 eam
573 829 806 877 consecuti,
839 828 1079 882 dignitatem
1104 827 1251 870 afferat
1274 843 1407 885 neque
1430 843 1525 886 pro-

133 907 310 962 positiun
339 906 460 951 nobis
486 912 549 947 est
577 905 657 947 hoc
681 904 777 947 loco
807 917 941 959 neque
971 906 1270 948 necessarium.
1320 906 1399 949 hoc
1423 920 1523 950 vero

133 986 223 1026 sine
248 984 336 1026 ulla
358 982 611 1024 dubitatione
637 981 985 1032 confirmaverim,
1016 984 1104 1025 sive
1127 982 1203 1025 illa
1229 991 1316 1026 arte
1340 985 1528 1041 pariatur

132 1061 274 1117 aliqua
304 1062 392 1103 sive
424 1061 719 1103 exercitatione
752 1060 931 1117 quadam
961 1061 1049 1103 sive
1079 1067 1246 1112 natura,
1285 1075 1372 1104 rem
1402 1075 1527 1105 unam

131 1152 226 1182 esse
259 1140 437 1182 omnium
462 1138 773 1181 difficillumam.
820 1139 968 1195 quibus
991 1140 1099 1182 enim
1122 1153 1173 1182 ex
1196 1141 1374 1196 quinque
1398 1140 1525 1184 rebus

131 1224 322 1260 constare
349 1217 508 1268 dicitur,
535 1231 676 1260 earum
699 1231 973 1274 unaquaeque
997 1224 1060 1260 est
1084 1231 1153 1260 ars
1175 1219 1269 1275 ipsa
1283 1232 1438 1274 magna
1451 1233 1527 1276 per

130 1308 239 1338 sese.
299 1309 426 1352 quare
458 1297 636 1352 quinque
668 1298 814 1338 artium
846 1310 1073 1339 concursus
1103 1299 1374 1340 maximarum
1395 1310 1525 1353 quan-

127 1380 211 1417 tam
234 1376 317 1417 vim
341 1381 616 1430 quantamque
641 1374 922 1418 difficultatem
948 1374 1102 1418 habeat
1125 1376 1353 1418 existimari
1375 1381 1523 1431 potest.

242 1451 329 1495 Vll.
359 1453 428 1494 26.
460 1451 601 1494 Testis
632 1459 695 1495 est
727 1452 925 1503 Graecia,
972 1466 1098 1508 quae,
1137 1467 1228 1496 cum
1260 1453 1523 1509 eloquentiae

130 1531 265 1573 studio
311 1532 363 1573 sit
402 1531 578 1572 incensa
613 1530 850 1587 iamdiuque
887 1531 1067 1574 excellat
1102 1533 1146 1573 in
1182 1545 1233 1574 ea
1261 1538 1524 1588 praestetque

129 1609 299 1658 ceteris,
329 1615 468 1650 tamen
497 1609 630 1650 omnis
662 1610 763 1650 artis
791 1611 1040 1653 vetustiores
1064 1609 1190 1651 habet
1214 1616 1254 1651 et
1275 1609 1401 1652 multo
1429 1616 1523 1652 ante

128 1701 213 1729 non
242 1689 431 1729 inventas
463 1686 617 1736 solum,
651 1686 725 1728 sed
756 1688 880 1728 etiam
908 1687 1139 1742 perfectas,
1171 1699 1295 1742 quam
1323 1686 1429 1729 haec
1461 1693 1525 1729 est

129 1768 172 1818 [a
189 1764 379 1816 Graecis]
397 1764 615 1807 elaborata
631 1763 795 1807 dicendi
819 1764 884 1807 vis
906 1770 1027 1820 atquc
1057 1765 1191 1821 copia.
1229 1763 1277 1808 In
1293 1777 1414 1821 quam
1431 1778 1523 1808 cum

210 1909 255 1936 25.
291 1907 414 1942 habeat]
434 1907 572 1933 habeant.
656 1945 662 1948 ἰ

208 1954 252 1980 26.
288 1961 307 1980 α
330 1953 471 1988 Graecis]
492 1954 558 1979 sine
579 1953 673 1980 uncis⁴

126 2074 253 2113 Ottob.
270 2077 350 2113 Vat.
367 2095 413 2103 ——
439 2079 508 2122 qui
524 2078 619 2122 sint]
646 2079 698 2112 sic
718 2076 775 2112 ed.
795 2088 848 2122 pr.
870 2082 906 2111 et
923 2076 1028 2112 codd.
1048 2082 1195 2123 praeter
1209 2075 1324 2113 Gu.1.
1348 2076 1435 2111 Par.
1455 2076 1520 2113 D.:

125 2134 186 2168 alii
211 2138 309 2169 sunt.
339 2154 378 2160 -—-
413 2133 487 2170 hoc
512 2135 616 2178 vero]
647 2134 719 2168 hoc
746 2144 816 2179 eqo
842 2132 910 2169 Gu.
933 2133 963 2168 1.
989 2152 1034 2158 ·-
1074 2133 1404 2177 confirmaverim]
1431 2142 1520 2166 cou-

1148 2196 1257 2214 maven

122 2221 256 2267 feram
275 2224 360 2257 verz·
377 2222 443 2267 Lg.
465 2233 568 2267 pars3
593 2222 627 2255 in
650 2221 744 2256 Ven.
762 2221 792 2256 l.
813 2222 985 2266 scriptum
1006 2220 1213 2266 conferam
1258 2223 1353 2257 veri.
1368 2241 1413 2246 —
1441 2222 1521 2256 sive

127 2278 214 2321 illa]
243 2280 322 2312 sive
347 2277 428 2312 ulla
449 2278 515 2323 Lg.
538 2278 570 2313 S.
593 2277 638 2312 20
657 2288 751 2312 corr.
777 2277 833 2312 39.
855 2278 910 2312 51.
933 2276 987 2311 58.
1022 2277 1116 2312 Ven.
1137 2277 1165 2313 l.
1200 2277 1268 2313 Gu.
1293 2277 1322 2311 l.
1340 2296 1386 2302 —
1414 2277 1521 2322 diffi-

127 2334 348 2377 cillumum]
374 2334 425 2368 sic
441 2334 507 2380 Lg.
528 2334 559 2368 8.
579 2334 634 2368 51.
682 2334 778 2369 Mox
801 2345 1085 2368 ‘maxumarum
1104 2333 1173 2380 Lg.
1192 2334 1225 2369 8.
1259 2332 1352 2368 Ven.
1382 2331 1458 2368 Ott.
1476 2352 1517 2359 —

127 2390 286 2435 habeat]
312 2391 414 2432 libri,
439 2396 478 2425 ut
497 2390 658 2434 videtur,
685 2402 811 2425 omnes
837 2389 1028 2431 habeant,
1056 2389 1153 2434 quod
1177 2390 1313 2436 primus
1337 2401 1415 2423 cum
1441 2401 1520 2425 cor-

126 2448 283 2482 rexisset
307 2447 524 2489 Lambinus,
552 2459 668 2493 nuper
693 2459 815 2482 rursus
841 2447 976 2494 placuit
1001 2446 1179 2492 Meyero,
1216 2446 1271 2480 cui
1297 2445 1520 2490 Bernhardy·

127 2503 207 2538 iure
233 2504 366 2539 obiecit
388 2504 528 2549 plurale
555 2516 765 2540 concursus
789 2516 863 2540 non
880 2504 996 2539 videri
1021 2503 1088 2538 dici
1115 2503 1161 2538 de
1180 2504 1308 2538 artium
1330 2502 1518 2537 societate.

220 2581 298 2617 Vll.
345 2582 401 2619 26.
452 2584 594 2628 omnis]
621 2583 672 2618 sic
698 2583 762 2630 hg,
794 2594 941 2626 onmes,
969 2582 1061 2618 Ven.
1089 2581 1118 2617 l.
1157 2579 1282 2617 Ottob.
1309 2580 1366 2616 ed.
1393 2591 1447 2626 pr.
1470 2598 1517 2606 -

130 2649 155 2672 α
185 2637 364 2683 Graecis]
390 2641 490 2675 uncis
514 2640 640 2675 inclusi
666 2652 745 2676 cum
769 2640 927 2687 Meyer-0
950 2639 1087 2674 illatum
1112 2643 1243 2684 putans
1268 2649 1315 2673 ex
1338 2636 1517 2682 margine;

127 2706 201 2731 non
228 2696 326 2741 quod
343 2697 541 2743 praecedat
564 2700 676 2733 testis
691 2702 751 2734 est
772 2698 964 2738 Graecia,
988 2707 1071 2732 nam
1093 2707 1116 2731 a
1133 2695 1295 2731 locorum
1314 2692 1519 2730 nominibus

1151 2763 1242 2805 ll*
