1835 3126
311 229 444 280 388
738 226 1265 271 EXPLICATIONES

317 346 407 386 168.
442 344 535 382 177.
566 340 662 380 206.
721 338 997 380 Commentarii
1028 341 1067 379 in
1096 352 1250 380 carmen
1279 340 1436 382 Saliare
1464 339 1591 382 Varro
1621 349 1700 378 me-

313 411 421 450 minit
449 409 495 448 L.
526 408 572 447 L.
612 407 780 459 p.,283.
839 406 976 446 Festus
1007 419 1044 458 p.
1079 407 1173 446 168.
1207 409 1322 455 238.;
1363 406 1627 447 commentarii
1656 404 1703 444 de

313 475 460 516 fabulis
492 474 684 515 Plautinis
725 472 887 522 Quintil.
928 473 980 513 X.
1012 475 1058 521 l,
1097 474 1165 513 99.
1218 472 1316 514 Gell.
1354 473 1420 514 111.
1451 476 1489 514 3.
1556 473 1702 513 Horum

312 555 406 597 pars
434 543 598 593 Meyero
629 540 803 580 debetur.

429 611 520 649 170.
579 610 626 646 L.
666 609 865 658 Papirium
901 606 1172 656 Fregellanum]
1216 606 1251 645 is
1285 605 1325 644 in
1362 617 1439 657 qua
1479 616 1597 644 causa
1630 616 1702 657 pro

315 676 462 717 civibus
493 675 572 714 suis
600 673 844 726 coloniisque
874 673 1026 713 Latinis
1058 672 1200 712 dixerit
1227 673 1453 723 ignoratum
1483 683 1571 710 nam
1601 671 1703 722 quod

315 743 408 783 olim
438 740 586 781 credidi
614 752 695 780 rem
728 740 779 779 ad
810 740 1115 779 coniurationem
1144 738 1469 789 Fregellanorum
1497 738 1705 790 pertinere,

314 809 362 849 de
392 821 471 861 qua
501 808 693 860 quaesivit
720 807 766 847 L.
791 806 967 859 Opimius
996 811 1176 858 praetor,
1206 805 1305 845 ferri
1331 817 1408 845 non
1434 810 1584 857 potest,
1615 803 1708 856 quia

313 875 495 928 Papirius
525 875 648 926 patris
680 874 943 915 Gracchorum
973 873 1151 924 aequalis
1182 872 1333 912 dicitur.

432 943 524 981 171..
582 941 811 979 urbanitatis
849 939 962 989 color]
1008 951 1092 979 cum
1131 940 1205 979 hoc
1239 944 1320 980 toto
1354 939 1444 978 loco
1484 935 1708 977 conferendi

316 1013 403 1047 sunt
428 1007 508 1048 Cic.
537 1006 584 1046 de
608 1008 676 1048 Or.
699 1008 766 1047 III.
793 1009 866 1056 ll,
886 1008 953 1046 42.
983 1007 1253 1056 {Quintilianus
1279 1006 1342 1047 VI.
1368 1008 1413 1054 3,
1438 1006 1530 1044 102.
1574 1003 1707 1052 „Con-

317 1076 433 1114 cessit
455 1074 672 1126 municipiis
696 1073 851 1113 laudem
874 1073 1089 1113 industriae
1110 1073 1399 1124 doctrinaeque,
1422 1083 1557 1111 sonum
1581 1075 1708 1109 autem

315 1140 458 1179 leniter
497 1151 721 1191 expressum
759 1145 796 1179 et
833 1140 963 1179 nescio
1000 1140 1092 1192 quid
1130 1139 1319 1180 reconditi
1349 1139 1502 1191 saporis
1536 1137 1708 1187 negabat

317 1216 359 1245 se
389 1216 607 1256 agnoscere
635 1206 709 1243 nisi
737 1206 777 1243 in
805 1206 1022 1244 hominihus
1045 1207 1227 1254 urbanis,
1259 1207 1325 1257 qui
1346 1207 1573 1246 suavitatem
1598 1204 1707 1243 illam

316 1272 405 1311 urbi
449 1271 707 1322 gentibusque
751 1268 945 1310 nobilium
983 1272 1183 1323 propriam
1222 1277 1395 1311 tenerent
1432 1271 1542 1310 nulla
1585 1281 1708 1322 opera

318 1338 546 1390 quaesitam.
605 1337 740 1389 Itaque
770 1349 848 1377 non
874 1348 991 1378 voces
1021 1338 1165 1389 pressit
1199 1338 1460 1389 qualicunque
1488 1337 1709 1389 peregrini—

315 1404 406 1443 tatis
429 1408 522 1443 nota
544 1403 720 1453 infectas,
746 1403 814 1443 sed
837 1405 1006 1455 gratiam
1023 1404 1215 1456 quandam
1236 1405 1406 1445 nativam
1423 1409 1460 1443 et
1475 1403 1709 1455 elegantiam

317 1469 437 1520 (addo
470 1481 545 1521 ego
581 1484 664 1508 cum
691 1471 887 1509 verborum
916 1477 996 1508 tum
1023 1470 1309 1521 pronuntiandi)
1350 1470 1497 1511 civibus
1526 1471 1607 1510 suis
1638 1469 1707 1509 ad-

316 1536 552 1578 iudicavit.“
610 1538 843 1585 Bernhardy.

428 1606 469 1641 in
501 1604 682 1654 Galliam]
712 1616 760 1644 eo
792 1603 1038 1660 profecturus
1071 1610 1155 1645 erat
1185 1618 1221 1644 a.
1244 1606 1327 1646 709
1349 1617 1373 1645 a
1396 1603 1567 1646 Caesare
1590 1615 1707 1657 prae-

315 1672 439 1712 fectus
469 1671 697 1724 provinciae
725 1671 944 1722 regendae:
974 1685 1009 1713 v.
1040 1671 1089 1712 ad
1118 1672 1205 1713 Div.
1232 1672 1298 1714 vl.
1327 1673 1366 1712 6.

431 1740 523 1778 172.
587 1742 631 1777 Τ,
652 1738 823 1788 Tincam]
844 1738 890 1778 de
908 1751 953 1779 eo
969 1736 1284 1794 βαρβαρίζοντι
1298 1753 1334 1781 v.
1352 1738 1512 1790 Quintil.
1528 1738 1557 1779 1.
1573 1738 1611 1788 5,
1631 1740 1708 1787 12.,

317 1805 389 1844 etsi
417 1805 502 1856 ipse
532 1804 578 1844 de
608 1816 652 1844 re
681 1803 859 1844 dubitare
887 1806 1050 1847 videtur.

432 1870 703 1920 Qvieopltrasto]
740 1883 822 1910 rem
861 1873 1060 1923 pluribus,
1096 1873 1164 1915 sed
1203 1874 1391 1914 incertum
1421 1886 1469 1914 ex
1498 1885 1574 1926 quo
1602 1872 1709 1913 fonte

316 1938 509 1985 haustam,
536 1937 694 1989 exponit
723 1936 984 1986 Quintilianus
1014 1940 1113 1980 VIIl.
1150 1942 1193 1989 l,
1225 1944 1263 1979 2.

428 2004 585 2045 XLVII.
647 2005 739 2043 173.
798 2006 845 2041 L.
872 2006 1080 2055 Philippus]
1112 2019 1147 2047 v.
1176 2006 1358 2058 prolegg.
1385 2007 1421 2060 ξ.
1450 2008 1515 2047 28.

428 2069 494 2106 sed
523 2070 631 2118 longo
659 2075 784 2107 tamen
812 2072 1024 2121 intervallo]
1055 2072 1226 2112 imitatus
1256 2073 1482 2113 sententiam
1511 2077 1588 2122 est,
1618 2073 1706 2115 Vir-

316 2135 435 2188 gilius
463 2136 560 2176 Aen.
590 2135 635 2176 V.
668 2137 771 2176 320:

498 2204 701 2241 Proximus
730 2202 834 2249 huic,
866 2203 975 2253 longo
999 2205 1063 2242 sed
1090 2208 1288 2256 proximus
1313 2209 1523 2247 intervallo,

314 2269 377 2310 Ad
416 2269 644 2309 sententiam
680 2268 908 2309 Schuetzius
947 2272 1117 2312 conferri
1152 2274 1312 2315 iubebat
1341 2274 1572 2325 Quintiliani
1609 2274 1707 2315 illud

317 2335 365 2376 de
405 2336 634 2376 Antimacho
672 2335 723 2374 X.
757 2337 801 2384 l,
833 2336 905 2377 53:
946 2343 1117 2388 quamvis
1148 2342 1373 2381 Antimacho
1407 2343 1589 2381 secundas
1628 2342 1707 2389 fere

315 2405 646 2452 yrammaticorum
681 2414 879 2440 consensus
916 2404 1080 2452 deferat,
1126 2413 1161 2444 et
1189 2407 1382 2457 affectibus
1410 2416 1444 2448 ct
1478 2409 1707 2447 iucunditate

317 2475 352 2507 et
393 2469 633 2518 dispositione
677 2473 711 2505 et
748 2471 897 2507 omuino
938 2477 1018 2509 arte
1052 2472 1240 2521 deficitur,
1282 2482 1324 2514 ut
1359 2477 1469 2527 plane
1506 2476 1705 2523 manifesto

315 2541 499 2586 appareat
541 2540 680 2586 (planto
721 2537 771 2572 sil
814 2535 919 2573 aliud
956 2541 1170 2586 prooeimum
1210 2555 1305 2588 esse,
1353 2543 1458 2582 aliud
1489 2543 1702 2581 secundum.

315 2601 544 2642 Ciceronem
582 2606 619 2642 et
657 2600 866 2652 Virgilium
906 2607 1117 2645 antestatus
1147 2608 1377 2650 Macrobius
1406 2610 1468 2653 VI.
1500 2612 1537 2649 2.
1577 2615 1705 2650 monet

313 2674 355 2709 ut
395 2681 599 2711 caveamus
633 2681 658 2709 a
686 2668 869 2710 mutanda
902 2676 1061 2724 recepta
1092 2675 1305 2728 scriptura,
1346 2677 1449 2730 quod
1479 2689 1555 2718 non
1584 2677 1703 2717 nullis

313 2735 474 2787 placuit.

1797 799 1799 833 ’ἡ
1796 672 1817 756 -ςῖῑ;;
1809 629 1814 636 -
