1835 3126
547 149 806 193 BRUTUS
847 149 965 193 CAP.
996 151 1064 195 85.
1367 152 1500 197 299

113 267 156 307 in
191 260 350 306 caelum
379 259 496 304 effert
531 261 725 304 laudibus
756 261 1028 316 Protagoram
1058 261 1249 319 Hippiam
1281 261 1501 319 Prodicum

113 342 310 395 Gorgiam
340 347 520 391 ceteros,
559 354 603 383 se
636 347 769 383 autem
801 342 979 383 omnium
1009 354 1145 383 rerum
1182 342 1356 382 inscium
1385 341 1501 396 fingit

109 426 147 462 et
184 419 340 461 rudem.
399 418 528 462 Decet
566 419 645 462 hoc
674 421 818 461 nescio
855 433 934 474 quo
965 419 1086 461 modo
1126 418 1258 460 illum:
1295 432 1372 461 neo
1402 418 1500 475 Epi-

106 510 227 548 curo,
259 500 327 553 qui
352 498 393 539 id
418 497 697 554 reprehendit,
730 498 949 540 assentior.
1010 495 1096 539 Sed
1126 498 1167 539 in
1191 496 1386 546 historia,
1416 510 1499 552 qua

104 583 147 617 tu
176 589 222 617 es
252 589 352 618 usus
391 578 433 617 in
463 578 570 618 omni
604 589 815 623 sermone,
859 589 950 618 cum
982 575 1118 631 qualis
1150 577 1323 631 quisque
1355 581 1497 617 orator

104 654 250 696 suisset
275 667 526 710 exponeres,
555 655 672 706 vide,
701 667 882 710 quaeso,
913 655 1065 710 inquit,
1090 667 1140 695 ne
1166 660 1247 696 tam
1272 653 1496 709 reprehen-

104 732 240 774 denda
271 735 323 775 sit
354 734 490 775 ironia
519 746 640 788 quam
674 734 716 774 iu
743 734 992 775 testimonio.
1051 732 1147 773 293.
1186 731 1395 782 Quorsus,
1434 733 1496 773 iu-

103 823 248 866 quam,
282 812 416 853 istch
462 824 546 852 non
576 812 685 851 enim
714 810 926 863 intellego.
986 808 1095 859 Quia
1127 810 1319 864 primum,
1354 811 1496 864 inquit,

103 890 162 930 ita
198 888 422 931 laudavisti
453 887 655 943 quosdam
693 893 904 936 oratores,
942 892 984 927 ut
1022 887 1233 941 imperitos
1263 899 1412 942 posses
1454 889 1496 928 in

101 979 285 1009 errorem
314 966 522 1007 inducere.
568 962 770 1019 Equidem
796 965 838 1005 in
862 963 1105 1019 quibusdam
1133 965 1262 1006 risum
1291 966 1361 1007 vix
1380 971 1496 1007 tene-

99 1043 214 1093 bam,
253 1056 343 1085 cum
383 1042 523 1085 Attico
554 1041 711 1097 Lysiae
744 1041 944 1084 Catonem
981 1049 1166 1085 nostrum
1205 1043 1494 1099 comparabas,

102 1135 313 1176 magnum,
360 1135 424 1164 me
458 1120 661 1171 Hercule,
696 1119 904 1163 hominem
938 1121 1007 1164 vel
1044 1123 1178 1177 potius
1216 1135 1417 1164 summum
1455 1129 1495 1165 et

99 1200 354 1255 singularem
383 1201 534 1242 virum:
565 1212 686 1242 nemo
718 1199 827 1242 dicet
857 1213 1003 1250 secus,
1036 1200 1109 1241 sed
1142 1205 1373 1242 oratorem}
1419 1201 1495 1243 sed

99 1281 224 1321 ctiam
266 1277 423 1333 Lysiae
473 1278 687 1321 similem?
737 1292 815 1334 quo
859 1278 963 1320 nihil
1006 1285 1141 1335 potest
1187 1292 1282 1320 esse
1330 1280 1492 1335 pictius.

95 1356 220 1399 Bella
258 1358 415 1408 ironia,
460 1358 496 1400 si
535 1359 790 1408 iocaremur3
835 1358 900 1398 sin
940 1369 1255 1406 asseveramus,
1298 1358 1393 1400 vide
1437 1371 1490 1400 ne

98 1436 250 1490 religio
293 1435 415 1478 nobis
458 1441 542 1477 tam
587 1435 823 1477 adhibenda
862 1437 934 1485 sit,
980 1449 1101 1491 quam
1143 1437 1179 1477 si
1215 1437 1493 1479 testimonIum

97 1513 341 1556 diceremus.
401 1513 497 1556 294.
533 1512 622 1569 Ego
663 1515 772 1557 enim
803 1512 1002 1556 Catonem
1038 1520 1149 1556 tuum
1186 1520 1227 1556 ut
1258 1515 1410 1566 civem,
1452 1521 1494 1558 ut

180 1635 241 1663 293.
278 1636 456 1672 dicaremus]
477 1637 617 1664 dicamus.

186 1738 266 1772 293.
316 1739 494 1783 quorsus]
527 1738 708 1782 antiquius
736 1736 806 1770 hoc
831 1741 867 1770 et
891 1737 1007 1771 rarius
1033 1737 1129 1782 apud
1155 1737 1390 1781 Ciceronem,
1425 1741 1491 1774 sed

96 1794 394 1841 praeferendum,
437 1794 520 1838 quia
559 1794 614 1829 ed.
650 1805 705 1838 pr.
747 1799 782 1827 et
815 1793 919 1827 codd.
960 1793 1072 1827 nostri
1111 1794 1145 1827 in
1183 1806 1227 1828 eo
1269 1797 1489 1840 conspirant.

98 1851 291 1893 Quorsum
321 1850 389 1884 soli
424 1850 490 1884 Gu.
520 1849 546 1885 l.
572 1849 604 1883 2.
642 1854 678 1883 et
702 1849 857 1884 fortasse
882 1850 968 1884 Par.
997 1850 1039 1884 D.
1076 1850 1266 1893 exhibent,
1304 1853 1386 1886 libri
1413 1865 1491 1887 cum

92 1907 185 1942 Ven.
209 1906 238 1942 l.
274 1908 306 1940 δι
330 1905 396 1951 Lg.
422 1905 453 1940 8.
478 1905 533 1939 51.
567 1905 844 1951 haudquaquam
877 1906 1102 1941 conserendi.
1127 1914 1173 1931 ’-
1209 1908 1404 1954 intelleqo]
1438 1911 1490 1944 sic

92 1963 159 2010 Lg.
193 1963 226 1998 8.
260 1963 314 1999 35.
354 1963 408 1998 51.
456 1960 530 1998 Ott.
573 1983 614 1987 —
664 1963 893 2007 laudavisti]
937 1963 1116 1997 laudasti
1148 1963 1213 2009 Lg.
1248 1964 1302 1999 20.
1340 1966 1394 2000 35.
1433 1967 1488 2001 58.

93 2020 150 2056 ed.
177 2032 230 2066 pr.
256 2039 302 2046 -—
331 2021 488 2066 posses]
513 2021 652 2066 possis
676 2020 761 2053 olim
790 2019 1051 2065 praeferebam.
1099 2019 1207 2054 Nunc
1231 2021 1335 2055 aliter
1358 2025 1490 2067 sentio,

90 2077 157 2112 sed
189 2087 262 2110 non
296 2077 378 2120 quia
409 2079 539 2122 possis
570 2074 750 2121 significet
781 2076 817 2109 id
853 2077 970 2121 egisse
996 2076 1229 2118 Ciceronem,
1266 2083 1304 2110 ut
1331 2079 1488 2114 lecturos

90 2133 127 2167 in
152 2145 311 2167 errorem
340 2132 546 2173 induceret,
582 2132 679 2175 quod
705 2130 844 2166 Oreliio
866 2133 1002 2173 visumg
1034 2132 1099 2165 sed
1134 2133 1217 2177 quia
1242 2137 1377 2179 possis
1403 2142 1490 2171 tem·

91 2201 159 2235 pus
195 2189 283 2222 illud
316 2193 475 2232 spectet,
512 2199 583 2232 quo
610 2189 748 2222 Atticus
782 2189 958 2233 loquitur,
991 2188 1092 2233 quasi
1124 2200 1217 2222 nuuc
1250 2202 1392 2235 quoque
1425 2193 1487 2227 ali-

93 2245 152 2290 qui
186 2246 222 2278 in
257 2256 418 2278 errorem
449 2244 569 2278 induci
601 2245 748 2288 possint.
779 2264 825 2269 —-
866 2244 1062 2286 tenebam,
1094 2247 1199 2289 cam]
1233 2251 1274 2280 uc
1302 2259 1390 2281 cum
1423 2249 1488 2283 Er-

90 2307 195 2336 nesto
236 2301 413 2346 placebat.
471 2300 545 2334 Sed
584 2301 822 2347 negligentius
856 2302 1016 2346 loquitur
1050 2313 1118 2347 pro
1155 2302 1323 2347 colloquii
1364 2304 1487 2340 indole

93 2357 223 2392 Cicero
249 2363 284 2391 et
310 2354 559 2403 σχετλιάζοντα
583 2358 738 2392 Atticum
762 2358 859 2394 facit.
884 2379 930 2384 —-
965 2370 1027 2392 me
1052 2357 1234 2403 Hercule]
1260 2361 1312 2394 sic
1337 2360 1401 2407 Lg.
1429 2363 1484 2398 39.

93 2415 148 2449 53.
178 2414 232 2448 58.
259 2414 312 2448 70.
339 2434 385 2439 ——-
427 2414 497 2448 sed
524 2416 736 2458 oratorem]
763 2418 825 2449 sin
851 2427 905 2449 or.
930 2415 996 2461 Lg.
1022 2415 1053 2450 8.
1077 2416 1151 2458 56.,
1180 2417 1371 2462 eidemque
1401 2431 1486 2453 mox

91 2473 153 2505 sin
186 2474 318 2505 etiam.
344 2489 390 2497 -—
426 2483 499 2516 quo
531 2471 645 2516 nihil]
681 2471 786 2517 quod
818 2483 854 2507 n.
881 2471 947 2517 Lg.
972 2471 994 2505 8
1019 2483 1111 2507 corr.
1146 2473 1190 2506 35
1218 2485 1310 2508 corr.
1345 2474 1399 2509 39.
1427 2476 1482 2511 51.

90 2527 145 2561 53.
173 2527 227 2561 68.
251 2528 304 2562 70.
329 2548 375 2553 —-
404 2529 567 2574 piditas]
590 2518 808 2575 perfectius
837 2528 969 2574 placuit
993 2530 1125 2574 Sarpio
1152 2529 1222 2565 Qu.
1250 2529 1344 2564 Phil.
1373 2542 1405 2575 p.
1428 2532 1483 2566 48.

91 2590 127 2618 et
159 2583 336 2629 Meyero3
375 2584 572 2620 defendunt
611 2586 791 2632 vulgatam
827 2585 916 2620 Ern.
952 2585 1041 2619 Lex.
1076 2585 1181 2620 Rhet.
1220 2584 1302 2620 Lat.
1336 2599 1371 2632 p.
1406 2588 1482 2623 285.

87 2639 330 2675 Frotscherus
353 2641 399 2674 ad
418 2641 568 2678 Quintil.
594 2643 639 2677 X.
668 2643 706 2686 l,
732 2643 806 2685 78„
833 2641 1004 2677 Orellius.
1027 2662 1073 2666 —
1112 2642 1223 2683 vide,
1248 2644 1310 2686 ne]
1331 2644 1418 2678 vide
1439 2650 1484 2679 uc

90 2696 159 2734 Gn.
188 2696 218 2732 l.
242 2718 287 2723 —
324 2697 556 2743 diceremus]
593 2699 774 2736 dicamus
797 2699 884 2736 Ern.
918 2699 1090 2746 ignorans
1125 2699 1374 2745 imperfectum
1400 2713 1483 2738 cou-
