1835 3126
320 228 449 291 :394
744 235 1278 283 EXPLIGATIONES

429 354 554 390 senior
579 370 634 377 κ·-
660 349 793 399 oratio]
826 351 1014 389 maturior
1037 362 1165 389 rernm
1186 351 1375 402 dignitate
1399 352 1447 392 ab
1472 349 1704 391 luxuriantis

317 419 464 472 ingenii
504 415 752 456 similitudine
782 416 925 455 aliena.
982 416 1130 455 Triarii
1157 419 1283 456 oratio
1313 420 1421 467 plena
1450 420 1622 456 literatae
1645 429 1706 453 se-

317 488 474 525 nectutis
510 484 632 522 fuisse
672 482 811 522 dicitur
841 494 873 522 c.
904 484 978 531 76,
1008 482 1102 523 265.
1142 482 1168 521 i.
1200 494 1233 522 e.
1264 488 1370 522 tanto
1400 486 1439 522 in
1465 485 1590 523 literis
1619 495 1704 529 usu,

319 557 482 605 quantus
518 550 820 589 adolescentium
858 561 935 588 non
975 549 1075 588 solet
1105 560 1210 596 esse3
1248 549 1466 588 Postumius
1496 551 1706 587 adolescens

317 622 445 669 yravts
473 618 580 655 senili
611 617 746 654 ἱιιᾶὶοὶο
775 629 813 667 p.
846 616 980 656 Sextio
1010 614 1086 662 52,
1121 617 1234 663 111.,
1267 616 1328 655 cui
1355 616 1444 654 loco
1476 615 1705 666 explicando

316 683 546 735 Bernhardy
584 683 683 722 bene
724 682 880 721 adhibet
915 682 1126 722 Pindarica
1156 683 1217 723 01.
1249 684 1296 730 4,
1328 684 1401 722 39:
1444 677 1630 735 φύονται
1659 679 1707 722 δὲ

319 750 392 792 καὶ
421 749 536 799 νέοις
567 747 610 790 ἐν
640 743 826 803 ἀνδράσι
852 745 1010 790 πολιαί
1033 745 1162 799 θαμὰ
1188 746 1259 789 καὶ
1284 746 1409 802 παρὰ
1436 745 1509 788 τὸν
1535 742 1709 794 ἁλικίας

315 813 482 872 χρόνον.
541 817 654 867 Pyth.
679 818 725 864 4,
751 817 851 856 501:
883 817 1024 864 κεῖνος
1053 839 1060 844 -
1087 839 1107 844 >=
1139 813 1183 857 ἐν
1211 813 1259 856 δὲ
1287 815 1470 867 βουλαῖς
1493 810 1708 868 πρέσβυςε

318 890 355 924 et
378 883 561 934 Aeschyli
586 884 692 935 Sept.
717 884 817 922 624:
848 879 1030 937 γέροντα
1052 877 1128 922 τόν
1149 882 1271 929 νοῦν,
1296 878 1439 934 σάρκα
1466 875 1504 921 δ’
1531 875 1709 935 ἡβῶσαν

319 949 460 1007 φέρει.
500 950 614 1003 Apud
636 950 802 989 Plinium
824 950 923 1002 Epp.
941 950 1004 991 VI.
1031 951 1097 997 26,
1125 952 1159 989 1.
1203 949 1351 988 Fuscus
1376 948 1516 987 dicitur
1539 950 1710 985 comitate

317 1022 478 1063 iuvenis,
510 1020 696 1067 gravitate
724 1029 849 1055 senem.
894 1017 1020 1056 Paulo
1053 1017 1168 1056 aliter
1199 1016 1337 1056 Cicero
1367 1015 1487 1054 Bruto
1510 1013 1587 1061 95,
1613 1014 1707 1052 327.

317 1088 498 1123 seniorem
535 1085 795 1121 auctoritatem
833 1082 944 1132 dicit,
985 1083 1010 1121 i.
1044 1094 1076 1122 e.
1117 1094 1216 1134 quae
1255 1094 1384 1121 senem
1414 1087 1451 1121 et
1479 1082 1708 1120 honoratum

318 1150 440 1189 decet.

434 1213 630 1262 Granium]
667 1212 713 1251 de
744 1213 825 1252 eius
854 1219 1016 1265 propter
1043 1214 1287 1254 dicacitatem
1317 1226 1401 1254 cum
1430 1214 1584 1253 summis
1613 1213 1707 1253 viris

316 1282 586 1322 familiaritate
623 1291 660 1319 v.
701 1291 732 1318 c.
762 1281 837 1328 46,
870 1282 960 1319 172.
1007 1280 1054 1319 de
1085 1281 1152 1320 Or.
1184 1281 1232 1320 II.
1265 1282 1338 1327 60,
1370 1282 1464 1320 244.
1507 1282 1582 1329 70,
1612 1280 1706 1319 281.

319 1348 369 1388 ad
397 1348 550 1388 DiverS.
580 1346 648 1386 IX.
683 1345 753 1393 15,
784 1347 822 1386 6.
881 1346 942 1387 cf.
973 1347 1088 1386 etiam
1119 1347 1284 1388 Gellium
1313 1346 1376 1388 IV.
1411 1347 1475 1385 17.

427 1417 468 1451 in
497 1426 572 1463 (μια
602 1413 737 1462 aetate]
781 1412 889 1452 aliud
926 1418 983 1452 est
1021 1427 1095 1464 qna
1126 1420 1257 1451 aetate.
1314 1412 1415 1452 Illud
1450 1412 1549 1452 enim
1585 1411 1707 1462 signi-

316 1481 407 1521 ficat
443 1480 582 1519 aetatis
613 1480 726 1531 quasi
757 1479 850 1520 fines
882 1485 919 1519 et
950 1481 1150 1530 ambitum,
1190 1480 1329 1533 quihus
1367 1491 1430 1519 res
1461 1484 1549 1518 acta
1583 1477 1709 1517 inclu-

317 1547 450 1596 datur,
474 1552 516 1586 ut
540 1558 611 1586 nec
635 1552 723 1586 ante
746 1559 816 1586 nec
838 1552 927 1599 post
948 1548 1111 1599 primum
1136 1547 1325 1587 accidisse
1348 1546 1510 1587 dicatur.
1555 1545 1709 1586 Similia

316 1619 404 1655 sunt
433 1615 489 1652 bis
517 1616 558 1651 {n
586 1614 644 1650 die
673 1614 698 1653 i.
724 1625 756 1653 e.
788 1615 891 1653 intra
921 1614 1021 1654 diem
1050 1627 1165 1654 unum
1196 1614 1311 1654 Tuse.
1342 1613 1386 1655 V.
1417 1613 1489 1661 35,
1518 1614 1611 1652 100.
1668 1614 1708 1649 in

315 1687 396 1719 tota
423 1683 503 1719 vita
533 1679 651 1720 Tusc.
681 1680 744 1721 IV.
779 1682 851 1729 13,
883 1683 950 1721 29.
1009 1684 1049 1719 in
1072 1685 1172 1720 omni
1202 1687 1322 1720 aetate
1353 1680 1436 1721 Cat.
1465 1680 1523 1720 M.
1554 1680 1599 1727 3,
1629 1680 1669 1718 9.

427 1746 568 1788 XLIV.
629 1748 724 1787 162.
786 1754 851 1785 ant
865 1751 939 1786 ῑαηι
954 1749 1021 1799 est]
1047 1754 1151 1788 recte
1166 1749 1283 1788 habet
1297 1748 1486 1787 librorum
1501 1746 1708 1798 scriptura.

316 1813 490 1854 Handius
532 1813 631 1852 enim
663 1815 703 1852 in
734 1814 958 1855 Tursellino
991 1816 1070 1856 vol.
1099 1816 1128 1856 I.
1160 1829 1197 1868 p.
1230 1815 1325 1856 551.
1366 1820 1472 1854 recte
1508 1813 1709 1866 perspexit

318 1880 545 1920 sententiam
586 1891 672 1918 esse
715 1884 830 1917 eritne
866 1882 928 1918 ille
963 1883 1148 1931 perfectus
1188 1888 1318 1920 orator
1354 1888 1419 1920 aut
1449 1880 1508 1931 (ut
1535 1892 1594 1920 me
1621 1880 1707 1932 ipse

318 1945 532 1996 corrigam)
569 1948 694 1995 potins
731 1952 785 1983 est
820 1947 904 1992 ille,
945 1960 1050 1997 quem
1087 1954 1280 1997 exspectas
1292 1963 1304 1995 ‚·
1344 1960 1414 1987 neo
1444 1949 1567 1987 minus
1600 1951 1706 1986 recte

317 2012 467 2052 addidit
501 2012 730 2063 Bernhardy
773 2019 838 2050 ant
875 2014 1193 2064 progressionem
1229 2014 1363 2053 facere
1404 2026 1428 2052 a
1465 2014 1613 2052 minore
1655 2012 1706 2051 ad

315 2079 480 2131 gradum
519 2078 709 2130 quendam
749 2081 1035 2129 augustiorem,
1074 2080 1178 2132 quod
1215 2092 1286 2120 nos
1317 2080 1477 2119 dicimus
1508 2080 1594 2118 oder
1621 2092 1704 2129 yar.

315 2147 413 2187 Hinc
443 2145 592 2185 clarum
622 2150 680 2184 est
713 2145 753 2184 in
782 2157 814 2184 c.
846 2146 918 2195 85,
949 2148 1064 2195 294.,
1106 2158 1190 2186 cum
1218 2158 1318 2185 nunc
1353 2146 1510 2197 legatur
1540 2150 1705 2184 Brutone

312 2214 353 2251 td
381 2212 553 2250 censebas
581 2225 632 2249 αη
665 2213 756 2250 mihi
785 2213 1050 2262 probaturum,
1081 2225 1158 2253 non
1188 2213 1310 2252 minus
1338 2213 1437 2252 bene
1464 2212 1561 2251 ferri
1588 2223 1704 2263 posse

315 2286 400 2325 aut,
443 2279 524 2318 alia
562 2277 715 2331 quidem
745 2280 947 2319 sententia.
1011 2280 1121 2320 Nunc
1160 2281 1259 2320 enim
1296 2279 1478 2320 dividitur
1508 2279 1703 2331 quaestio:

316 2346 534 2384 censebasne
563 2351 598 2383 te
628 2350 747 2384 Bruto
772 2347 1017 2397 probaturum
1045 2361 1094 2385 an
1122 2348 1293 2386 censebas
1320 2348 1412 2385 mihi
1439 2346 1682 2396 probaturum
1691 2360 1705 2392 ,-

316 2419 382 2451 aut
412 2413 446 2451 si
476 2412 670 2453 scribatur
697 2426 776 2452 una
800 2414 976 2465 quaestio
1007 2419 1085 2463 est,
1116 2414 1184 2454 sed
1207 2414 1349 2454 Brutus
1374 2418 1411 2453 et
1436 2412 1574 2454 Cicero
1603 2413 1706 2451 inter

315 2491 357 2519 sc
388 2484 678 2532 comparantur:
717 2481 936 2519 censebasne
962 2481 1205 2532 probaturum
1237 2484 1427 2532 cuiquam,
1456 2481 1555 2518 velut
1585 2483 1704 2518 Bruto

316 2553 381 2585 aut
415 2548 517 2585 milti.

427 2616 468 2651 in
488 2613 652 2651 membra
677 2613 874 2664 quaedam]
900 2614 1084 2665 gravitati
1110 2615 1310 2654 oratoriae
1333 2615 1475 2667 optime
1499 2613 1703 2654 convenire

315 2680 532 2720 orationem
567 2680 805 2719 membratim
842 2686 1025 2721 structam
1063 2693 1225 2733 eamque
1266 2686 1303 2720 et
1333 2681 1477 2722 Crasso
1506 2679 1702 2734 placuisse

316 2751 353 2786 et
381 2747 455 2787 sibi
486 2747 646 2800 placere
675 2747 870 2799 significat
895 2749 936 2788 in
966 2749 1133 2790 Oratore
1163 2750 1238 2800 66,
1271 2750 1364 2789 223.
