1835 3126
340 134 536 176 BREVIS
567 133 961 186 ELOQUENTIAE
993 135 1126 180 ROM.
1158 136 1300 179 HlST.
1441 141 1512 184 ²3

130 253 345 289 comantem
371 246 493 288 doctis
522 249 722 301 posuisse,
753 254 794 288 ut
818 262 964 289 summa
994 251 1132 290 artium
1162 253 1304 304 peritia
1333 252 1515 302 eluceret,

128 323 255 356 tamen
285 317 366 356 alia
391 321 494 361 sunt,
527 327 627 367 quae
656 316 882 356 illiteratum
908 318 1092 358 Crassum
1120 318 1245 358 videri
1274 332 1351 359 non
1376 321 1514 370 sinant,

127 383 195 422 sed
213 383 473 423 Romanorum
497 383 714 434 principum
746 389 834 422 ante
859 383 1084 424 Ciceronem
1108 386 1192 425 fere
1217 387 1515 427 eruditissimum

125 450 248 489 fuisse
290 449 564 502 persuadeant.
633 450 728 490 Cum
770 451 917 490 Archia
961 452 1060 491 enim
1106 459 1226 505 poeta
1267 453 1516 495 familiariter

125 517 221 557 vixit
241 514 331 568 (⁵²);
369 530 393 556 a
429 518 475 557 L.
511 517 647 557 Caeli0
682 518 888 570 Antipatro
927 518 1063 558 literas
1103 532 1187 559 cum
1226 521 1397 561 Graecas
1436 527 1514 561 tum

126 584 323 624 Romanas
365 584 498 624 didicit
528 581 618 635 (5³);
661 586 822 625 Athenis
861 585 1067 637 plurimum
1108 593 1287 627 versatus
1329 594 1387 627 est
1430 601 1513 629 cum

126 652 348 691 scholarum
373 652 732 704 philosophicarum
754 653 1012 704 principibus,
1045 654 1111 704 qui
1132 659 1220 693 tunc
1246 661 1367 703 erant,
1392 657 1514 695 omni-

125 719 216 766 bus,
243 718 485 759 Academicis
510 719 731 759 Charmada
756 724 792 758 et
818 719 1079 767 Clitomacho,
1109 721 1346 761 Mnesarcho
1368 723 1514 771 Stoico,

124 784 300 825 Diodoro
336 786 621 836 Peripatetico;
667 785 760 835 quin
798 784 913 822 etiam
950 784 1046 823 duce
1085 785 1304 825 Charmada
1345 788 1513 838 legendo

124 852 299 892 Platonis
330 851 479 900 Gorgia
507 851 583 890 viri
613 851 714 890 iuter
743 849 999 901 philosophos
1030 850 1148 890 divini
1179 857 1301 891 artem
1331 859 1368 892 et
1395 867 1514 906 prae-

123 918 304 957 stantiam
335 916 517 967 cognovit
536 912 617 966 (5⁴).
664 916 743 957 Sed
765 917 1028 957 Romanorum
1057 930 1165 957 more
1193 918 1373 960 faciendo
1399 934 1514 972 quam

124 984 286 1024 dicendo
333 984 580 1023 intentiorum
622 995 751 1036 pauca
788 985 945 1036 scripsit
988 990 1025 1024 et
1060 984 1273 1025 forensium
1311 999 1516 1028 causarum

124 1052 390 1103 senatoriique
427 1051 595 1090 muneris
634 1051 737 1091 mole
774 1063 899 1104 paene
939 1052 1118 1100 obrutus,
1163 1055 1394 1105 praesertim
1431 1068 1516 1095 cum

124 1119 175 1158 ad
197 1119 403 1159 senectutis
434 1123 657 1170 exoptatum
688 1119 806 1159 otium
835 1131 912 1158 non
933 1120 1193 1171 pervenisset,
1223 1133 1272 1160 ne
1296 1123 1515 1163 orationum

125 1186 278 1238 quidem
317 1198 474 1226 suarum
510 1186 586 1224 nisi
622 1191 755 1238 partes
788 1186 976 1239 quasdam
1015 1192 1052 1226 et
1089 1190 1365 1228 commentaria
1403 1192 1517 1242 quasi

123 1254 310 1293 uberiora
345 1253 506 1305 reliquit
527 1250 613 1303 (⁵⁵).
673 1254 820 1294 Tamen
858 1259 894 1293 et
931 1259 1113 1294 accurate
1154 1254 1201 1294 de
1235 1255 1399 1296 artificio
1432 1258 1516 1298 elo-

124 1320 266 1372 quendi
304 1320 492 1371 cogitavit
526 1325 563 1360 et
594 1320 755 1362 Graecis
783 1321 978 1361 vertendis
1009 1327 1046 1361 et
1082 1322 1277 1362 imitandis
1308 1335 1395 1363 sese
1425 1324 1516 1364 dili-

124 1393 261 1438 genter
290 1387 463 1427 exercnit
485 1384 558 1438 (5⁶)
598 1393 635 1426 et
671 1388 768 1427 iuris
796 1389 978 1440 peritiam
1014 1389 1166 1429 minime
1196 1390 1400 1440 vulgarem
1440 1393 1515 1431 sihi

125 1454 378 1506 comparavit.
435 1453 516 1493 Nec
551 1453 649 1492 illud
676 1454 813 1494 Cicero
853 1455 989 1494 similis
1021 1455 1113 1494 olim
1153 1457 1283 1507 operis
1313 1458 1516 1498 consilium

125 1522 279 1571 agitans
309 1526 430 1560 totum
458 1519 605 1571 fingere
634 1520 759 1573 potuit
782 1520 965 1560 Crassum
993 1521 1034 1560 id
1067 1523 1142 1561 sibi
1170 1525 1446 1575 proposuisse,
1475 1530 1516 1565 ut

124 1587 258 1627 rudem
298 1587 422 1627 adhuc
463 1593 499 1626 et
538 1587 772 1638 indigestam
809 1588 906 1626 iuris
943 1589 1068 1629 civilis
1107 1590 1246 1628 molem
1286 1590 1516 1632 dialecticae

125 1666 200 1707 ope
229 1655 269 1694 i11
298 1660 419 1694 artem
448 1653 621 1693 discendi
650 1654 799 1706 cupidis
824 1654 981 1693 facilem
1006 1655 1206 1706 redigeret
1229 1654 1312 1707 (5⁷).

236 1722 287 1762 Ut
315 1727 420 1761 recte
458 1721 580 1771 igitur
608 1719 819 1759 iudicemus
851 1726 1035 1772 quantum
1066 1722 1230 1763 Crassus
1268 1724 1309 1763 in
1339 1723 1517 1765 doctrina

123 1787 355 1840 profecerit,
404 1787 538 1826 ducem
578 1786 803 1827 Ciceronem
848 1798 1065 1839 sequemur.
1122 1789 1159 1828 Is
1207 1802 1290 1830 cum
1333 1791 1515 1832 laudibus

121 1854 335 1894 immodicis
369 1859 406 1893 et
439 1865 565 1906 paene
605 1853 764 1902 divinis,
804 1855 942 1906 quihus
982 1855 1103 1905 solet,
1146 1869 1231 1896 eum
1270 1859 1515 1909 cumulasset,

121 1926 163 1960 ut
204 1921 406 1962 veritatem
449 1921 605 1960 facilius
648 1932 883 1973 assequare,
928 1923 1026 1962 haec
1066 1926 1358 1976 temperamenti
1396 1938 1516 1965 causa

124 1988 259 2030 Crassi
282 1988 405 2040 ipsius
427 1999 598 2040 persona
620 2000 712 2027 usus
735 1989 968 2041 interposuit
984 1988 1071 2042 (5⁹):
1102 2003 1212 2042 „ego
1239 1992 1338 2031 enim
1360 1993 1394 2031 is
1419 2006 1515 2042 sum,

122 2055 207 2107 qni,
249 2067 334 2094 cum
368 2067 512 2094 summo
553 2054 680 2094 studio
711 2056 835 2107 patris
872 2057 912 2095 in
948 2059 1118 2110 pueritia
1155 2059 1289 2099 doctus
1323 2071 1446 2099 essem
1480 2066 1517 2100 et

121 2122 162 2161 in
189 2122 319 2162 forum
346 2122 496 2172 ingenii
524 2126 689 2170 tantum,
721 2127 904 2173 quantum
932 2125 1018 2175 ipse
1048 2126 1194 2172 sentio,
1225 2137 1302 2165 non
1332 2132 1516 2177 quantum

121 2188 290 2227 forsitan
313 2188 423 2228 vobis
447 2187 603 2234 videar,
630 2187 873 2236 detulissem,
899 2201 976 2228 non
997 2192 1144 2242 possim
1168 2191 1298 2230 dicere
1322 2204 1382 2232 me
1405 2194 1516 2242 haec,

123 2266 225 2306 quae
261 2265 361 2293 nunc
392 2253 648 2305 complector,
689 2254 851 2305 perinde
888 2260 930 2294 ut
960 2255 1085 2295 dicam
1123 2257 1308 2297 discenda
1337 2270 1422 2298 esse
1457 2260 1515 2299 di-

123 2321 286 2361 dicisse:
326 2321 469 2372 quippe
506 2320 574 2371 qui
607 2321 773 2360 omnium
811 2323 1034 2362 maturrime
1071 2323 1122 2363 ad
1155 2325 1334 2377 publicas
1374 2338 1514 2366 causas

215 2440 276 2484 5⁶2)
311 2439 384 2475 Cic.
411 2440 519 2474 Arch.
543 2439 587 2483 3,
611 2439 644 2476 6.
764 2440 824 2484 53)
858 2441 930 2476 Cic.
954 2441 1058 2477 Brut.
1079 2443 1143 2486 26,
1169 2443 1244 2478 102.
1289 2444 1334 2478 de
1359 2443 1424 2480 Or.
1451 2446 1513 2482 Ill.

126 2496 187 2539 13,
219 2497 274 2533 54.
392 2496 452 2540 54)
487 2497 558 2531 Cic.
593 2496 639 2530 de
663 2494 728 2531 Or.
753 2496 776 2531 l.
805 2497 862 2540 ll,
895 2499 949 2532 47.
996 2497 1038 2533 ll.
1066 2499 1130 2542 90,
1155 2500 1232 2535 365.
1274 2499 1336 2536 ΙΙΙ.
1369 2501 1434 2545 20,
1460 2503 1514 2537 75.

124 2553 183 2594 55)
219 2552 293 2588 Cic.
318 2551 424 2588 Brut.
447 2553 509 2595 44,
536 2551 612 2587 160.
641 2553 718 2589 163.
747 2553 821 2588 164.
938 2555 997 2598 56)
1032 2556 1105 2592 Cic.
1131 2556 1177 2592 de
1204 2555 1268 2592 Or.
1294 2557 1319 2592 l.
1346 2557 1407 2599 34,
1437 2558 1512 2593 154.

125 2608 183 2699 53)
212 2608 284 2644 Cic.
312 2609 357 2644 de
379 2607 445 2646 Or.
466 2608 510 2646 11.
528 2608 593 2652 33,
620 2610 697 2646 142.
733 2610 779 2648 cf.
805 2610 908 2648 Brut.
928 2611 993 2656 39,
1020 2612 1095 2647 145.
1212 2613 1272 2656 58)
1298 2613 1344 2649 de
1361 2612 1426 2650 Or.
1451 2613 1514 2649 111.

124 2664 147 2699 2
178 2690 188 2707 ,
213 2664 269 2699 74.
