1835 3126
370 117 568 160 BREVlS
597 115 991 169 ELOQUENTIAE
1019 118 1154 162 ROM.
1185 119 1328 163 HlST.
1465 124 1547 170 55

157 245 246 284 ceps
273 231 312 270 in
343 242 500 271 numero
531 236 783 284 patronorum
812 233 984 282 habitus,
1020 235 1109 283 scd,
1140 236 1174 274 si
1204 236 1548 287 praestantissimis

154 298 377 350 aequalium
412 298 617 339 videbatur
645 299 828 348 inferior,
866 312 949 340 cum
979 302 1061 342 sine
1091 303 1382 355 comparatione
1411 303 1548 343 audie-

154 365 287 413 batur,
319 376 397 406 non
429 365 726 406 desiderabatur
756 368 891 407 melius
909 365 993 420 (³⁷).
1052 369 1132 410 Sed
1161 370 1336 409 omnibus
1367 370 1546 422 aequali-

153 433 224 471 bus
250 433 441 473 suavitate
464 434 785 486 appellandarum
809 435 1010 476 literarum
1035 441 1071 476 et
1096 437 1316 477 urbanitate
1338 438 1546 477 verborum

153 500 380 551 praestabat
404 497 486 550 (³⁸).
552 501 619 550 Et,
657 514 742 541 cum
783 503 1021 543 Graecorum
1063 504 1210 543 artibus
1250 503 1546 555 diligentissime

150 578 310 618 operam
350 574 549 617 navasset,
587 570 735 620 ingenii
770 570 943 610 bonitate
983 576 1019 610 et
1047 571 1197 610 laboris
1231 571 1436 622 diligentia
1467 584 1544 611 non

152 633 264 673 modo
308 636 480 675 oratoris
517 641 553 675 et
583 642 724 688 poetae
755 642 791 676 et
821 638 1024 690 scriptoris
1055 638 1209 677 laudem
1245 644 1302 677 est
1331 643 1544 692 assecutus,

150 701 219 740 sed
249 702 288 740 in
319 703 421 741 omni
449 703 612 755 pulchro
645 709 681 743 et
710 703 853 743 decoro
884 704 1100 743 studiorum
1133 716 1278 754 genere
1301 705 1400 744 adeo
1425 716 1543 757 prae-

149 767 257 808 clare
283 774 340 808 est
361 775 557 817 versatus,
588 775 630 809 ut
652 781 776 821 paene
801 770 902 808 alter
916 770 1077 809 Laelius
1095 770 1275 809 Ciceroni
1288 770 1440 809 dicatur
1452 768 1542 820 (³⁹);

148 846 226 885 qua
269 846 313 873 re
351 836 436 874 iure
478 835 617 884 dignus
661 835 815 874 habitus
856 840 932 883 est,
976 836 1037 874 cui
1081 836 1121 874 in
1161 836 1453 887 elegantissimo
1495 835 1543 876 de

148 901 315 940 Oratore
353 901 551 952 colloquio
590 906 723 953 partes
764 902 1061 952 assignarentur
1100 903 1253 942 minime
1285 903 1540 955 spernendae.

146 966 204 1006 De
239 967 481 1007 orationibus
520 968 602 1006 eius
643 973 801 1020 praeter
840 981 956 1008 unam
986 970 1156 1018 Popiliae
1186 973 1319 1007 ηιαίνὶε
1350 971 1541 1009 laudatio-

144 1031 312 1084 nem(⁴¹⁰)
342 1047 419 1074 non
449 1039 612 1074 constat.
658 1035 824 1087 Scripsit
853 1040 979 1075 autem
1010 1036 1117 1075 molli
1149 1036 1317 1088 quodam
1348 1042 1385 1076 et
1406 1037 1540 1077 Xeno-

144 1102 312 1154 phonteo
352 1113 518 1153 genere,
558 1114 658 1154 quae
688 1103 888 1142 Ciceronis
928 1103 1051 1143 rerba
1087 1108 1194 1151 sunt,
1233 1103 1278 1144 de
1316 1105 1433 1143 rebus
1460 1105 1540 1144 suis

144 1170 264 1220 gestis
294 1169 344 1209 ad
372 1170 419 1209 A.
450 1169 609 1208 Furium
637 1175 792 1222 poetam
809 1166 893 1222 (4¹).
941 1170 1002 1209 Ex
1033 1171 1171 1222 quibus
1200 1171 1313 1210 libris
1340 1183 1541 1223 perpauca

145 1236 334 1288 quaedam
363 1237 403 1275 in
430 1237 704 1276 historicorum
732 1238 961 1278 Latinorum
992 1237 1180 1289 reliquias
1203 1237 1332 1277 relata
1352 1238 1539 1289 legimus:

143 1304 272 1343 hausit
295 1303 485 1356 quaedam
516 1315 564 1344 ex
590 1305 646 1343 eis
668 1305 900 1344 Plutarchus
918 1302 1000 1356 (⁴²).
1055 1304 1239 1344 Carmina
1268 1305 1418 1345 lasciva
1443 1305 1541 1345 dixit

144 1371 354 1422 antiquitas
376 1369 464 1422 (⁴3):
491 1383 592 1423 quae
614 1372 721 1411 sama
747 1373 996 1412 confirmatur
1019 1372 1363 1423 epigrammatibus
1387 1372 1539 1411 duobus

144 1450 170 1476 a
200 1438 328 1479 Gellio
366 1443 403 1477 et
430 1438 619 1478 Cicerone
658 1440 841 1487 servatis,
883 1440 921 1478 in
960 1439 1099 1490 quibus
1137 1438 1333 1477 duriorem
1372 1438 1538 1489 quidem,

144 1510 185 1544 ut
223 1517 295 1557 pro
332 1505 405 1544 illa
440 1510 591 1552 aetate,
626 1517 806 1545 versuum
842 1506 1182 1557 compositionem,
1222 1504 1290 1544 sed
1320 1517 1395 1545 non
1426 1516 1536 1557 sper—

143 1571 307 1610 nendam
339 1572 615 1611 sententiarum
644 1578 882 1612 venustatem
913 1573 1115 1611 cernimus.

255 1639 354 1678 Huic
384 1639 668 1690 adiungantur,
701 1640 794 1690 quia
821 1640 944 1678 minus
974 1638 1126 1678 nobiles
1160 1642 1338 1677 oratores
1369 1639 1536 1686 fuerunt,

146 1707 184 1744 G.
211 1710 247 1744 et
269 1708 316 1742 L.
346 1709 530 1744 Memmii.
573 1705 749 1744 EtLucii
774 1705 925 1756 quidem
950 1705 1147 1758 pertenuis
1169 1704 1367 1744 memoria.
1411 1704 1535 1744 Prae-

142 1778 201 1811 ter
241 1772 337 1811 duos
382 1772 480 1810 enim
520 1772 720 1812 Ciceronis
768 1771 900 1820 locos,
946 1772 1085 1824 quihus
1127 1771 1348 1811 tolerabilis
1388 1776 1535 1818 orator,

141 1839 305 1878 acerbus
343 1845 549 1878 accusator
580 1839 719 1878 dicitur
744 1835 811 1889 (⁴⁴)
844 1839 948 1891 apud
979 1839 1126 1878 nullum
1156 1840 1292 1878 horum
1321 1844 1535 1890 temporum

139 1910 274 1944 testem
313 1906 395 1945 eius
435 1907 664 1945 mentionem
706 1906 789 1945 fieri
829 1906 1017 1946 videmus.
1077 1906 1276 1945 Mansisse
1306 1910 1432 1944 tamen
1461 1918 1533 1957 pu-

138 1977 242 2011 tatur
266 1972 314 2011 ad
339 1972 475 2012 Sullae
501 1984 625 2024 usque
648 1978 842 2025 tempora,
870 1974 1008 2025 quibus
1032 1973 1274 2025 proscriptus
1297 1971 1434 2012 cecidit
1449 1969 1534 2022 (⁴5),

139 2051 224 2078 cum
245 2039 369 2079 frater
392 2040 511 2079 multo
545 2045 634 2079 ante
656 2041 851 2092 periisset.
898 2039 1024 2080 Panlo
1056 2039 1230 2079 crebrius
1257 2040 1301 2080 C.
1327 2039 1533 2079 Memmius

230 2147 289 2190 37)
324 2147 398 2182 Cic.
425 2146 531 2182 Brut.
556 2147 620 2188 35,
656 2147 732 2180 132.
761 2147 836 2180 134.
954 2147 1013 2189 38)
1050 2148 1071 2180 l.
1101 2159 1128 2181 c.
1158 2147 1185 2192 §-
1216 2146 1290 2180 133.
1330 2145 1376 2179 de
1399 2143 1464 2179 Or.
1489 2144 1532 2178 11.

140 2203 181 2246 7,
205 2202 259 2237 28.
290 2202 349 2237 Ill.
376 2203 417 2245 8,
441 2203 496 2237 29.
534 2202 744 2239 Quintilian.
772 2201 833 2236 XI.
863 2203 902 2244 3,
930 2203 984 2236 35.
1101 2202 1162 2245 39)
1199 2201 1272 2235 Cic.
1297 2200 1407 2235 Areh.
1433 2200 1476 2243 3,
1499 2199 1531 2234 6.

140 2259 245 2294 Tusc.
264 2258 308 2294 V.
338 2258 398 2301 19,
423 2259 476 2293 56.
593 2258 651 2301 40)
678 2258 750 2293 Cic.
776 2258 822 2292 de
840 2256 904 2294 Or.
923 2258 968 2292 11.
991 2258 1055 2300 11,
1082 2259 1137 2292 44.
1252 2256 1310 2300 41)
1330 2257 1404 2292 Cic.
1425 2256 1530 2291 Brut.

139 2315 206 2357 35,
241 2314 315 2350 132.
433 2315 493 2358 42)
527 2314 622 2348 Plut.
647 2313 743 2349 Mar.
771 2314 824 2349 26.
940 2315 999 2358 43)
1036 2314 1130 2349 ΡΙίη.
1153 2313 1246 2359 Epp.
1271 2313 1316 2348 V.
1341 2312 1396 2347 20.
1437 2312 1530 2347 Gen.

139 2371 233 2406 XIX.
262 2372 295 2406 9.
333 2372 406 2406 Cic.
432 2371 480 2407 N.
506 2372 550 2406 D.
577 2371 604 2405 Ι.
629 2371 695 2414 28,
730 2370 783 2405 78.
831 2370 1008 2406 Incertum
1040 2382 1125 2405 num
1162 2370 1208 2405 de
1240 2370 1364 2415 lingua
1397 2369 1532 2404 Latina

137 2428 343 2473 scripserit,
370 2428 466 2472 quod
490 2429 675 2473 suspicere
701 2439 747 2462 ex
763 2427 866 2462 Varr.
889 2427 929 2462 L.
951 2427 994 2463 L.
1020 2440 1054 2474 p.
1078 2427 1152 2462 188.
1257 2426 1317 2470 44)
1336 2425 1409 2461 Cic.
1427 2425 1529 2460 Brut.

138 2483 205 2526 36,
233 2483 307 2518 136.
343 2483 408 2527 89,
433 2483 510 2519 304.
627 2485 687 2525 45)
716 2483 788 2519 Cic.
807 2484 914 2519 Rosc.
932 2484 1008 2519 Am.
1034 2484 1098 2526 32,
1122 2483 1177 2518 90.
1226 2482 1324 2517 Vera
1351 2486 1405 2516 est
1437 2482 1530 2516 enim

139 2539 263 2574 Ursini
288 2540 510 2583 coniectura,
535 2542 591 2576 cui
619 2541 726 2576 etiam
749 2541 923 2576 librorum
946 2540 1102 2586 vestigia
1126 2539 1274 2583 favent,
1307 2540 1429 2585 inepta
1451 2538 1529 2572 vul-

138 2601 223 2641 gata
247 2598 426 2643 scriptura
443 2596 692 2639 Mamercos,
721 2598 818 2642 quod
843 2609 915 2633 non
940 2609 1139 2644 cognomen
1164 2602 1240 2639 est,
1264 2601 1303 2632 ut
1325 2606 1398 2631 non
1424 2594 1528 2630 nullis

137 2653 274 2696 visum,
298 2653 362 2690 sed
387 2665 607 2700 praenomen
632 2653 807 2690 Marcus.
