1835 3126
392 240 473 283 AD
507 239 620 283 GIG.
652 241 922 285 BRUTUM
953 241 1072 286 CAP.
1106 244 1169 286 14.
1363 246 1480 291 34?

94 367 204 407 quam
233 355 418 392 lenissime
445 357 714 405 quietissimam
744 357 794 395 ad
813 363 957 407 partem
987 358 1223 408 explicanda.
1268 371 1305 411 p.
1327 358 1479 399 Milone

95 422 165 470 15,
187 422 264 460 40:
295 434 377 458 cum
403 443 449 448 —
477 425 743 471 ¹(firmissimam,
772 424 984 462 adolescens
1006 425 1257 463 nobilissimus
1279 427 1334 462 rei,
1355 424 1480 474 publi.-

92 500 156 526 cae
183 493 328 538 partem
356 488 560 536 fortissime
588 493 818 540 suscepisset.
876 491 921 531 In
949 492 1061 533 Verr.
1087 492 1225 531 Accus.
1255 491 1303 530 ΙΙ.
1327 490 1374 538 5,
1407 492 1477 530 14;

90 560 132 592 ut
157 577 213 583 —
243 555 420 593 levissimi
454 556 605 606 quidam
640 569 687 594 ex
716 560 936 595 miserrimis
973 558 1300 608 desertissimisque
1333 557 1479 607 oppidis

91 623 354 660 invenirentur.

202 699 269 739 54.
326 702 384 737 M.
420 700 623 750 Valerium]
665 700 770 753 apud
798 701 952 741 Livium
989 701 1175 753 Sigonius
1215 701 1371 753 scripsit
1399 700 1478 747 M';

90 765 160 805 sed
193 766 358 805 alterum
394 778 631 818 praenomen
664 767 834 808 defendit
862 768 1096 809 Niebuhrius
1134 769 1211 810 vol.
1242 769 1271 808 Ι.
1311 780 1349 820 p.
1382 768 1477 807 666.

90 832 168 872 Res
197 833 254 872 M.
277 833 427 875 Valerii
455 835 580 885 tangit
608 834 742 874 titulus
770 836 972 875 Arretinus
1003 836 1106 888 apud
1129 835 1319 876 Orellium
1348 834 1425 874 vol.
1447 833 1476 873 Ι.

89 911 128 951 p.
157 901 247 940 146.
278 913 315 939 n.
342 900 438 941 535.
496 901 556 940 De
595 903 642 940 L.
677 902 821 939 Valet-tt
848 905 964 939 Potttt
1002 903 1118 941 rebus
1159 902 1280 952 gestis
1319 900 1479 939 consule

91 965 250 1006 eundem
279 966 531 1006 Niebuhrium
559 967 636 1007 vol.
665 966 712 1006 II.
743 979 781 1018 p.
808 968 893 1006 404
918 979 1002 1018 sqq.

202 1044 269 1084 55.
330 1047 465 1080 missus
494 1043 636 1091 orator]
675 1054 723 1082 ex
760 1044 833 1082 hac
873 1043 1026 1094 quidem
1064 1054 1108 1082 re
1144 1043 1338 1094 suspicari
1374 1047 1480 1083 recte

88 1109 185 1149 nihil
212 1114 360 1160 potest3
398 1108 496 1148 ludit
526 1109 665 1149 Cicero
703 1110 743 1148 in
772 1110 1026 1161 ambiguitate
1055 1109 1257 1158 vocabuli,
1297 1109 1401 1161 quod
1438 1110 1478 1149 in

87 1175 269 1215 Fabricio
299 1175 396 1214 nihil
424 1175 648 1228 significare
677 1181 806 1229 potest
834 1177 909 1216 nisi
939 1177 1125 1228 legatum.

202 1255 260 1290 Tt.
294 1253 581 1303 Coruncanium]
621 1253 827 1305 plurimum
864 1255 897 1293 is
933 1255 1091 1305 ingenio
1123 1255 1295 1306 potuisse
1325 1253 1476 1303 dicitur,

88 1318 193 1372 quod
228 1320 325 1359 iuris
354 1320 542 1372 pontificii
579 1321 725 1372 primus
763 1326 900 1360 auctor
929 1322 1021 1360 fuit:
1060 1321 1100 1360 hi
1130 1326 1215 1360 sunt
1245 1321 1344 1360 enim
1374 1335 1476 1359 com-

86 1389 262 1425 mentarit
289 1387 525 1437 pontificum,
557 1399 634 1426 non
664 1388 844 1436 annales,
872 1393 914 1427 ut
943 1389 1108 1440 Meyero
1138 1389 1281 1435 visum,
1322 1400 1357 1428 v.
1388 1388 1473 1428 Liv.

86 1454 150 1496 IV.
177 1455 236 1502 3.;
278 1458 315 1493 et
345 1453 448 1505 quod
477 1455 622 1506 primus
660 1455 720 1493 ius
749 1454 927 1506 profiteri
959 1456 1105 1508 coepit:
1143 1468 1180 1496 v.
1210 1456 1397 1507 Pompon.
1428 1454 1475 1494 de

86 1521 187 1572 orig.
218 1521 293 1560 iur.
324 1532 357 1559 c.
380 1522 438 1568 3.;
469 1521 509 1560 id
539 1521 643 1573 quod
670 1521 767 1560 iuris
799 1522 966 1561 consulti
989 1527 1182 1562 nostrates
1213 1522 1263 1561 ad
1286 1533 1476 1574 responsa

85 1588 281 1640 pertinere
311 1587 540 1636 docuerunt,
571 1600 649 1627 non
677 1588 728 1628 ad
757 1588 971 1628 doctrinam
1001 1590 1191 1641 aliquam:
1220 1602 1256 1629 v.
1280 1589 1476 1629 Zimmern

90 1655 219 1694 Gesch.
252 1655 286 1694 d.
318 1658 368 1692 R.
392 1657 558 1694 Privatr.
588 1654 617 1694 Ι.
648 1668 686 1708 p.
720 1657 812 1697 193.
843 1658 937 1697 249.
995 1657 1153 1697 Monuit
1175 1655 1417 1706 Bernhardy.

195 1736 254 1770 M’
288 1733 451 1782 Curium]
492 1732 593 1772 idem
623 1738 700 1781 est,
739 1734 806 1785 qui
833 1735 1022 1785 Pyrrhum
1051 1735 1091 1773 in
1121 1734 1267 1786 campis
1295 1734 1475 1773 Arusinis

86 1802 226 1841 victum
249 1800 367 1840 Italia
397 1799 534 1839 cedere
558 1800 699 1850 coegit.
745 1800 940 1840 Tribunus
965 1813 1002 1839 a.
1022 1802 1124 1848 298,
1156 1812 1240 1840 cum
1261 1801 1334 1852 Ap.
1356 1800 1475 1839 Glau-

87 1867 172 1907 dius
210 1868 383 1907 interrex
421 1866 617 1906 candidati
656 1866 803 1918 plebeii
837 1867 1028 1905 rationem
1056 1866 1273 1905 habendam
1311 1872 1477 1917 negaret

86 1940 223 1975 contra
250 1934 379 1984 legem
400 1934 611 1981 Liciniam,
640 1938 768 1982 patres
796 1933 822 1971 i.
850 1944 882 1972 e.
913 1934 1100 1985 patricios
1130 1933 1289 1972 curiatis
1312 1933 1476 1972 comitiis

85 2002 125 2041 in
153 2002 339 2040 incertum
370 2004 542 2040 eventum
564 2011 630 2038 eos
660 2000 913 2051 magistratus
943 1999 1172 2040 confirmare
1196 2000 1344 2050 coegit,
1377 2012 1475 2051 quos

84 2067 252 2121 populus
283 2067 506 2107 centuriatis
538 2067 701 2106 comitiis
734 2072 935 2106 creaturus
964 2072 1082 2106 esset:
1114 2079 1215 2118 quae
1245 2066 1382 2106 deinde
1408 2067 1475 2107 lex

84 2135 240 2188 perlata
269 2140 326 2174 est
356 2147 380 2173 a
410 2133 451 2174 C.
475 2134 636 2173 Maenio
666 2134 820 2172 tribuno
852 2146 888 2172 a.
914 2134 1008 2172 286.
1068 2132 1274 2173 Consulem
1305 2147 1377 2171 non
1408 2148 1474 2172 ac-

85 2205 203 2252 cipere
231 2201 465 2241 Niebuhrius
504 2200 690 2251 explicuit
717 2199 794 2238 vol.
821 2199 869 2238 II.
899 2212 936 2251 p.
963 2201 1080 2247 479„
1118 2200 1246 2250 legem
1273 2201 1474 2241 Maeniam

87 2274 123 2307 et
162 2273 294 2319 patres
336 2272 515 2306 auctores
553 2266 654 2305 idem
692 2265 771 2305 vol.
797 2265 825 2304 I.
865 2278 902 2318 p.
934 2267 1026 2305 374.
1071 2266 1138 2306 III.
1177 2279 1216 2319 p.
1246 2269 1364 2316 493„
1408 2279 1472 2307 res

85 2335 142 2375 Μ’
175 2335 283 2375 Curii
311 2333 389 2374 vol.
418 2333 484 2372 ΙΙΙ.
514 2346 552 2385 p.
577 2334 673 2374 482.

198 2412 265 2452 56.
324 2414 383 2448 Μ.
403 2412 554 2461 Popilii]
585 2424 620 2451 v.
644 2411 828 2453 Liv.V11.
854 2413 917 2452 12.
948 2410 1132 2450 Niebuhr.
1162 2411 1321 2451 vol.111.
1346 2424 1384 2463 p.
1404 2412 1471 2451 53.

199 2490 266 2530 57.
329 2491 367 2528 C.
394 2490 614 2539 Flaminius]
647 2501 725 2529 cos.
756 2490 919 2542 primum
950 2501 986 2528 a.
1011 2489 1112 2537 531,
1141 2489 1279 2528 iterum
1309 2502 1345 2529 a.
1371 2489 1472 2537 537;

87 2557 191 2611 apud
220 2556 487 2597 Trasimenum
515 2556 642 2596 lacum
671 2558 828 2596 interiit.
886 2558 1032 2607 Legem
1061 2557 1260 2607 agrariam
1287 2555 1473 2606 Polybius

89 2637 190 2664 anno
214 2624 296 2665 522
325 2624 434 2676 ponit
460 2624 508 2663 11.
534 2627 619 2672 21.;
651 2624 751 2664 alios
782 2624 943 2663 annales
973 2629 1125 2663 secutus
1157 2624 1294 2663 Cicero
1325 2623 1473 2662 Catone

88 2694 136 2739 4,
162 2693 225 2731 ll.
271 2692 316 2742 Q.
335 2691 549 2731 Maximum
579 2692 618 2731 in
647 2692 851 2733 consulatu
880 2704 916 2732 a.
938 2691 1022 2732 526
1052 2691 1087 2731 ei
1116 2690 1198 2742 legi
1227 2689 1473 2730 adversatum

89 2757 192 2797 dicit.
