1835 3126
362 145 559 190 BREVIS
589 145 982 198 ELOQUENTIAE
1016 144 1149 190 ROM.
1180 146 1321 189 lllST.
1457 147 1531 192 52

146 249 352 314 multisque
380 262 581 313 utriusque
608 260 745 313 populi
770 261 864 301 viris
895 261 997 301 ultro
1025 263 1199 314 citroque
1230 261 1530 301 commeantibus

146 330 218 370 etsi
247 329 465 379 gliscebant
497 329 592 368 vitia
622 328 806 368 Romanis
843 329 1074 378 ingenerata
1104 329 1293 369 avaritiae
1327 333 1364 368 et
1395 340 1531 380 super-

146 397 253 444 biae,
291 396 411 436 nihilo
444 401 569 435 tamen
599 396 721 434 minus
753 396 870 434 moris
901 397 1049 448 antiqui
1080 396 1270 448 plurimae
1299 401 1431 448 partes
1468 407 1532 435 re-

145 468 273 502 tentae
311 468 408 502 sunt.
467 463 682 503 Valuerunt
721 462 841 512 igitur
872 463 1046 502 Graecae
1081 463 1219 502 literae
1257 468 1294 502 et
1332 468 1435 502 artes
1471 474 1531 509 eo,

144 535 184 569 ut
222 541 350 568 rerum
387 530 641 569 laudabilium
679 535 714 569 et
749 530 970 580 cognitione
1008 530 1213 580 dignarum
1253 530 1391 569 notitia
1430 528 1533 581 apud

143 596 339 637 Romanos
379 602 591 645 cresceret,
631 597 698 636 sed
738 609 813 636 non
847 597 944 636 adeo
983 598 1023 636 in
1060 602 1203 636 mentes
1239 597 1433 636 hominum
1474 596 1532 635 in-

144 664 356 711 fluxerunt,
401 670 442 704 ut
486 665 809 704 obliviscerentur
852 677 927 703 uon
972 665 1184 703 otiosorum
1228 663 1534 710 oblectamentis,

146 730 214 769 sed
243 732 359 770 armis
391 737 427 770 et
465 732 670 783 prudentia
699 731 857 783 publica
887 731 1056 770 crevisse
1086 730 1278 768 civitatem
1308 731 1534 769 Romanam.

144 797 293 836 Mansit
328 798 431 849 apud
468 799 678 850 plerosque
717 808 798 834 mos
833 796 1099 834 adolescentes
1137 807 1209 832 usu
1246 806 1374 833 rerum
1411 796 1535 833 maxi-

145 875 292 903 marum
331 869 368 902 et
403 864 649 902 laudatorum
681 863 819 902 civium
850 861 1101 900 contubernio
1134 860 1357 908 erudiendi3
1398 861 1537 900 mansit

141 930 265 969 honos
303 931 398 969 iuris
431 930 660 982 prudentiae
698 929 910 968 sententiae
941 928 1162 967 senatoriae
1192 928 1359 980 peritiae
1391 928 1536 967 milita-

144 997 218 1037 ris:
249 997 308 1036 his
339 998 579 1050 potissimum
609 997 757 1036 artibus
788 995 837 1034 ad
866 996 1035 1035 honores
1064 996 1382 1047 perveniebatur3
1413 1008 1537 1047 quan-

146 1076 261 1116 quam
283 1064 434 1104 nobiles
457 1063 503 1103 de
524 1065 699 1116 potentia
722 1076 793 1102 sua
817 1062 956 1102 dudum
984 1063 1110 1102 securi
1135 1075 1158 1101 a
1182 1063 1322 1101 labore
1348 1062 1539 1102 castrensi

145 1131 381 1170 abstinentes
412 1131 573 1171 delicias
600 1131 772 1170 urbanas
803 1135 839 1169 et
868 1130 1088 1169 faciliorem
1117 1130 1306 1169 honorum
1335 1130 1437 1169 riam
1466 1141 1538 1181 per

144 1197 376 1248 largitiones
408 1203 444 1237 et
477 1198 695 1237 blanditias
735 1197 940 1250 praeferre
978 1202 1200 1248 coeperant.
1258 1196 1301 1235 Id
1334 1209 1450 1236 unum
1489 1207 1538 1235 ex

145 1265 319 1317 pristinis
349 1266 532 1304 institutis
563 1271 746 1305 mutatum
778 1270 852 1312 est,
893 1263 1015 1316 quod,
1053 1275 1137 1303 cum
1165 1276 1258 1302 usus
1289 1263 1538 1315 eloquentiae

146 1331 185 1370 iu
215 1332 480 1385 multiplicatis
507 1332 660 1372 iudiciis
692 1338 728 1372 et
757 1332 968 1371 eruditiore
990 1333 1137 1385 populo
1168 1333 1207 1371 in
1234 1332 1315 1371 dies
1344 1331 1539 1370 illustrior

146 1398 275 1448 fieret,
319 1406 478 1452 praeter
520 1401 691 1440 Graecos
733 1400 847 1439 etiam
883 1400 1015 1439 Latini
1059 1399 1211 1439 dicendi
1253 1399 1431 1448 magistri
1470 1409 1540 1436 ex-

147 1466 336 1506 stiterunt.
395 1468 541 1506 Horum
580 1468 761 1518 princeps
803 1467 849 1506 L.
878 1466 1029 1505 Plotius
1067 1466 1202 1506 Gallus
1243 1465 1365 1504 fuisse
1401 1464 1538 1512 fertur,

148 1532 197 1572 ad
238 1545 350 1585 quem
389 1545 570 1584 magnum
610 1534 804 1572 hominum
841 1545 1067 1572 concursum
1110 1533 1254 1571 factum
1298 1531 1427 1571 dicunt
1454 1528 1538 1581 (55),

148 1611 232 1639 cum
264 1612 350 1640 sese
388 1602 569 1641 extremis
597 1601 642 1640 L.
675 1600 809 1640 Crassi
845 1600 1014 1639 oratoris
1053 1599 1291 1650 temporibus
1323 1598 1538 1637 extulisset.

146 1667 183 1706 Is
213 1667 481 1718 longissimam
509 1668 626 1707 vitam
657 1667 808 1714 habuit,
847 1667 881 1705 si
920 1665 1073 1717 quidem
1111 1670 1147 1704 et
1176 1665 1301 1704 Marii
1331 1665 1539 1703 familiaris

146 1734 220 1773 fuit
250 1746 321 1773 sua
351 1739 464 1785 gesta
494 1734 574 1772 eius
608 1733 785 1772 oratione
815 1732 1009 1772 celebrari
1046 1744 1162 1785 posse
1195 1731 1448 1771 existimantis
1468 1728 1537 1781 (5⁴⁵)

148 1806 185 1840 et
214 1802 497 1852 quinquaginta
528 1801 637 1839 annis
674 1805 763 1852 post
790 1799 1020 1852 Sempronio
1051 1799 1231 1839 Atratino
1264 1798 1449 1839 adversus
1478 1798 1536 1838 M.

147 1867 322 1908 Caelium
351 1868 481 1920 capita
510 1867 770 1907 accusationis
805 1867 1043 1919 composuit,
1085 1866 1188 1918 quod
1216 1866 1279 1905 hic
1309 1865 1538 1905 adversario

146 1948 231 1976 cum
259 1936 432 1975 convicio
463 1935 677 1987 exprobrat
705 1932 786 1986 (5⁷).
847 1935 919 1974 Hic
949 1934 1100 1974 Plotius
1130 1933 1371 1985 potissimum
1400 1938 1539 1983 tange-

145 2004 262 2043 batur
293 2002 418 2042 edicto
449 2003 633 2054 antiquae
664 2002 883 2042 severitatis
914 2001 1163 2053 plenissimo,
1195 2012 1271 2052 quo
1302 2000 1347 2039 L.
1373 1999 1539 2040 Crassus

147 2075 184 2110 et
214 2070 282 2110 Cn.
312 2070 503 2110 Domitius
543 2079 723 2110 censores
764 2081 799 2108 a.
832 2070 912 2108 661
944 2068 1107 2108 Latinos
1143 2068 1320 2106 rhetores
1365 2078 1413 2105 ex
1446 2066 1540 2106 civi-

240 2234 299 2276 55)
332 2244 387 2277 ep.
417 2232 601 2268 Ciceronis
637 2232 684 2266 ad
710 2232 877 2267 Titinium
915 2231 1012 2276 apud
1039 2230 1189 2264 Sueton.
1224 2229 1269 2263 de
1295 2229 1377 2263 clar.
1403 2228 1538 2263 rhetor.

149 2302 177 2324 c.
206 2290 233 2324 l.
336 2289 394 2332 56)
420 2288 572 2330 Errant,
599 2294 637 2323 ut
654 2289 836 2323 Gesnerus
864 2294 899 2322 et
917 2287 1112 2328 Ernestos,
1139 2286 1197 2330 qui
1218 2285 1373 2320 Plotium
1394 2288 1540 2330 poetam

149 2347 282 2381 faciunt
308 2352 459 2391 propter
484 2345 672 2388 Archiam,
707 2347 743 2380 in
771 2357 842 2390 quo
867 2343 1098 2379 defendendo
1126 2354 1202 2376 rem
1227 2342 1386 2387 prodidit
1411 2341 1539 2377 Cicero

149 2416 178 2440 c.
205 2404 237 2439 9.
286 2402 468 2437 Historico
500 2414 590 2446 opus
616 2407 694 2436 erat
721 2402 767 2435 ad
794 2401 891 2435 bella
908 2400 1019 2434 Marii
1044 2400 1180 2444 scripto
1210 2399 1438 2441 exornanda,
1474 2410 1542 2433 nec

151 2461 279 2495 Cicero
307 2460 494 2505 quicquam
521 2459 598 2493 vult
621 2459 688 2493 nisi
711 2459 891 2493 literatum
916 2456 1096 2490 hominem
1114 2453 1330 2500 significare.
1375 2454 1541 2489 Contem-

150 2517 244 2550 nitur
263 2528 284 2550 a
301 2516 468 2549 Varrone
488 2516 584 2561 apud
597 2515 758 2550 Nonium
778 2527 813 2550 v.
834 2513 1098 2553 bubulcitare;
1118 2516 1419 2546 commemoratur
1431 2509 1541 2548 Quin-

150 2572 275 2606 tiliano
301 2571 343 2606 11.
371 2573 410 2614 4,
434 2572 489 2607 42.
526 2572 587 2608 XI.
614 2572 653 2614 3,
684 2572 759 2607 143.
791 2572 956 2606 Senecae
976 2569 1150 2605 Coun-ov.
1175 2567 1216 2604 ll.
1243 2568 1446 2614 prooemio.
1493 2566 1541 2600 Et

150 2628 394 2666 Quintilianus
415 2628 556 2673 quidem
577 2629 623 2663 de
640 2634 741 2675 gestu
754 2628 910 2663 Plotium
927 2626 1114 2672 scripsisse
1134 2630 1267 2660 narrat.
1372 2624 1431 2667 57)
1452 2622 1542 2657 Sue-

151 2685 270 2720 tonius
296 2685 318 2720 l.
344 2696 374 2720 c.
425 2685 533 2720 Dicta
559 2697 668 2721 causa
694 2685 809 2722 Caelii
831 2697 862 2720 a.
882 2683 959 2720 697.
