1835 3126
279 181 370 225 So
491 174 686 219 BREVIS
718 173 1111 227 ELOQUENTIAE
1142 174 1277 218 ROM.
1309 175 1454 217 HIST.

279 294 361 331 eius
406 290 558 328 nomine
602 288 972 328 circumferebantur
1019 290 1235 337 orationes,
1281 301 1347 329 eas
1391 289 1434 329 P.
1482 287 1666 328 Canutius

279 369 395 409 eques
426 356 622 396 Romanus
651 356 764 395 homo
797 355 931 395 doctus
962 356 1166 408 scripsisse
1197 355 1426 395 credebatur
1443 353 1524 406 (⁰5).

909 467 945 521 ξ.
977 467 1043 506 30.

883 540 920 575 C.
947 542 1064 576 Cotta.

389 624 510 663 Huius
544 621 586 662 C.
619 619 733 661 Cotta
770 623 948 674 aequalis
974 621 1231 674 popularibus
1261 633 1412 674 semper
1442 622 1668 663 adversatus

280 692 515 730 contrariam
552 690 656 729 vitae
694 690 890 739 gerendae
919 690 1021 730 viam
1052 693 1204 727 secutus
1236 694 1304 727 est.
1366 689 1466 729 Gens
1494 691 1670 739 Aurelia,

279 759 371 797 olim
400 757 562 796 Auselia
592 756 695 795 (licta
725 769 773 796 ex
796 757 953 797 Sabinis
985 761 1108 796 ortum
1138 755 1273 794 habuit
1303 760 1339 794 et
1368 756 1407 794 in
1436 761 1514 795 tres
1546 757 1671 796 divisa

279 825 449 864 familias
479 824 552 862 fuit
582 823 782 863 Cottarum
808 825 1034 863 Orestarum
1058 823 1294 863 Scaurorum
1312 819 1402 873 (9¹³);
1434 835 1481 862 ex
1514 835 1560 862 ea
1589 824 1671 875 pri-

279 904 361 930 mus
392 903 575 930 summum
605 892 791 930 honorem
821 891 983 942 adeptus
1014 895 1071 929 est
1102 889 1143 929 C.
1177 890 1359 929 Aurelius
1391 889 1506 930 Cotta
1537 890 1672 930 consul

280 970 364 997 cum
395 958 436 997 C.
469 958 638 998 Servilio
673 958 829 997 Gemino
862 970 897 996 a.
929 958 1025 997 506.

397 1025 434 1062 G.
474 1025 651 1061 Aurelius
689 1026 817 1070 Cotta,
864 1024 911 1063 de
957 1035 1032 1074 quo
1078 1034 1177 1062 nunc
1222 1023 1413 1074 agendum
1455 1028 1530 1070 est,
1575 1022 1672 1062 duos

279 1092 423 1131 fratres
452 1091 588 1129 habuit
625 1096 718 1130 natu
752 1092 940 1138 minores,
977 1090 1034 1129 M.
1068 1089 1219 1129 Cottam
1259 1101 1336 1129 cos.
1373 1102 1408 1129 a.
1438 1091 1521 1129 680
1561 1095 1597 1129 et
1626 1091 1672 1130 L.

282 1158 435 1198 Cottam
473 1169 552 1196 cos.
596 1170 631 1197 a,
662 1158 768 1206 689;
803 1163 1012 1210 praeterea
1051 1157 1268 1208 patruelem
1307 1157 1352 1197 L.
1396 1157 1566 1205 Cottam,
1607 1158 1673 1209 qui

280 1225 384 1263 ultra
420 1229 645 1276 praeturam
681 1236 757 1263 non
795 1224 967 1263 ascendit
992 1222 1074 1274 (Ἦ).
1135 1224 1177 1264 C.
1209 1223 1323 1264 Cotta
1360 1229 1474 1263 natus
1513 1237 1548 1263 a.
1591 1226 1675 1264 630

280 1292 325 1331 Ρ.
349 1291 563 1343 Sulpicium
585 1290 789 1341 aequalem
812 1291 967 1330 habuit:
1000 1302 1111 1342 quem
1137 1295 1286 1338 tamen,
1318 1302 1401 1329 cum
1426 1296 1674 1342 quaesturam

283 1363 372 1397 ante
402 1358 552 1407 gessise
581 1357 777 1405 videatur,
806 1358 846 1396 in
871 1359 1069 1397 tribunatu
1094 1357 1260 1409 petendo
1290 1358 1517 1409 praevertit.
1560 1358 1674 1397 Pete-

281 1424 349 1463 bat
374 1424 473 1463 enim
499 1424 544 1462 L.
567 1424 750 1475 Philippo
780 1428 816 1462 et
841 1424 932 1463 Sex.
960 1425 1132 1464 Caesare
1155 1424 1377 1463 consulibus
1404 1436 1440 1462 a.
1465 1426 1566 1472 664,
1598 1435 1674 1475 quo

283 1502 384 1530 anno
416 1490 653 1541 colloquium
683 1489 729 1529 de
759 1495 917 1530 oratore
947 1491 1119 1530 habitum
1147 1501 1173 1530 a
1199 1490 1389 1530 Cicerone
1414 1490 1573 1541 lingitur
1590 1488 1674 1543 (⁹⁸).

282 1556 361 1598 Sed
393 1557 558 1605 Crasso,
595 1557 702 1596 cuius
733 1556 773 1595 in
800 1556 871 1596 illo
904 1557 1102 1609 colloquio
1132 1557 1282 1609 primae
1311 1563 1443 1609 partes
1474 1564 1579 1607 sunt,
1609 1559 1676 1599 vix

284 1626 473 1664 exstincto
513 1624 647 1675 gravis
693 1624 733 1662 in
769 1635 850 1663 rem
888 1625 1085 1676 publicam
1124 1624 1315 1663 malorum
1351 1625 1472 1664 moles
1515 1626 1675 1676 ingruit,

285 1704 447 1744 qnorum
475 1704 567 1743 pars
597 1691 711 1730 etiam
739 1691 778 1729 in
811 1690 963 1731 Cottam
991 1691 1233 1731 redundavit.
1291 1692 1400 1742 Lege
1432 1693 1530 1732 enim
1555 1693 1677 1734 Varia

282 1758 521 1811 postulatus,
560 1757 663 1809 quod
695 1759 734 1796 in
764 1759 819 1797 eis
851 1764 972 1804 esset,
1014 1771 1177 1810 quorum
1209 1770 1331 1810 opera
1360 1760 1456 1799 socii
1487 1759 1535 1799 ad
1567 1773 1676 1800 arma

285 1826 589 1871 concitarentur,
622 1835 705 1863 cum
731 1826 908 1865 oratione
938 1826 1057 1878 paulo
1088 1826 1357 1878 pervicaciore
1388 1826 1576 1877 equitum,
1609 1827 1675 1878 qui

284 1897 373 1931 tunc
412 1891 655 1940 iudicabant,
697 1891 880 1932 invidiam
917 1894 1113 1932 concitare
1143 1905 1220 1932 non
1251 1898 1352 1932 esset
1380 1893 1546 1941 veritus,
1587 1898 1676 1932 ante

286 1971 401 2011 quam
439 1959 635 1997 ferrentur
672 1960 906 2007 sententiae,
952 1964 1089 2011 sponte
1125 1960 1164 1998 in
1204 1960 1382 1999 exsilium
1423 1960 1530 1999 abiit.
1590 1960 1676 1999 Hoc

286 2032 343 2065 est
374 2025 476 2078 quod
506 2025 653 2065 invidia
684 2026 885 2078 depulsum
914 2026 1112 2065 tribunatu
1138 2026 1229 2064 dicit
1252 2026 1389 2066 Cicero
1408 2025 1499 2076 (⁹⁰),
1532 2027 1675 2079 quippe

286 2092 464 2145 petendo.
523 2092 683 2132 Factum
714 2105 799 2133 esse
829 2094 917 2145 ipso
948 2093 1054 2132 bello
1087 2093 1226 2132 sociali
1257 2098 1477 2144 erumpente
1509 2105 1557 2132 ex
1585 2094 1675 2132 loco

282 2160 394 2199 Bruti
417 2159 664 2198 Ciceroniani
694 2160 926 2210 intelligitur
943 2157 1042 2210 (5⁰⁰).
1100 2159 1242 2199 Filium
1270 2160 1309 2198 in
1338 2160 1516 2199 exsilium
1544 2165 1677 2200 secuta

285 2231 343 2266 est
378 2231 501 2265 mater
530 2225 679 2266 Rutilia
717 2227 843 2266 animo
880 2226 1015 2266 fratris
1046 2227 1105 2266 sui
1134 2227 1178 2266 P.
1208 2226 1345 2266 Rutilii
1380 2227 1538 2274 similis;
1577 2238 1676 2278 quae

286 2298 322 2332 et
358 2293 619 2344 supervixisse
654 2293 716 2333 illi
754 2299 992 2346 mortemque
1028 2306 1104 2333 non
1139 2294 1263 2333 minus
1302 2298 1523 2333 constanter
1561 2306 1677 2346 quam

286 2359 464 2399 exsilium
501 2360 637 2400 tulisse
671 2361 838 2401 traditur
864 2358 942 2412 (¹).
1002 2361 1082 2400 Nec
1119 2366 1207 2400 ante
1251 2361 1290 2399 in
1329 2361 1521 2400 civitatem
1561 2360 1677 2400 rediit

287 2425 331 2467 C.
357 2426 487 2474 Cotta,
520 2439 635 2478 quam
663 2434 752 2481 post
784 2429 1023 2482 optimatium
1052 2434 1185 2480 partes
1215 2440 1286 2481 per
1316 2428 1468 2469 Sullam
1496 2428 1675 2468 victrices

377 2533 437 2577 95)
473 2534 546 2569 Cic.
571 2535 593 2570 l.
621 2547 651 2572 c,
768 2538 828 2582 96)
861 2537 978 2583 lntpp.
1004 2537 1102 2572 Festi
1135 2550 1168 2582 p.
1194 2538 1259 2572 334
1284 2538 1389 2572 Lind.
1504 2537 1564 2580 97)
1599 2536 1673 2571 Cic.

285 2591 388 2625 Brut.
413 2589 479 2632 36,
509 2590 585 2626 135.
625 2594 670 2628 de
696 2591 759 2630 Or.
788 2594 846 2632 ΙΙΙ,
875 2595 936 2638 ll,
961 2593 1015 2628 42.
1134 2594 1194 2637 98)
1229 2594 1302 2629 Cic.
1333 2595 1378 2629 «le
1406 2591 1471 2628 Or.
1504 2593 1528 2627 1.
1556 2593 1593 2635 7,
1617 2593 1673 2626 24.

285 2647 344 2689 99)
371 2646 445 2682 Cic·
469 2646 514 2680 de
535 2646 599 2682 Or.
620 2649 676 2686 ΙΙΙ.
702 2651 745 2695 3,
772 2651 824 2688 11.
941 2650 1022 2695 500)
1049 2662 1077 2685 c.
1097 2650 1142 2685 88
1160 2656 1248 2685 extr.
1369 2651 1401 2693 l)
1424 2650 1565 2685 Seneca
1590 2659 1673 2683 con-

284 2703 352 2740 sol,
381 2703 427 2737 ad
450 2703 554 2739 llelv.
582 2704 633 2742 16.
