1835 3126
250 102 371 178 104
461 126 657 172 Bnevls
690 125 1083 179 ELOQUENTIAE
1116 124 1252 169 ROM.
1283 124 1426 168 fflsr.

254 246 331 285 lari
354 243 520 283 dictione
553 240 747 280 excelluit.
795 240 952 292 Reliqui
975 246 1120 288 autem,
1153 240 1219 292 qui
1247 240 1287 279 in
1315 239 1469 278 iudiciis
1500 237 1640 277 samam

256 310 424 350 assecuti
448 313 555 355 sunt,
580 312 646 346 aut
669 306 772 358 quod
794 306 1060 346 adolescentes
1083 312 1229 355 essent,
1251 311 1292 346 nt
1318 306 1477 347 Caelius
1499 304 1641 345 Calvus

256 376 385 417 Pollio
415 374 630 421 Messalla,
668 377 735 412 aut
773 372 877 424 quod
905 373 1077 412 moribus
1113 373 1256 425 perditi
1286 378 1415 420 erant,
1454 378 1495 411 ut
1526 372 1643 412 Curio

256 442 414 482 illorum
444 441 674 494 quibusdam
709 444 837 479 aetate
865 451 960 491 par,
996 440 1036 478 in
1065 439 1346 479 deliberatione
1373 439 1533 491 publica
1572 450 1648 478 non

257 510 453 550 valebant.
501 508 597 548 Cato
631 512 758 546 autem
786 511 921 545 orator
948 518 1026 545 non
1058 511 1160 554 erat,
1189 507 1264 545 hoc
1294 511 1351 545 est
1380 518 1456 545 non
1487 506 1649 545 curabat

260 588 336 628 quo
361 576 475 615 modo
508 575 708 615 audientes
735 573 947 612 delectaret
977 578 1092 624 atque
1116 578 1307 620 moveret,
1336 573 1404 611 sed
1432 573 1544 611 falsis
1566 572 1650 612 veri

259 642 520 682 similitudinis
564 641 800 692 imaginibus
844 639 985 679 nudam
1029 644 1065 678 et
1107 644 1253 678 rectam
1291 639 1492 678 veritatem
1533 650 1650 689 prae-

259 710 441 762 ponebat.
499 710 597 749 Hinc
634 721 705 748 nec
742 707 846 760 apud
881 707 1067 759 populum
1103 718 1174 745 nec
1212 704 1314 757 apud
1344 710 1519 757 potentes
1557 705 1652 743 satis

259 777 435 826 valebat,
481 788 702 828 quanquam
742 780 918 827 spectata
955 775 1059 814 vitae
1094 773 1300 823 integritas
1336 772 1506 811 orationi
1540 771 1653 810 fidem

260 845 452 883 faciebat:
487 844 557 882 ille
594 844 692 882 enim
723 848 807 881 arte
846 846 882 881 et
910 840 1110 880 blanditiis
1141 840 1305 888 moveri,
1343 840 1382 878 hi
1418 839 1528 889 leges
1565 838 1653 877 tolli

260 911 462 959 volebant,
492 915 534 949 nt
556 914 769 961 regnarent
792 909 887 960 ipsi;
918 908 973 947 ita
995 913 1140 956 tamen,
1163 912 1204 946 ut
1226 907 1370 947 veteris
1391 906 1450 944 rei
1473 905 1654 957 publicae

264 979 415 1019 eversio
446 978 585 1017 fallaci
607 977 800 1016 libertatis
833 975 962 1027 specie
985 978 1293 1026 praetexeretur.
1338 972 1418 1013 Sed
1446 984 1494 1010 ne
1515 971 1653 1011 Cicero

264 1045 435 1096 quidem,
466 1057 548 1083 cum
575 1048 676 1082 esset
703 1044 817 1081 etiam
846 1043 886 1080 in
910 1041 1094 1093 populari
1124 1039 1276 1078 dicendi
1300 1049 1446 1089 genere
1475 1043 1512 1076 et
1540 1049 1654 1076 sena-

263 1112 366 1150 toria
388 1110 578 1150 sententia
606 1110 807 1161 princeps,
837 1109 878 1146 in
898 1119 943 1147 re
965 1107 1124 1159 publica
1148 1118 1232 1145 eam
1263 1106 1510 1156 dignitatem,
1542 1117 1657 1156 quam

265 1177 359 1217 dare
386 1178 582 1228 ingenium
612 1181 649 1216 et
670 1177 838 1215 honores
858 1174 1102 1223 viderentur,
1135 1174 1229 1213 satis
1254 1173 1356 1212 tueri
1377 1172 1514 1224 potuit.
1558 1171 1657 1211 Nam

266 1248 302 1283 et
333 1243 373 1282 id
402 1249 550 1296 tempus
583 1249 686 1291 erat,
726 1255 802 1295 quo
840 1242 928 1294 plus
963 1246 1123 1294 possent
1160 1241 1319 1292 regales
1355 1252 1433 1279 non
1461 1239 1657 1278 nullorum

265 1321 359 1362 opes
403 1310 636 1349 militaribus
676 1311 799 1362 copiis
846 1314 913 1348 aut
954 1308 1176 1360 ingentibus
1221 1307 1411 1347 clientelis
1456 1307 1657 1355 subnixae,

266 1388 382 1427 quam
410 1376 547 1415 laudes
573 1378 734 1416 honeste
757 1377 981 1427 quaesitae;
1014 1380 1050 1414 et
1076 1375 1238 1422 Cicero,
1270 1386 1353 1413 cum
1376 1385 1460 1412 sese
1483 1374 1657 1412 omnibus

266 1442 382 1481 rebus
414 1447 573 1493 praeter
602 1443 800 1492 ingenium
838 1441 1020 1493 superari
1057 1441 1105 1479 ab
1139 1440 1229 1478 aliis
1258 1439 1406 1479 videret
1446 1444 1482 1478 et
1520 1439 1660 1478 fiducia

266 1509 327 1548 sui
351 1508 468 1560 plane
492 1514 662 1556 careret,
692 1513 782 1560 post
812 1507 1053 1562 splendidum
1076 1507 1187 1546 illum
1210 1506 1451 1546 consulatum
1482 1506 1532 1546 ad
1554 1507 1659 1547 vitae

266 1587 391 1627 usque
420 1575 532 1615 finem
562 1576 846 1628 potentioribus
875 1575 1081 1615 serviebat.
1132 1575 1285 1625 Itaque,
1317 1585 1400 1613 cum
1430 1585 1516 1613 sese
1545 1574 1660 1613 foede

266 1642 443 1682 relictum
476 1642 688 1694 aliquando
723 1648 760 1682 et
791 1643 1032 1682 inimicorum
1061 1641 1213 1680 iniuriis
1244 1641 1460 1692 expositum
1488 1641 1660 1689 vidisset,

268 1714 395 1748 tamen
426 1708 618 1748 dominum
655 1710 802 1748 instare
838 1710 897 1748 rei
926 1709 1109 1760 publicae
1146 1708 1370 1759 intelligens
1401 1720 1485 1748 eam
1518 1708 1660 1747 factio-

267 1787 353 1814 nem
384 1780 605 1814 constanter
636 1781 788 1814 secutus
815 1781 888 1823 est,
921 1788 1036 1826 quam
1066 1776 1220 1824 legibus
1251 1781 1287 1814 et
1315 1776 1498 1814 institutis
1521 1776 1660 1827 patriis

267 1843 390 1882 minus
419 1842 613 1881 hostiliter
640 1842 838 1881 imminere
864 1841 1024 1881 rideret.
1069 1840 1325 1891 Intelligimus
1354 1843 1475 1891 igitur
1501 1843 1661 1882 Cicero-

267 1920 372 1956 nem,
412 1920 495 1948 cum
532 1909 696 1947 maxime
726 1908 901 1947 floruerit
931 1908 1174 1959 eloquentia,
1211 1909 1269 1947 rei
1298 1908 1480 1960 publicae
1509 1909 1661 1948 ruinam

269 1976 510 2027 aliquantum
546 1975 700 2027 quidem
736 1975 883 2014 morari
919 1974 987 2013 sed
1025 1986 1161 2014 arcere
1199 1986 1276 2014 non
1313 1975 1437 2026 magis
1475 1976 1662 2027 potuisse,

271 2055 386 2094 quam
415 2043 713 2082 Demosthenem
756 2042 848 2081 olim
882 2042 1171 2080 Atheniensem:
1214 2054 1327 2093 quem
1365 2054 1449 2081 cum
1484 2043 1664 2093 pericula

269 2109 430 2160 publica
471 2113 577 2147 recte
615 2108 759 2147 sentire
796 2107 899 2148 cives
936 2107 1221 2158 intelligerent,
1265 2109 1377 2159 sequi
1414 2114 1543 2148 tamen
1580 2121 1662 2149 mo-

272 2180 423 2215 nentem
452 2175 672 2214 noluerunt.

385 2241 561 2281 Tertium
592 2240 840 2292 eloquentiae
870 2252 1013 2292 genus,
1052 2240 1155 2292 quod
1188 2240 1328 2282 Graeci
1357 2237 1664 2289 ἐπιδεικτικόν,

272 2308 535 2357 Quintilianus
570 2308 910 2348 demonstrativmn
938 2312 1073 2355 vocat,
1114 2307 1220 2346 ultra
1255 2307 1522 2347 laudationum
1552 2307 1662 2346 fune-

273 2375 399 2414 brium
428 2387 572 2415 morem
600 2380 862 2427 propagatum
891 2385 967 2413 non
999 2379 1075 2421 est;
1112 2374 1208 2413 illae
1241 2379 1367 2413 autem
1397 2373 1548 2412 dicendi
1577 2375 1664 2425 qui-

275 2441 379 2490 dem,
408 2441 475 2481 sed
503 2454 579 2481 non
604 2443 699 2482 artis
725 2441 925 2482 oratoriae
948 2452 1122 2493 campum
1145 2440 1335 2492 quendam
1354 2441 1665 2493 patefaciebant:

275 2508 518 2550 habebantur
549 2509 648 2548 enim
678 2521 754 2550 non
786 2522 810 2549 a
839 2508 1082 2562 peritissimis
1113 2509 1354 2558 oratoribus,
1384 2507 1453 2550 sed
1480 2520 1504 2547 a
1530 2508 1665 2561 proxi-

276 2575 347 2616 mis
377 2580 642 2627 cognatorum.
