1835 3126
568 164 823 209 BRUTUS
863 163 982 206 GAP.
1016 166 1079 207 13.
1413 165 1518 210 173

244 276 355 320 XIII.
387 276 454 319 49.
484 276 535 320 Et
560 276 764 320 Graeciae
796 277 958 333 quidem
989 283 1195 320 oratorum
1226 282 1366 333 partus
1398 282 1519 331 atquc

133 358 256 400 sontis
297 356 437 407 vides,
485 355 538 398 ad
580 362 813 398 nostrorum
859 356 1069 397 annalium
1108 357 1309 397 rationem
1346 362 1521 406 veteres,

133 435 185 477 ad
230 436 410 490 ipsorum
452 446 553 476 sane
593 435 785 476 recentis.
851 447 947 475 nam
993 440 1107 484 ante,
1153 446 1273 489 quam
1316 433 1522 475 delectata

131 519 194 555 est
232 512 548 555 Atheniensium
590 515 735 555 civitas
774 512 853 554 hac
891 512 1014 554 laude
1057 511 1239 561 dicendi,
1276 511 1403 553 multa
1438 513 1521 553 iam

131 591 419 633 memorabilia
447 598 485 633 et
511 593 551 632 in
579 591 816 633 domesticis
841 597 878 633 et
909 592 950 632 in
973 590 1138 632 bellicis
1163 590 1288 632 rebus
1313 589 1519 632 effecerat.

132 668 220 712 Iloc
265 676 399 711 autem
445 669 619 711 studium
664 683 744 712 non
790 676 878 712 erat
920 682 1131 711 commune
1173 668 1401 719 Graeciae,
1447 669 1522 711 sed

129 749 338 803 proprium
373 747 640 790 Athenarum.
705 747 772 788 50.
813 748 904 802 quis
942 748 1049 788 enim
1089 753 1156 788 aut
1187 748 1387 800 Argivum
1428 760 1522 790 ora—

131 832 261 868 torem
303 832 371 867 aut
404 825 656 868 Corinthium
688 832 755 866 aut
786 823 1030 865 Thebanum
1062 824 1139 865 scit
1170 824 1299 864 fuisse
1328 827 1522 879 tempori-

130 903 208 946 bus
242 904 357 946 illisi
400 904 481 945 nisi
519 902 617 957 quid
646 901 695 943 de
725 900 1013 957 Epaminonda
1043 900 1162 942 docto
1192 899 1356 942 homine
1388 903 1524 956 suspi-

131 983 220 1024 cari
257 982 369 1023 libet.
436 978 815 1022 Lacedaemonium
849 992 949 1021 vero
990 992 1120 1034 usque
1160 978 1214 1020 ad
1251 978 1330 1021 hoc
1366 985 1524 1035 tempus

130 1059 268 1101 audIvi
307 1058 438 1100 fuisse
475 1059 691 1100 neminem.
760 1056 1000 1100 Menelaum
1037 1059 1171 1113 ipsum
1207 1057 1367 1099 dulcem
1407 1057 1523 1099 illum

130 1137 294 1193 quidem
333 1137 458 1179 tradit
494 1136 715 1187 Homerus,
760 1136 835 1179 sed
876 1149 1012 1193 pauca
1049 1136 1263 1178 dicentem.
1330 1134 1523 1179 Brevitas

130 1222 265 1258 autem
292 1215 386 1257 laus
418 1221 480 1257 est
508 1215 710 1257 interdum
742 1216 785 1257 in
816 1214 960 1271 aliqua
987 1221 1103 1271 parte
1134 1214 1321 1265 dicendi,
1360 1215 1404 1256 in
1434 1216 1524 1256 uni-

128 1307 253 1337 versa
292 1294 531 1349 eloquentia
567 1293 734 1335 laudem
772 1306 855 1336 non
891 1292 1028 1334 habet.
1089 1292 1156 1334 51.
1195 1292 1251 1334 At
1279 1306 1378 1336 vero
1409 1300 1526 1336 extra

131 1371 353 1414 Graeciam
385 1385 540 1426 magna
569 1372 733 1414 dicendi
765 1371 902 1414 studia
926 1371 1107 1422 suerunt,
1143 1373 1400 1427 maxumique
1430 1371 1526 1413 huic

129 1450 245 1492 laudi
274 1449 406 1491 habiti
434 1449 615 1492 honores
646 1450 807 1492 illustre
840 1456 1048 1492 oratorum
1072 1462 1222 1491 nomen
1245 1449 1524 1491 reddiderunt.

129 1541 226 1570 nam
264 1534 307 1570 ut
345 1528 474 1570 semel
514 1541 536 1570 e
573 1527 749 1571 Piraeeo
787 1528 1026 1584 eloquentia
1065 1533 1210 1570 evecta
1254 1534 1337 1577 est,
1381 1541 1524 1570 omnes

130 1607 368 1664 peragravit
408 1605 567 1648 insulas
614 1612 734 1662 atque
779 1607 838 1648 ita,
879 1606 1147 1663 peregrinata
1180 1611 1268 1647 tota
1303 1604 1412 1648 Asia
1450 1612 1526 1657 est,

129 1692 173 1727 ut
207 1699 252 1728 se
276 1687 456 1727 externis
486 1684 688 1727 oblineret
715 1684 898 1726 moribus
930 1695 1171 1737 omnemque
1201 1682 1319 1724 illam
1347 1682 1526 1724 salubri-

129 1769 256 1806 tatem
296 1764 457 1805 Atticae
502 1763 696 1804 dictionis
745 1768 785 1804 et
826 1763 946 1818 quasi
987 1762 1207 1803 sanitatem
1245 1760 1435 1816 perderet
1476 1774 1527 1804 ac

130 1841 243 1897 loqui
272 1853 405 1897 paene
435 1840 680 1883 dedisceret.
737 1839 843 1883 Hinc
863 1839 1044 1882 Asiatici
1075 1845 1284 1889 oratores,
1314 1852 1399 1881 non
1427 1853 1526 1882 con-

130 1963 256 1998 oriri.“
282 1962 430 2009 Meyer.
454 1983 501 1987 ——
538 1967 738 2008 totumque
764 1964 820 2008 se]
857 1974 926 1998 om.
960 1974 1001 1997 se
1034 1962 1102 2007 Lg.
1128 1961 1185 1997 68.
1210 1961 1265 1997 70.
1292 1981 1338 1986 -
1372 1972 1525 2009 compo-

129 2020 293 2064 mendas]
320 2032 389 2055 om.
414 2018 582 2054 Lambini
607 2020 679 2054 duo
707 2020 834 2063 codd„
862 2021 892 2054 si
917 2018 1012 2054 fides
1035 2019 1128 2054 huic.

221 2076 318 2111 XIII.
367 2076 422 2112 49.
464 2081 613 2123 partus
639 2081 755 2121 atque
771 2076 912 2121 fontis]
934 2078 1065 2122 partis
1090 2087 1126 2111 a.
1150 2075 1182 2120 f.
1208 2074 1266 2109 ed.
1290 2085 1344 2119 pr.
1384 2080 1527 2120 partus

131 2136 308 2178 artisque
324 2134 457 2179 fontes
475 2133 568 2167 coni.
589 2132 674 2167 sch.
713 2137 920 2167 oratorum
940 2134 1116 2175 artisque
1135 2130 1268 2175 fontes
1287 2130 1379 2165 coni.
1397 2130 1528 2175 RIeye-

131 2200 201 2223 rus.
242 2190 341 2223 Sana
366 2189 497 2222 omnia.
535 2189 705 2222 Ceterum
729 2187 857 2231 fontis
881 2187 946 2233 Lg.
964 2186 997 2220 S.
1020 2186 1074 2220 51.
1097 2185 1152 2219 56.
1185 2185 1278 2219 Ven.
1301 2187 1328 2220 l.
1349 2205 1394 2210 -—
1421 2191 1527 2228 ante,

133 2245 271 2290 quam]
300 2245 441 2278 divisim
466 2243 533 2288 Lg.
552 2243 608 2278 39.
626 2244 680 2277 53.
706 2243 799 2278 Ven.
818 2243 846 2279 l.
873 2244 925 2278 sic
941 2242 1038 2277 iubet
1057 2243 1163 2277 ratio.
1180 2260 1224 2267 ·—
1253 2245 1291 2275 et
1316 2244 1357 2276 in
1377 2241 1528 2278 bellicis

131 2301 261 2344 rebus]
290 2311 358 2335 om.
385 2298 452 2345 Lg.
477 2299 533 2334 20.
584 2299 774 2334 inbecillis
800 2299 893 2334 Ven.
922 2299 952 2332 1.
989 2298 1056 2333 Gu.
1088 2298 1140 2340 l.,
1172 2297 1233 2331 ille
1267 2302 1389 2333 tamen
1417 2310 1527 2344 supra

130 2358 264 2402 scripta
276 2363 364 2390 nota
376 2356 562 2389 literarum
577 2367 597 2390 c
612 2362 646 2390 et
661 2355 1027 2401 llpermutandarum.
1038 2374 1083 2379 —
1106 2353 1297 2398 studium]
1320 2365 1386 2388 om.
1402 2354 1457 2388 ed.
1471 2366 1526 2399 pr.

224 2414 279 2448 50.
327 2412 500 2456 homine]
525 2414 608 2448 viro
634 2412 700 2458 Lg.
720 2412 776 2447 20.
795 2432 841 2437 -
876 2411 1022 2459 ipsum]
1048 2422 1118 2445 om.
1142 2409 1210 2456 Lg.
1229 2410 1286 2446 20.
1307 2430 1352 2435 -
1381 2411 1524 2456 tradit]

133 2469 304 2517 tradidit
326 2468 452 2503 Lamb.

226 2526 280 2562 51.
329 2525 599 2570 maoeumique]
632 2525 684 2559 sic
715 2523 780 2570 Lg.
812 2523 844 2560 8.
890 2523 984 2559 Ven.
1012 2523 1043 2558 1.
1076 2543 1122 2548 -—
1166 2527 1253 2558 tota
1289 2522 1403 2566 Asia]
1442 2527 1527 2558 tota

140 2582 309 2618 Graecia
340 2581 407 2628 Lg.
431 2582 487 2616 20.
513 2582 554 2616 51
575 2593 667 2617 corr.
710 2593 865 2629 pereqr.
902 2585 960 2615 est
992 2586 1015 2616 t.
1050 2581 1095 2616 A.
1127 2580 1211 2614 Vat.
1238 2600 1284 2604 —
1321 2578 1524 2624 oblineret]

74 2666 83 2674 .
112 2639 326 2680 ‚obtineret
350 2651 378 2673 s.
403 2641 595 2685 optineret
617 2638 681 2685 Lg.
702 2644 849 2684 praeter
866 2637 942 2680 51„
968 2637 1061 2672 Ven.
1084 2637 1112 2672 l.
1130 2636 1162 2672 2.
1189 2635 1274 2673 Vat.
1304 2634 1379 2671 Ott.
1407 2636 1472 2670 Gn.
1496 2636 1525 2670 I.

134 2696 191 2732 ed.
213 2707 288 2742 pr.;
313 2701 402 2743 puto
427 2697 536 2732 etiam
558 2695 644 2733 Par.
667 2695 716 2734 D.
744 2715 785 2722 —
823 2699 860 2731 et
884 2696 1001 2740 quasi
1022 2694 1252 2738 sanitatem]
1279 2697 1318 2729 et
1341 2704 1374 2738 q.
1401 2694 1525 2729 suavi-
