1835 3126
355 242 439 286 AD
472 240 588 284 GlC.
617 239 882 284 BRUTUM
917 241 1037 285 GAP.
1060 243 1127 286 93.
1151 243 1218 286 94.
1243 242 1310 286 95.
1411 245 1525 290 431

247 356 391 394 incluso
416 355 648 405 adversario]
681 356 794 408 quasi
814 355 979 396 vinculis
1002 355 1180 406 illigato,
1209 361 1253 396 ut
1274 368 1316 397 se
1340 357 1526 411 expedire

136 422 324 473 nequiret.
382 422 608 464 Venaticum
634 423 786 464 videtur
814 422 1066 471 vocabulum,
1097 423 1197 462 sicut
1231 437 1360 474 capere
1388 426 1524 464 adver-

132 492 277 526 sartum
307 500 340 528 c.
369 490 446 539 48,
480 492 572 530 178.

245 556 384 598 XCIV.
442 558 535 596 323.
594 554 784 593 duodecim
807 554 940 604 annos]
973 554 1022 593 ab
1054 566 1089 593 a.
1121 555 1202 594 692
1234 553 1285 594 ad
1314 557 1413 604 703,
1446 569 1522 609 quo

133 621 172 660 in
198 621 376 663 Ciliciam
409 622 622 675 proconsul
651 621 747 660 abiit
777 621 936 670 Cicer03
972 621 1201 661 Hortensius
1229 623 1329 662 enim
1359 623 1525 664 decessit

134 700 171 727 a.
201 691 304 737 704,
334 694 423 729 ante
451 689 559 728 illius
589 687 771 728 reditum:
800 701 837 728 v.
870 699 904 728 e.
937 691 980 737 l,
1016 691 1051 728 1.

243 756 337 794 324.
396 757 472 805 lege
499 755 692 805 Pompeia]
732 754 942 795 iudiciaria
979 755 1071 805 illa,
1109 755 1157 796 de
1194 768 1272 808 qua
1301 756 1441 796 dictum
1466 761 1524 797 est

130 820 169 859 in
201 831 233 860 c.
263 823 336 869 69,
365 824 460 861 243.

242 891 330 926 ηουὶ
365 888 614 938 veniebamus]
655 893 797 927 tractat
834 888 932 928 baec
968 889 1013 928 P.
1047 888 1243 930 Victorius
1273 889 1367 929 Var.
1397 890 1520 929 Lectt.

127 954 236 994 XXI.
265 956 328 995 10.
360 966 590 1008 comparans
623 955 722 994 illud
744 955 924 1006 Blonysii
946 955 1307 994 Halicarnassensis
1331 955 1378 994 de
1401 956 1523 1006 Lysia

128 1020 334 1061 iudicium:
370 1016 522 1063 οὑτοσὶ
551 1019 600 1062 δὲ
626 1017 772 1075 ῥήτωρ
798 1016 948 1068 καινός
974 1017 1066 1061 ἐστι
1092 1013 1198 1059 καθ’
1231 1016 1416 1060 ἕκαστον
1436 1021 1522 1060 τῶν

126 1083 279 1139 λόγων.

239 1155 427 1191 orationes
456 1173 512 1181 »-
540 1151 770 1201 indicabunt]
810 1152 881 1191 has
913 1156 1044 1200 aetas,
1082 1163 1182 1203 quae
1212 1153 1428 1203 Augustum
1458 1165 1521 1194 se-

127 1224 216 1259 cuta
246 1224 322 1268 est,
362 1232 434 1259 sua
462 1220 592 1271 inepte
621 1219 766 1258 mirans
794 1219 1039 1269 antiquorum
1068 1218 1274 1258 fastidiose
1304 1218 1520 1271 despiciens

127 1286 365 1327 obliteravit.
425 1286 657 1337 Quanquam
699 1285 739 1324 in
774 1285 983 1324 Hortensio
1020 1285 1109 1337 plus
1145 1285 1265 1325 fuisse
1296 1287 1442 1337 speciei
1484 1292 1521 1327 et

125 1365 292 1405 pompae
327 1365 442 1404 quam
484 1352 661 1393 veritatis
704 1357 877 1392 veterum
921 1352 1234 1392 accuratissimus
1277 1354 1520 1395 existimator

125 1420 410 1469 Quintilianus,
441 1431 526 1459 cum
557 1419 604 1458 de
633 1418 770 1459 Caelio
802 1423 838 1458 et
872 1417 993 1459 Calvo
1030 1424 1067 1459 et
1093 1419 1289 1459 Messalla
1319 1422 1414 1460 satis
1446 1423 1518 1462 ho-

123 1486 284 1527 norifice
306 1486 471 1534 iudicet,
500 1498 578 1526 non
609 1486 774 1525 obscure
803 1485 987 1537 prodidit.

234 1553 352 1595 XCV.
410 1555 505 1594 325.
561 1552 738 1604 prbnmm]
779 1552 943 1592 alteram
983 1564 1139 1593 causam
1175 1554 1366 1593 sententia
1402 1554 1518 1594 aliter

122 1621 334 1661 informata
362 1620 489 1660 reddit
519 1619 554 1674 ξ.
586 1621 679 1659 327.
711 1620 843 1660 verbis
874 1620 938 1657 scd
969 1633 1051 1657 cum
1081 1623 1159 1658 iam
1194 1620 1264 1660 &a
1322 1621 1418 1661 Rem
1448 1633 1517 1661 ex-

122 1689 253 1741 posuit
275 1688 542 1738 Heusingerus
568 1687 607 1726 in
633 1685 705 1727 Off.
730 1687 759 1726 Ι.
787 1688 858 1734 14,
885 1688 923 1726 7.
967 1687 1039 1734 28,
1067 1688 1106 1727 9.
1138 1691 1175 1726 et
1206 1688 1281 1726 iam
1306 1692 1395 1726 ante
1416 1688 1517 1727 hunc

123 1755 476 1796 animadverterant
504 1754 705 1794 Manutius
734 1754 774 1792 in
802 1753 902 1805 Epp.
935 1753 985 1792 ad
1006 1753 1093 1794 Div.
1117 1753 1165 1793 II.
1192 1755 1230 1794 9.
1291 1753 1446 1794 Cortius
1477 1755 1517 1794 in

122 1822 224 1863 Sall.
248 1823 333 1873 Ing.
358 1822 432 1869 85,
456 1821 524 1861 45.
570 1820 719 1869 Quibus
750 1819 848 1859 adde
874 1820 1015 1871 Wopk.
1041 1821 1164 1859 Lectt.
1192 1820 1297 1859 Tull.
1317 1820 1346 1859 Ι.
1371 1823 1418 1868 9,
1446 1821 1514 1860 52.

124 1890 292 1930 Gronov.
316 1889 356 1927 in
378 1889 464 1929 Liv.
481 1888 550 1927 IX.
569 1889 635 1935 36,
652 1890 691 1925 2.
731 1886 997 1927 Gernhardum
1018 1886 1057 1924 in
1084 1885 1159 1926 Off.
1182 1886 1346 1925 Excurs.
1363 1899 1401 1938 p.
1418 1889 1516 1928 447.

233 1969 348 2005 gemes
375 1975 430 1982 -—-
458 1953 684 2002 Asiaticum]
716 1951 763 1992 de
790 1953 865 1992 hoc
892 1951 1044 1992 dicendi
1074 1963 1220 2003 genere
1250 1953 1409 2005 copiose
1435 1955 1516 2004 egit

119 2021 349 2073 Bernhardy
376 2021 417 2060 in
451 2020 517 2061 Gr.
539 2020 632 2060 Litt.
663 2019 741 2059 vol.
768 2019 798 2059 Ι.
830 2031 868 2071 p.
893 2021 987 2059 379.
1045 2019 1090 2059 Id
1121 2024 1305 2071 quantum
1336 2031 1408 2072 per
1438 2020 1514 2060 ali-

120 2089 224 2143 quod
253 2095 401 2140 tempus
432 2088 547 2127 etiam
573 2086 733 2126 Graecis
761 2085 976 2136 placuerit,
1007 2086 1063 2124 ita
1084 2091 1235 2134 tamen,
1265 2091 1306 2125 ut
1329 2087 1514 2127 mirantes

119 2169 197 2203 non
221 2156 286 2195 diu
307 2154 546 2200 caecaverit,
576 2152 722 2191 indicat
744 2151 922 2202 Dionysii
943 2151 1304 2192 Halicarnassensis
1328 2153 1514 2194 iudicium

117 2237 156 2276 p.
188 2225 284 2263 447.
324 2225 351 2261 t.
381 2234 417 2261 v.
447 2219 617 2261 Reiskii:
659 2213 684 2272 ἡ
722 2215 802 2268 μὲν
831 2213 1006 2272 Ἀττικὴ
1039 2219 1209 2260 Marma
1247 2216 1321 2260 καὶ
1349 2216 1512 2274 ἀρχαία

120 2287 195 2331 καὶ
212 2283 444 2338 αὐτόχθων
460 2280 616 2338 ἷίτιμον
632 2280 810 2340 εἰλήφει
825 2285 969 2340 σχῆμα
983 2286 1069 2326 τῶν
1085 2280 1244 2339 ἑαυτῆς
1259 2282 1512 2328 ἐκπεσοῦσα

119 2351 301 2409 ἀγαθῶν
333 2355 403 2396 ἕω.

230 2421 434 2471 Hierocles]
474 2420 514 2459 in
553 2419 627 2459 hoc
666 2422 703 2458 et
730 2417 912 2458 Menecle
947 2429 1025 2458 non
1063 2422 1141 2458 tam
1173 2420 1382 2459 sententias
1417 2431 1511 2460 con-

119 2491 252 2531 cinnas
281 2490 308 2529 i.
340 2501 373 2529 e.
402 2486 614 2527 artificiose
644 2485 866 2533 conclusas,
899 2498 1013 2537 quam
1042 2486 1193 2538 copiam
1224 2491 1261 2526 et
1284 2487 1511 2527 facultatem

115 2557 253 2598 laudat
281 2552 351 2597 Or.
375 2557 452 2603 69,
475 2555 571 2594 231.
629 2552 823 2594 Summam
854 2564 986 2592 eorum
1015 2553 1159 2592 famam
1186 2553 1325 2601 fuisse,
1355 2559 1397 2593 ut
1426 2558 1511 2593 tota

116 2625 214 2665 Asia
237 2635 304 2663 eos
329 2623 567 2669 imitaretur,
589 2620 755 2670 legimus
781 2620 897 2660 etiam
921 2619 1024 2672 apud
1041 2619 1120 2660 Cic.
1145 2619 1192 2660 de
1208 2621 1275 2661 Or.
1292 2620 1339 2660 II.
1357 2622 1423 2669 23,
1439 2620 1509 2661 95.

118 2695 155 2731 et
186 2690 289 2743 apud
318 2690 551 2731 Strabonem
579 2688 682 2730 XIV.
712 2700 751 2740 p.
775 2689 871 2728 661.
931 2688 1111 2728 Ceterum
1139 2687 1180 2726 in
1208 2687 1298 2728 loco
1326 2688 1508 2728 Oratoris

115 2757 236 2810 paulo
273 2756 390 2799 aliter
423 2757 472 2798 de
499 2756 684 2800 Asiaticis
713 2754 936 2797 oratoribus
975 2753 1123 2797 iudicat
1151 2753 1343 2809 aliterque
1373 2766 1507 2797 eorum
