1835 3126
291 168 378 215 84
503 163 699 208 BREVIS
730 162 1124 216 ELOQUENTIAE
1155 162 1290 207 ROM.
1320 162 1464 207 HIST.

402 279 552 320 Caesar
579 278 619 316 in
650 288 719 316 sex
747 279 922 330 patronis
948 283 1050 326 erat,
1082 277 1131 318 ad
1160 290 1256 330 quos
1288 279 1354 330 qui
1383 288 1453 316 nec
1473 276 1681 316 Antonium

290 358 360 387 nec
398 345 581 386 Crassum
623 344 769 384 habere
807 349 991 396 poterant
1035 345 1246 396 confugere
1290 346 1468 386 solebant
1491 340 1573 395 (²⁰).
1630 343 1681 382 Et

287 414 534 466 perspicuum
558 415 615 450 est
637 422 721 458 cur,
754 422 837 449 cum
864 416 964 450 esset
992 411 1150 462 ingenio
1175 412 1386 451 cultissimo
1409 416 1446 450 et
1468 410 1676 461 diligenter

289 481 532 532 loqueretur,
584 489 661 516 non
705 482 831 516 tamen
873 479 1094 530 pervenerit
1137 479 1177 517 in
1220 491 1417 518 numerum
1464 478 1681 530 principum

288 552 553 600 patronorum.
598 544 745 584 Deerat
777 545 875 583 enim
905 545 1145 585 vehementia
1166 542 1246 596 (Ἢ).
1297 546 1443 585 Contra
1472 545 1569 584 nihil
1600 545 1682 583 eius

291 615 469 654 oratione
498 612 662 651 facetius
692 612 879 650 urbanius
916 613 1108 651 suavitate
1151 617 1187 650 et
1217 612 1353 663 lepore
1384 611 1574 650 conditius
1600 608 1682 661 (22).

288 682 377 722 Iure
413 680 534 731 igitur
569 679 658 718 huic
690 678 827 718 Cicero
866 679 906 717 in
934 678 1046 717 libris
1086 678 1132 717 de
1164 679 1331 718 Oratore
1359 679 1598 730 provinciam
1638 677 1684 716 de

291 749 439 788 salibus
471 752 507 786 et
531 746 684 784 facetiis
716 746 900 785 oratoriis
933 744 1148 784 disserendi
1177 744 1421 785 demandavit
1452 750 1487 784 et
1514 745 1576 783 hic
1603 744 1685 783 illic

291 814 470 866 exempla
500 813 689 852 dictorum
729 824 777 851 ex
808 813 888 851 eius
921 812 1162 851 orationihus
1201 812 1428 864 deprompta
1465 812 1686 864 interponit.

290 882 437 922 Eadem
459 880 610 919 indoles
642 891 690 918 ex
714 878 930 930 tragoediis
956 879 1059 926 eius,
1091 891 1187 930 quas
1219 891 1267 918 ex
1291 879 1450 919 Graecis
1478 891 1685 931 expressas

290 950 414 988 fuisse
444 947 615 987 dubitari
646 958 722 985 non
744 951 890 998 potest,
923 945 1117 997 spirabat,
1150 958 1311 996 quarum
1335 946 1558 984 fabularum
1587 957 1686 984 nunc

292 1016 417 1055 adhuc
457 1014 613 1066 qnidam
652 1013 837 1052 versiculi
882 1017 1087 1064 supersunt
1130 1016 1291 1063 propter
1330 1012 1565 1062 elegantiam
1609 1024 1686 1051 non

292 1079 559 1122 contemnendi
579 1076 658 1129 (²3).
722 1079 957 1127 Causarum,
990 1090 1086 1129 quas
1118 1078 1216 1128 egit,
1248 1090 1398 1130 paucae
1432 1079 1585 1118 nomine
1614 1090 1686 1118 no-

290 1154 355 1188 tae
400 1152 512 1194 sunt;
560 1146 767 1198 pauciores
812 1146 926 1184 etiam
971 1145 1189 1184 orationum
1233 1145 1438 1197 reliquiae.
1512 1146 1687 1186 Omnium

291 1215 537 1254 nobilissima
577 1218 633 1252 est
674 1216 863 1250 accusatto
897 1216 940 1249 Τ.
972 1212 1120 1249 Albucii
1165 1223 1212 1250 ex
1248 1213 1451 1264 provincia
1489 1213 1686 1261 Sardinia,

294 1294 409 1334 quam
445 1281 602 1320 hiennio
640 1285 801 1332 praetor
833 1284 1011 1327 rexerat,
1050 1278 1351 1330 repetundarum
1389 1281 1448 1319 rei
1478 1280 1520 1320 C.
1551 1281 1686 1320 Mario

292 1349 448 1387 tertium
475 1348 522 1387 L.
552 1347 713 1386 Aurelio
746 1347 883 1386 Oreste
922 1347 1144 1386 consulibus
1182 1358 1217 1384 a.
1249 1347 1351 1394 6513
1390 1347 1428 1385 in
1459 1360 1537 1398 qua
1567 1359 1687 1386 causa

293 1427 379 1454 cum
409 1414 477 1454 Cn.
508 1414 695 1464 Pompeio
726 1413 921 1452 Strabone
958 1419 1045 1452 uter
1080 1413 1320 1464 potissimum
1357 1418 1560 1452 accusaret
1590 1413 1688 1453 divi-

292 1482 452 1521 natione
490 1479 685 1518 contendit
709 1476 792 1530 <2⁴).
853 1479 1080 1527 Caesarem,
1122 1481 1189 1531 qui
1226 1486 1365 1532 postea
1400 1480 1566 1519 dictator
1601 1480 1686 1528 suit,

292 1549 332 1588 in
371 1547 438 1588 Cn.
474 1546 688 1586 Dolabella
725 1545 944 1586 accusando
983 1557 1025 1585 se
1061 1546 1110 1585 ad
1148 1548 1306 1598 cognati
1342 1548 1402 1586 sui
1438 1547 1689 1586 imitationem

294 1615 559 1667 composuisse
588 1613 718 1653 ferunt
749 1619 865 1665 atque
898 1618 1048 1665 partem
1079 1615 1268 1653 orationis
1301 1614 1382 1653 eius
1412 1619 1531 1653 totam
1559 1618 1688 1653 trans-

292 1682 430 1721 tulisse
458 1681 498 1718 in
527 1680 800 1719 divinationem
831 1692 939 1718 suam
963 1678 1045 1729 (²5).
1095 1681 1245 1720 Deinde
1270 1682 1469 1719 Sea-tutum
1496 1681 1689 1720 hominem

294 1749 469 1799 ignotum
498 1747 539 1785 in
568 1758 688 1785 causa
718 1747 832 1797 gravi
861 1745 1050 1784 defendit:
1079 1747 1111 1785 is
1142 1748 1294 1797 insigne
1323 1752 1462 1799 postea
1483 1747 1688 1800 pravitatis

296 1819 333 1854 et
362 1813 509 1864 ingrati
540 1814 656 1852 animi
690 1813 955 1853 documentum
985 1812 1158 1853 Caesare
1188 1813 1451 1854 interficiendo
1484 1814 1587 1854 dedit
1606 1811 1687 1865 (2⁶).

387 1967 447 2010 20)
475 1966 544 2002 Cic.
564 1965 667 2001 Brut.
688 1966 745 2008 57,
763 1966 839 2001 207.
954 1965 1012 2009 21)
1040 1966 1113 2002 Cic.
1133 1966 1235 2002 Brut.
1253 1967 1318 2010 48,
1340 1968 1415 2003 177.
1452 1965 1514 2002 Or.
1532 1967 1589 2009 38,
1612 1967 1686 2001 132.

297 2024 356 2067 22)
391 2024 477 2058 vide
503 2024 576 2058 Cic.
603 2022 707 2057 Brut.
734 2023 754 2058 1.
781 2034 809 2056 c.
848 2022 891 2059 cf.
917 2022 982 2065 60,
1008 2023 1105 2066 216.,
1140 2035 1210 2068 quo
1235 2024 1316 2057 loco
1351 2036 1434 2059 usus
1460 2030 1514 2058 est
1539 2023 1685 2061 Quintil.

297 2079 360 2114 XI.
384 2080 426 2120 3,
453 2078 550 2120 129.;
587 2079 631 2113 de
665 2077 728 2113 Or.
755 2078 798 2113 11.
827 2079 887 2121 23,
913 2080 968 2114 98.
1013 2080 1076 2121 54,
1101 2079 1179 2113 216.
1223 2079 1282 2114 111.
1310 2080 1349 2122 8,
1375 2080 1448 2123 30.,
1485 2091 1590 2124 quem
1627 2091 1688 2114 ex-

298 2135 431 2180 cerpsit
455 2134 599 2169 Nonius
625 2146 660 2170 v.
687 2133 813 2168 hilare
839 2147 873 2180 p.
898 2135 974 2168 513.
995 2133 1133 2176 Merc.;
1163 2134 1234 2170 Off.
1262 2135 1288 2170 l.
1315 2136 1376 2178 30,
1405 2136 1478 2171 108.
1518 2135 1621 2169 Τιιεο.
1642 2135 1687 2170 V.

301 2191 361 2233 19,
386 2190 441 2226 55.
557 2190 619 2234 23)
652 2190 711 2225 De
744 2190 867 2226 indole
901 2190 1102 2226 fabularum
1134 2202 1169 2225 v.
1194 2191 1268 2226 Cic.
1293 2191 1398 2226 Brut.
1424 2192 1447 2226 1.
1474 2203 1502 2227 c.
1552 2191 1688 2225 Versus

298 2260 345 2282 ex
370 2248 528 2282 Adrasto
554 2247 650 2292 apud
674 2246 819 2281 Festum
843 2247 1008 2293 leguntur
1039 2258 1072 2281 v.
1092 2247 1320 2294 prophetae
1352 2260 1385 2294 p.
1408 2248 1476 2283 202
1502 2247 1606 2282 Lind.
1645 2247 1688 2282 cs.

299 2303 532 2349 Scaliger-um.
574 2302 821 2338 Tecmessam
838 2315 905 2348 pro
926 2302 1153 2337 Tea-amessa
1173 2305 1324 2349 primum
1343 2305 1567 2350 inscripsisse
1583 2304 1689 2338 aliam

299 2359 454 2393 fabulam
488 2360 572 2394 dicit
595 2359 720 2394 Victor
745 2360 790 2394 de
817 2359 909 2395 orth.
936 2360 958 2394 1.
985 2371 1015 2394 c.
1064 2359 1132 2393 Hic
1166 2360 1272 2406 igitur
1299 2361 1434 2396 Caesar
1464 2367 1535 2402 est,
1571 2360 1625 2393 cui
1652 2361 1687 2394 in

300 2415 487 2460 collegium
515 2418 700 2461 po'e‘tarum
725 2417 885 2451 venienti
903 2416 945 2451 L.
965 2416 1092 2450 Accius
1117 2427 1188 2450 non
1213 2418 1450 2452 assurrexisse
1474 2416 1598 2451 dicitur
1616 2415 1689 2449 Va-

299 2472 391 2505 lerio
405 2470 568 2506 Maximo
586 2472 644 2506 111.
662 2473 694 2515 7,
712 2473 782 2507 ll.:
803 2484 895 2519 quae
915 2484 1024 2507 causa
1042 2474 1177 2507 erroris
1192 2474 1352 2519 Gyraldo
1372 2474 1435 2507 suit
1455 2473 1546 2507 duos
1559 2472 1687 2506 Accios

298 2527 408 2562 fuisse
432 2530 590 2573 putanti,
627 2529 724 2573 quod
755 2529 800 2564 de
829 2530 1005 2564 dictatore
1032 2528 1189 2563 Caesare
1214 2531 1406 2575 cogitabat.
1521 2528 1582 2572 24)
1613 2527 1686 2563 Cic.

300 2581 373 2619 Off.
397 2583 439 2620 11.
467 2585 530 2627 14,
554 2585 608 2619 50.
646 2596 681 2619 v.
710 2585 992 2632 Heusingerum,
1026 2585 1111 2619 item
1145 2585 1259 2631 intpp.
1294 2586 1340 2620 ad
1376 2580 1452 2621 Cic]
1487 2597 1521 2631 p.
1547 2585 1685 2619 Scauro

300 2652 336 2685 p.
361 2640 440 2675 202.
466 2640 589 2675 Beier.
628 2641 711 2677 Div.
747 2642 782 2676 in
815 2642 948 2678 Caecil.
975 2641 1035 2685 19,
1061 2641 1115 2677 63.
1233 2641 1292 2684 25)
1328 2643 1475 2677 sueton.
1503 2641 1604 2676 Caes.
1631 2639 1685 2673 55.

300 2696 359 2740 26)
375 2696 454 2732 Val.
466 2696 568 2734 Max.
579 2697 624 2734 V.
635 2697 667 2741 3,
679 2698 710 2735 3.
735 2697 907 2736 Inseritur
922 2698 1106 2735 dictatoris
1119 2698 1296 2744 reliquiis:
1312 2710 1346 2735 v.
1357 2698 1548 2744 Meyerum
1561 2708 1595 2743 p.
1606 2695 1685 2731 335.
