1835 3126
560 122 814 167 BRUTUS
855 124 974 169 CAP.
1005 126 1072 170 80.
1378 130 1512 177 289

125 234 266 284 tenuit,
309 238 351 275 ut
381 240 420 275 et
449 247 535 276 rem
568 234 795 278 illustraret
824 236 1068 281 disserendo
1099 244 1138 281 et
1168 239 1328 282 animos
1357 253 1511 290 eorum.

125 313 191 367 qui
218 310 426 361 audirent,
459 312 685 356 devinciret
706 315 927 371 voluptate.
975 316 1119 360 aberat
1147 318 1269 359 tertia
1297 318 1373 361 illa
1403 319 1511 371 laus,

121 401 201 445 qua
230 397 488 445 permoveret
518 398 639 447 atque
682 394 872 436 incitaret
903 396 1083 445 animos,
1126 407 1248 451 quam
1281 395 1510 451 plurumum

117 466 273 523 pollere
307 468 502 519 diximus,
540 484 616 513 nec
651 478 739 513 erat
777 472 864 514 ulla
891 474 955 515 vis
992 480 1112 528 atque
1144 475 1374 516 contentio:
1419 478 1508 518 sive

115 545 312 596 consilio,
356 547 464 602 quod
503 561 595 598 eos,
635 563 804 604 quorum
845 549 969 593 altior
1009 552 1142 593 oratio
1175 552 1365 607 actioque
1396 560 1508 596 esset

114 623 344 675 ardentior,
387 625 522 668 furere
553 634 591 668 et
622 627 818 669 bacchari
844 630 1130 679 arbitraretur,
1169 630 1257 671 sive
1287 630 1396 685 quod
1428 644 1506 674 na-

110 708 202 743 tura
243 716 324 745 non
362 711 474 746 esset
510 706 567 747 ita
610 705 743 748 factus
775 708 862 748 sive
895 707 1001 762 quod
1032 720 1113 749 non
1144 716 1388 751 consuesset
1418 710 1507 753 sive

111 780 217 834 quod
250 794 332 823 non
360 789 513 838 posset.
573 782 661 825 Hoc
690 797 812 825 unum
836 783 920 833 illi,
958 786 994 826 si
1024 783 1127 825 nihil
1157 784 1345 826 utilitatis
1373 785 1504 829 habe-

110 856 201 908 bat,
234 858 384 901 abfuit:
429 861 465 901 si
502 873 602 915 opus
636 867 745 909 erat,
788 860 928 902 defuit.
986 860 1083 901 277.
1122 859 1230 910 Quin
1261 863 1384 903 etiam
1416 877 1503 906 me-

106 937 225 986 mini,
264 950 354 978 cum
390 938 432 978 in
464 938 729 978 accusatione
762 950 840 978 sua
870 936 918 988 Q.
952 936 1092 979 Gallio
1125 939 1287 980 crimini
1318 939 1503 983 dedisset

105 1013 185 1055 sihi
215 1027 305 1056 eum
332 1027 530 1056 venenum
554 1016 772 1070 paravisse
803 1014 926 1070 idque
958 1028 984 1057 a
1008 1028 1053 1057 se
1077 1028 1172 1057 esse
1198 1015 1498 1073 deprehensum

105 1104 280 1147 seseque
333 1091 612 1149 chirographa
661 1092 973 1136 testificationes
1025 1093 1183 1136 indicia
1229 1097 1498 1150 quaestiones

101 1169 364 1212 manifestam
403 1184 490 1212 rem
521 1171 684 1214 deferre
719 1172 875 1214 diceret
914 1172 1045 1228 deque
1077 1185 1127 1216 eo
1167 1174 1338 1215 crimine
1372 1187 1496 1216 accu-

100 1254 189 1289 rate
220 1255 260 1289 et
289 1250 490 1304 exquisite
520 1250 833 1306 disputavisset:
873 1264 937 1293 me
977 1252 1019 1292 in
1049 1250 1361 1307 respondendo,
1403 1265 1496 1295 cum

98 1338 236 1368 essem
281 1334 586 1381 argumentatus
633 1334 826 1384 quantum
868 1341 937 1371 res
987 1328 1174 1379 ferebat,
1229 1328 1309 1372 hoc
1358 1331 1492 1386 ipsum

99 1406 223 1446 etiam
265 1407 457 1461 posuisse
493 1420 566 1462 pro
606 1413 867 1461 argumento,
912 1407 1021 1463 quod
1065 1406 1161 1457 ille,
1207 1420 1299 1449 cum
1335 1414 1493 1464 pestem

98 1485 244 1539 capitis
289 1486 375 1533 sui⁷
415 1497 504 1526 cum
543 1484 700 1526 indicia
728 1486 871 1527 mortis
910 1497 955 1528 se
987 1485 1240 1541 comperisse
1270 1486 1491 1530 manifesto

98 1567 137 1604 et
165 1575 288 1604 manu
322 1569 463 1605 tenere
495 1562 671 1613 diceret,
706 1569 789 1605 tam
828 1562 961 1606 solute
993 1564 1173 1618 egisset,
1214 1569 1298 1606 tam
1328 1563 1490 1617 leniter,

95 1729 220 1772 docui3
250 1741 321 1776 quo
349 1731 445 1766 sacto
473 1730 625 1765 Cori-adi
649 1731 828 1776 scriptura
851 1730 894 1765 id
917 1729 986 1764 ubi
1009 1733 1128 1770 esset,
1157 1729 1334 1764 Lambino
1360 1735 1396 1765 et
1421 1730 1487 1765 Er-

93 1792 198 1820 nesto
230 1787 404 1832 probata,
436 1787 524 1820 nihil
556 1786 687 1829 habet,
725 1786 822 1830 quod
850 1785 1019 1820 offendat.
1068 1784 1172 1820 Libri
1203 1789 1243 1820 et
1269 1785 1341 1822 ubi
1367 1792 1488 1829 esset,-

91 1843 185 1876 unde
209 1842 430 1877 Buttmanno
464 1843 547 1877 olim
581 1842 734 1877 subnata
762 1842 885 1876 lubido
910 1842 1114 1888 corrigendi
1140 1847 1178 1876 et
1201 1843 1297 1888 quid
1321 1847 1422 1878 esset
1449 1847 1487 1878 et

89 1898 158 1934 ubi
182 1903 302 1939 esset,
337 1899 414 1933 Act.
438 1899 536 1934 Nov.
563 1899 648 1934 Soc.
672 1898 754 1934 Lat.
779 1898 853 1935 len.
880 1911 914 1945 p.
938 1899 1014 1941 47.;
1049 1900 1148 1934 cuius
1174 1900 1375 1945 scripturae
1398 1911 1485 1946 pars

89 1954 196 2000 plane
221 1955 339 1989 otiosa
364 1961 427 1991 est.

179 2022 329 2057 LXXX.
377 2022 456 2057 276.
506 2024 722 2069 optumum]
747 2024 799 2057 sic
822 2022 888 2069 Lg.
915 2029 1062 2067 praeter
1086 2022 1142 2058 20.
1168 2021 1243 2065 39„
1269 2023 1306 2058 it.
1330 2023 1423 2059 Ven.
1451 2024 1482 2060 l.

88 2076 164 2114 Ott.
180 2100 226 2104 —
250 2085 292 2114 ut
310 2081 361 2124 et]
389 2085 426 2114 et
444 2091 513 2113 otu.
532 2079 595 2125 Lg.
611 2080 665 2114 70.
682 2099 726 2103 —-
752 2079 980 2122 devinciret]
1008 2079 1229 2113 devinceret
1251 2079 1317 2115 Gn.
1336 2079 1364 2114 l.
1389 2091 1482 2115 corr.

86 2135 180 2170 Ven.
201 2137 230 2171 l.
260 2134 335 2171 Ott.
362 2136 428 2181 Lg.
448 2142 590 2181 praeter
603 2135 658 2169 35.
673 2135 727 2169 39.
742 2135 797 2168 53.
836 2134 1072 2169 demulceret
1088 2134 1274 2177 Lambini,
1295 2135 1484 2171 deleniret

86 2190 233 2225 Ernesti
261 2193 508 2233 coniecturae,
543 2196 673 2225 neutra
698 2191 927 2234 necessaria,
959 2190 1050 2225 haec
1078 2192 1185 2225 etiam
1212 2190 1306 2225 falsa
1330 2191 1376 2225 ad
1399 2203 1482 2227 sen·

85 2249 245 2282 tentiam.
270 2268 316 2273 -—-
350 2247 486 2291 altior]
512 2249 563 2282 sic
587 2248 665 2282 libri
692 2253 727 2281 et
752 2247 808 2283 ed.
830 2259 885 2293 pr.
933 2247 1077 2282 elatior
1100 2246 1318 2291 Lambinus,
1344 2250 1481 2283 acrior

86 2304 311 2339 Schuetzius.
337 2323 381 2329 —
422 2308 539 2350 atque
571 2303 773 2348 bacchari]
809 2308 847 2337 et
881 2302 1013 2339 bacch.
1047 2303 1103 2339 ed.
1129 2314 1184 2348 pr.
1207 2323 1252 2328 —
1294 2302 1479 2346 habebat,

85 2360 228 2405 abfuit]
254 2360 400 2395 habeat
421 2361 516 2406 qnid
536 2360 685 2406 referat
710 2363 814 2395 inter
833 2359 966 2394 abesse
987 2364 1025 2395 et
1045 2359 1179 2394 deesse
1202 2358 1335 2404 abfuit
1359 2359 1426 2395 Gu.
1447 2361 1478 2396 l.

83 2418 292 2462 interpretis
316 2429 422 2452 manu
449 2418 569 2464 inepte
594 2418 713 2460 illata3
746 2418 783 2451 in
809 2428 879 2462 qua
900 2415 1025 2461 refert
1049 2416 1180 2450 dictum
1207 2427 1274 2462 pro
1299 2418 1476 2451 interest.

82 2473 198 2518 Afuz‘t
223 2474 280 2518 (cf.
306 2486 334 2509 c.
355 2474 414 2516 71,
436 2474 518 2518 248)
544 2475 613 2510 soli
637 2474 702 2521 Lg.
722 2474 776 2510 51.
797 2474 852 2508 53.
871 2472 926 2508 58.
949 2471 994 2508 70
1013 2483 1107 2508 corr.
1134 2472 1279 2518 adfuit.
1299 2491 1345 2497 —
1379 2484 1476 2519 opus

80 2531 183 2573 erat]
210 2541 241 2564 o.
264 2530 399 2575 fuerat
425 2531 480 2565 ed.
504 2537 575 2577 pin}

170 2598 248 2633 277.
300 2597 421 2643 deque
439 2599 500 2642 eo]
525 2610 568 2634 eo
594 2610 662 2634 om.
683 2598 738 2634 ed.
757 2609 810 2644 pr.
845 2597 966 2632 Paulo
991 2603 1075 2632 ante
1099 2607 1182 2632 rem
1205 2606 1275 2632 om.
1300 2595 1474 2631 Gu.1.—

81 2654 233 2699 leniter]
261 2654 394 2691 leviter
418 2655 474 2692 ed.
501 2667 574 2702 pr.;
600 2657 709 2691 miror
733 2666 806 2691 non
832 2665 912 2690 esse
937 2655 972 2689 in
997 2653 1109 2690 libris.

1139 2721 1193 2763 19
