1835 3126
310 233 426 282 314
827 230 1172 275 CICERONIS

310 342 612 386 desistebamus
637 353 727 383 cum
758 343 865 383 omni
895 355 1049 396 genere
1073 342 1379 385 exercitationis
1401 348 1481 383 tum
1507 354 1692 383 maxume

310 421 406 463 stilo
443 427 626 462 nostrum
663 418 785 468 illud,
831 418 940 474 quod
972 425 1090 469 erat,
1132 432 1304 473 augere,
1341 427 1694 475 quantumcunque

309 505 411 541 erat.
469 498 625 553 Atque⁷
666 503 707 539 ut
745 496 873 538 multa
909 497 1089 538 omittam
1129 497 1171 537 in
1200 495 1278 538 hoc
1308 499 1440 552 spatio
1470 500 1521 548 [et
1557 500 1599 538 in
1628 495 1694 537 his

308 584 401 633 post
437 575 689 617 aedilitatem
737 576 871 626 annis]
910 581 950 617 et
988 580 1154 630 praetor
1188 574 1342 629 primus
1379 580 1418 615 et
1461 573 1695 616 incredibili

308 654 448 710 populi
488 653 696 696 voluntate
737 666 825 695 sum
863 652 1010 694 factus.
1068 665 1163 694 nam
1200 665 1289 694 cum
1325 657 1489 707 propter
1519 652 1697 693 assidui-

310 739 433 774 tatem
472 733 513 773 in
553 732 693 773 causis
728 737 766 773 et
796 730 1038 772 industriam
1077 736 1161 771 tum
1188 736 1353 786 propter
1382 730 1627 785 exquisitius
1659 737 1697 770 et

310 812 475 852 minime
512 809 684 864 volgare
726 809 927 851 orationis
956 821 1088 862 genus
1119 810 1278 850 animos
1312 807 1518 850 hominum
1551 807 1602 848 ad
1634 819 1696 848 me

310 888 474 931 dicendi
512 890 693 930 novitate
731 893 1027 930 converteram.
1086 887 1181 928 322.
1219 885 1340 944 Nilgil
1346 885 1411 946 de
1404 886 1694 946 &filliam

310 967 452 1037 dicam
480 966 542 1034 de
571 968 738 1016 ceteris
781 978 952 1022 quoium
988 978 1108 1007 nemo
1146 971 1254 1013 erat,
1294 966 1362 1019 qui
1390 964 1598 1007 videretur
1628 977 1697 1005 ex-

310 1025 500 1101 quisitius
532 1057 653 1099 quam
689 1043 838 1097 volgus
876 1043 1083 1085 hominum
1123 1043 1330 1085 studuisse
1360 1042 1513 1091 liter‚is
1551 1041 1697 1097 quibus

310 1124 404 1166 fons
442 1123 652 1178 perfectae
692 1121 954 1177 eloquentiae
992 1122 1241 1171 continetur3
1282 1134 1426 1170 nemo,
1463 1122 1530 1175 qui
1564 1119 1697 1175 pbilo-

309 1199 498 1256 sophiam
528 1199 764 1254 complexus
793 1205 906 1240 esset
940 1206 1110 1240 matrem
1141 1200 1318 1240 omnium
1355 1198 1460 1240 bene
1496 1198 1697 1240 sactorum

309 1278 497 1333 beneque
536 1277 760 1318 dictorum:
802 1288 945 1325 nemo,
984 1276 1051 1330 qui
1091 1277 1154 1316 ius
1195 1275 1316 1317 civile
1359 1276 1573 1317 didicisset
1612 1289 1697 1317 rem

311 1356 365 1399 ad
406 1358 591 1411 privatas
634 1366 786 1396 causas
831 1360 870 1395 et
908 1353 960 1395 ad
999 1354 1177 1395 oratoris
1215 1352 1471 1408 prudentiam
1510 1365 1695 1395 maxume

309 1434 619 1483 necessariam3
664 1445 807 1482 nemo,
852 1432 921 1487 qui
964 1432 1204 1473 memoriam
1247 1443 1383 1473 rerum
1421 1430 1698 1474 Romanorum

309 1518 488 1562 teneret,
528 1524 579 1553 ex
608 1523 712 1566 qua,
755 1511 792 1552 si
823 1509 985 1565 quando
1017 1522 1118 1565 opus
1150 1515 1279 1559 esset,
1320 1508 1371 1550 ab
1408 1509 1552 1551 inferis
1582 1510 1697 1553 locu-

309 1590 574 1647 pletissumos
601 1590 719 1631 testis
750 1590 970 1638 excitaret3
1002 1601 1142 1638 nemo,
1174 1589 1240 1643 qui
1267 1587 1448 1630 breviter
1470 1596 1695 1644 arguteque

308 1669 471 1711 incluso
503 1669 747 1711 adversario
775 1668 938 1709 laxaret
959 1667 1136 1709 iudicum
1162 1667 1322 1708 animos
1346 1672 1466 1721 atque
1490 1679 1515 1708 a
1541 1669 1698 1709 severi-

309 1754 391 1790 tate
422 1747 634 1804 paulisper
664 1747 717 1789 ad
750 1746 1001 1789 hilaritatem
1035 1746 1244 1801 risumque
1277 1745 1529 1796 traduceret3
1565 1759 1698 1797 nemo,

394 1902 455 1928 321.
494 1901 535 1935 [ec
560 1902 591 1927 in
618 1901 665 1927 lats
690 1915 722 1920 —
748 1901 852 1935 annis]
884 1902 948 1927 sinc
975 1903 1076 1934 uncisj.
1103 1904 1257 1936 praeterea
1283 1902 1320 1927 ils
1346 1909 1398 1936 pro
1424 1902 1480 1928 liis.
1505 1918 1538 1921 —
1569 1903 1696 1938 populi]

494 1947 638 1981 populari.

403 2070 481 2103 321.
529 2069 731 2112 maxume]
767 2069 818 2101 sic
848 2067 915 2111 Lg.
942 2067 975 2101 8.
1002 2068 1055 2102 51.
1082 2068 1137 2102 68.
1174 2066 1248 2102 Ott.
1275 2088 1318 2092 —
1354 2068 1457 2113 quod
1490 2071 1591 2113 erac]
1627 2083 1695 2107 om.

311 2127 402 2161 Nor.
426 2146 470 2150 -—
512 2129 548 2159 et
574 2127 616 2158 in
641 2124 702 2159 his
725 2144 770 2148 —
795 2123 924 2166 sannis]
950 2121 1010 2156 his
1044 2122 1100 2155 liic
1123 2123 1191 2157 soli
1216 2123 1282 2168 Lg.
1309 2124 1363 2158 56.
1399 2125 1467 2158 Gn.
1494 2126 1522 2159 l.
1562 2127 1618 2161 ed.
1645 2140 1698 2172 pr.

313 2183 436 2217 Ceteri
460 2183 522 2215 iis.
574 2181 647 2214 Sed
680 2192 810 2213 maneo
846 2180 880 2212 in
908 2178 969 2212 illa
997 2179 1194 2220 sententia,
1230 2185 1266 2212 ut
1294 2179 1432 2213 inanem
1461 2180 1553 2215 hanc
1577 2197 1698 2217 ταυτο-

312 2241 443 2283 λογίαν
474 2249 496 2271 a
520 2238 699 2272 Cicerone
724 2234 905 2281 proficisci
933 2235 1093 2279 potuisse
1124 2246 1197 2268 non
1223 2235 1375 2268 credam.
1423 2236 1697 2273 Distinctionem

313 2295 428 2337 illam,
452 2305 521 2339 qua
539 2294 669 2334 ascita,
695 2304 773 2325 cum
793 2292 877 2325 olim
900 2295 943 2325 ut
965 2290 1089 2324 multa
1111 2293 1296 2325 omittam
1314 2295 1546 2338 παρενθείως
1568 2295 1699 2330 scribe-

312 2356 455 2391 rentur,
483 2350 604 2384 omnia
627 2360 717 2383 sana
741 2348 857 2382 videri
884 2347 1089 2394 pronuntiat
1118 2347 1311 2393 Meyer-us,
1347 2348 1476 2382 dudum
1503 2362 1570 2396 ego
1598 2362 1699 2395 prae-

311 2418 491 2452 ceperam.
509 2425 557 2432 ——-
590 2410 627 2439 et
645 2409 815 2452 praetor·
833 2404 1003 2450 primus]
1028 2408 1070 2437 ut
1086 2416 1128 2450 p.
1149 2417 1180 2438 ν.
1196 2407 1356 2451 primus
1376 2405 1431 2439 ed.
1451 2418 1503 2451 pr.
1538 2413 1700 2453 praetor

314 2468 352 2497 et
370 2466 526 2509 primus
549 2461 675 2496 Lamb.
702 2481 746 2486 -—-
777 2461 928 2508 populi]
953 2465 1005 2495 est
1030 2459 1195 2495 Lambini
1219 2462 1448 2503 coniectura3
1474 2462 1555 2496 libri
1572 2474 1699 2510 popa-

316 2520 404 2554 larz‘.
454 2517 613 2553 Orellius
636 2518 774 2565 populi
802 2518 989 2557 Romani,
1026 2517 1121 2560 quod
1145 2519 1310 2563 gravius,
1346 2530 1450 2563 quam
1483 2530 1547 2563 pro
1573 2526 1702 2554 natura

315 2574 486 2620 colloquii
511 2574 703 2610 familiaris.
730 2595 776 2600 ——
810 2573 983 2619 υοῐῃανε]
1008 2572 1060 2605 sic
1085 2572 1149 2619 Lg.
1172 2574 1203 2608 8.
1225 2574 1277 2608 35.
1297 2575 1351 2608 51.
1376 2574 1430 2610 53.
1453 2574 1509 2609 58.
1534 2575 1588 2610 68.
1623 2574 1698 2611 Ott.

315 2633 492 2679 volgaris
517 2631 571 2665 70.
619 2630 746 2665 Eidem
773 2637 807 2665 et
831 2630 916 2664 Vat.
941 2628 1031 2663 Ven.
1049 2629 1078 2662 2.
1102 2630 1130 2675 ξ.
1150 2630 1227 2664 322.
1251 2630 1398 2676 volqus.

406 2700 485 2734 322.
532 2700 734 2742 maxume]
758 2699 809 2732 sic
832 2698 900 2743 Lg.
920 2698 952 2732 S.
976 2697 1031 2731 51.
1053 2697 1108 2731 68.
1145 2695 1219 2732 Ott.
1247 2719 1290 2723 Ν
1327 2698 1493 2741 incluso]
1521 2698 1697 2733 concluso

319 2756 382 2802 hg.
408 2756 463 2791 35.
487 2777 530 2781 —
568 2755 623 2790 ad
654 2755 912 2798 communem]
946 2753 1001 2789 ad
1031 2765 1099 2789 om.
1133 2754 1198 2805 Lg.
1223 2754 1255 2789 8.
1286 2754 1341 2790 20.
1372 2755 1417 2789 35
1442 2755 1523 2791 add.
1556 2755 1611 2789 39.
1644 2754 1695 2790 51„
