1835 3126
338 192 536 237 BREVIS
569 190 964 244 ELOQUENTIAE
995 191 1131 236 ROM.
1162 191 1304 235 HIST.
1423 194 1514 240 ‘35

128 307 313 359 Scipione
336 307 523 348 Africano
554 308 671 347 suerit
692 305 868 346 inferior.
913 306 972 346 De
996 307 1078 346 eius
1103 307 1332 355 honoribus,
1363 307 1395 346 si
1423 318 1516 347 con-

127 374 294 413 sulatum
323 375 544 427 exceperis,
584 385 697 426 quem
727 373 769 414 C.
800 373 969 413 Hostilio
997 374 1183 414 Mancino
1211 373 1369 423 collega
1396 375 1519 425 gessit

128 453 165 482 a.
205 442 308 490 617,
351 452 429 481 non
474 446 637 481 constat.
702 441 796 480 Post
837 441 937 480 hunc
978 441 1247 491 magistratum
1288 440 1517 492 Hispaniam

127 508 290 560 imperio
329 513 547 560 prorogato
589 520 660 561 per
699 507 796 547 duos
836 519 958 546 annos
998 519 1070 559 pro
1102 507 1261 547 consule
1288 508 1409 555 rexit,
1445 508 1518 547 etsi

125 575 210 627 ipse
254 587 408 627 quoque
452 576 500 615 ab
538 576 723 628 Hispanis
760 574 910 614 cladem
953 575 1104 626 accepit
1126 571 1219 625 (¹9);
1265 586 1343 625 qua
1385 573 1433 613 de
1473 585 1518 613 re

125 642 328 694 Appianus
358 643 515 682 multam
543 644 579 682 ei
603 644 820 694 irrogatam
850 641 942 681 dicit
956 638 1038 692 (2⁰).
1096 641 1240 680 Rerum
1268 645 1357 692 post
1389 641 1438 680 ab
1471 652 1517 680 eo

127 714 327 759 gestarum
365 710 476 749 nulla
514 711 703 750 memoria
742 709 881 748 relicta
910 712 988 755 est,
1022 707 1099 745 nisi
1129 707 1232 758 quod
1263 708 1408 758 primus
1438 707 1518 747 Ro-

127 787 327 815 manorum
366 776 505 815 cultius
541 780 578 814 et
617 775 667 814 ad
704 775 836 815 luxum
865 773 1042 825 proclive
1077 773 1182 812 vitae
1210 783 1333 821 genus
1364 778 1518 812 secutus

126 841 262 882 fertur.
319 841 468 881 Adesse
498 842 597 879 enim
628 852 713 879 eum
744 851 925 879 censores
954 839 1150 876 iusserunt
1180 837 1261 876 sive
1289 837 1338 876 ob
1367 837 1519 876 domum

124 907 204 947 HS.
229 918 299 946 sex
327 907 499 946 millibus
525 905 771 955 conductam,
803 911 844 945 ut
867 904 1062 952 Velleius,
1095 904 1177 943 sive
1207 903 1256 942 ob
1280 903 1415 943 villam
1438 904 1520 943 ele-

125 974 281 1024 gantius
306 978 509 1021 structam,
532 978 574 1012 ut
596 973 777 1015 Valerius
796 972 993 1013 Maximus
1017 975 1165 1010 narrat.
1207 970 1257 1010 Et
1278 970 1342 1009 hie
1366 970 1520 1022 quidem

123 1041 171 1081 L.
197 1039 335 1081 Cassio
366 1045 526 1080 auctore
552 1040 712 1079 multam
734 1039 901 1080 Aemilio
932 1051 957 1078 a
984 1037 1131 1091 populo
1161 1038 1381 1088 irrogatam
1408 1038 1518 1078 affir-

125 1112 204 1147 mat
231 1104 316 1159 (‘-’¹).
373 1108 419 1148 In
448 1119 524 1159 quo
567 1119 723 1147 errasse
757 1106 926 1148 videtur:
962 1104 1049 1145 fieri
1086 1105 1185 1144 enim
1220 1105 1295 1144 hoc
1335 1106 1411 1144 nisi
1448 1117 1520 1158 per

122 1176 319 1215 tribunum
349 1186 426 1214 non
453 1175 590 1227 potuit.
650 1173 810 1215 Cassius
841 1178 968 1213 autem
997 1173 1079 1212 sine
1109 1172 1226 1212 (lubio
1252 1172 1322 1211 ille
1347 1177 1423 1220 est,
1453 1174 1520 1225 qui

124 1255 210 1282 cum
235 1243 281 1283 L.
313 1242 438 1283 Cinna
471 1241 713 1281 consulatum
748 1241 872 1293 gessit
899 1253 936 1279 a.
966 1241 1070 1288 627,
1109 1239 1328 1280 severitatis
1360 1238 1520 1279 Cassia-

125 1321 199 1349 nae
223 1310 434 1362 proverbio
459 1310 575 1348 tritae
598 1314 755 1357 auctor3
783 1320 895 1360 quem
919 1307 1071 1358 aliquot
1087 1307 1197 1346 annis
1217 1310 1307 1358 post
1322 1317 1522 1346 censorem

125 1377 248 1417 fuisse
285 1377 540 1429 suspicamur.
599 1377 829 1417 Orationum
857 1374 1015 1415 Aemilii
1049 1374 1163 1413 unius
1194 1374 1335 1413 mentio
1368 1373 1429 1422 fit,
1465 1376 1522 1411 uti

126 1444 188 1481 lex
216 1444 379 1481 Aemilia
409 1444 654 1492 abrogaretur
670 1440 760 1493 (22):
791 1453 893 1494 quae
924 1453 1013 1479 num
1036 1440 1205 1480 Aemilia
1236 1440 1286 1478 sit
1315 1440 1406 1478 anni
1438 1441 1517 1478 321

127 1509 175 1549 de
204 1521 369 1549 censura
399 1521 528 1548 annua
557 1514 594 1548 et
624 1508 820 1555 semestri,
856 1519 906 1546 an
938 1519 1018 1545 una
1047 1518 1095 1546 ex
1125 1506 1266 1546 Scauri
1292 1505 1448 1556 legibus
1481 1518 1520 1545 a.

126 1578 211 1616 640
247 1576 339 1615 latis
378 1576 566 1615 incertum
595 1580 664 1615 est.
723 1575 865 1616 Vivere
898 1573 997 1612 enim
1035 1578 1072 1612 et
1107 1573 1146 1611 in
1184 1572 1273 1612 foro
1305 1571 1436 1611 dicere
1466 1571 1518 1612 ad
1563 1568 1576 1583 ⁶

127 1655 214 1682 eum
250 1654 390 1681 annum
422 1653 547 1694 usque
585 1642 643 1682 M.
680 1641 850 1681 Porcina
884 1650 979 1678 sane
1016 1639 1154 1690 potuit.
1220 1638 1294 1677 Hic
1334 1640 1406 1677 etsi
1444 1651 1522 1678 non

127 1710 270 1749 cultior
304 1709 429 1748 literis
465 1720 579 1760 quam
608 1707 735 1749 Galba
770 1706 891 1745 fuisse
928 1705 1122 1756 putandus
1165 1709 1222 1743 est
1243 1701 1331 1754 (23),
1375 1705 1523 1755 insigni

124 1782 253 1816 tamen
287 1775 405 1815 laude
437 1779 599 1814 ornatur
637 1786 662 1812 a
692 1772 882 1813 Cicerone
905 1769 989 1822 (2⁴).
1047 1771 1202 1810 Dicitur
1239 1771 1338 1810 enim
1376 1771 1417 1809 in
1450 1771 1522 1811 illo

124 1844 249 1895 primo
265 1842 527 1882 Romanorum
552 1840 785 1892 apparuisse
808 1839 950 1879 lenitas
969 1838 1227 1886 Graecorum,
1250 1842 1292 1876 ut
1314 1837 1523 1877 verborum

126 1910 318 1962 asperitas
343 1908 500 1948 cultiori
519 1907 730 1947 elocutioni
753 1907 917 1946 cessisse
933 1905 1134 1953 videatur,
1160 1903 1298 1944 deinde
1313 1905 1522 1944 verborum

126 1975 418 2029 comprehensio
451 1987 482 2015 s.
513 1974 717 2014 artificium
745 1973 901 2027 periodi
923 1972 1130 2013 struendae
1162 1977 1199 2012 et
1223 1971 1367 2011 artifex
1396 1972 1522 2011 stilus.

124 2044 250 2095 Igitur
271 2043 323 2083 ad
344 2043 426 2082 eius
452 2042 670 2094 exemplum
694 2053 736 2082 se
759 2041 951 2081 finxerunt
973 2040 1014 2081 C.
1037 2039 1234 2080 Gracchus
1260 2043 1297 2078 et
1317 2037 1359 2078 C.
1378 2037 1522 2079 Carho.

124 2111 290 2159 Rhetor,
329 2111 395 2163 qui
433 2109 483 2149 ad
508 2110 743 2150 Herennium
771 2110 946 2161 scripsit,
986 2107 1193 2147 Porcinam
1223 2117 1307 2144 cum
1337 2105 1524 2157 Scipione

129 2178 256 2219 Galba
286 2177 431 2218 Crasso
463 2177 552 2215 aliis
582 2177 622 2215 in
653 2176 839 2227 exemplis
871 2174 1118 2225 eloquentiae
1148 2172 1258 2223 ponit
1282 2168 1364 2222 (25).

235 2244 335 2283 Huic
368 2244 551 2283 brevibus
582 2242 828 2292 adiungimus
859 2245 987 2279 aetate
1018 2244 1085 2278 aut
1112 2237 1232 2290 paulo
1262 2237 1431 2276 maiores
1455 2241 1524 2276 aut

125 2322 339 2363 suppareS‚
369 2309 438 2350 sed
472 2322 496 2349 a
520 2310 742 2362 principatu
763 2306 974 2348 facundiae
998 2305 1228 2346 remotiores
1256 2305 1299 2350 Q.
1327 2303 1523 2341 Metellum

220 2441 278 2484 19)
296 2440 378 2475 Liv.
402 2440 485 2485 epit.
500 2431 600 2474 LVI.
718 2438 779 2482 20)
800 2438 893 2483 App.
912 2437 1015 2483 Ilisp.
1033 2436 1089 2472 83.
1204 2434 1264 2477 21)
1287 2433 1381 2468 Vell.
1401 2432 1445 2467 ΙΙ.
1468 2431 1524 2467 10.

126 2498 205 2533 val.
232 2497 336 2533 Max.
370 2496 467 2531 V111.
492 2497 533 2538 7,
570 2496 597 2530 l.
646 2495 700 2531 Cf.
725 2495 870 2541 Meyer.
904 2506 939 2539 p.
968 2494 1044 2529 195.
1158 2491 1220 2535 22)
1254 2490 1431 2525 Priscian.
1457 2488 1521 2522 lX.

126 2567 161 2600 p.
180 2554 258 2589 863.
280 2554 323 2589 Ρ.
342 2566 376 2599 p.
394 2553 471 2590 456.
490 2553 537 2588 Κ.
581 2553 657 2587 Sed
675 2558 804 2587 contra
822 2552 938 2597 legem
958 2551 1118 2586 Cassiam
1141 2547 1368 2584 tabellariam
1387 2557 1409 2579 a
1428 2545 1520 2579 Por-

127 2612 210 2645 cina
235 2611 365 2644 dictum
388 2621 467 2645 esse
494 2621 566 2645 non
594 2608 751 2645 efficitur
776 2620 821 2643 ex
846 2609 929 2642 loco
948 2607 1022 2643 Cic.
1040 2606 1145 2643 Brut.
1161 2605 1224 2647 25,
1244 2603 1322 2645 97.,
1352 2602 1419 2636 etsi
1443 2600 1523 2634 vult

125 2667 305 2712 Meyer-us
322 2679 356 2712 p.
377 2666 451 2702 194.
566 2666 628 2711 23)
654 2667 729 2702 Cic.
747 2666 793 2701 de
809 2662 871 2701 Or.
889 2664 915 2701 l.
936 2664 996 2708 10,
1013 2664 1068 2700 40.
1185 2662 1246 2706 24)
1271 2659 1374 2696 Brut.
1387 2657 1443 2700 25,
1463 2656 1519 2692 95.

124 2724 185 2769 25)
212 2724 294 2759 Ser.
320 2723 479 2759 Herenn.
504 2722 563 2759 lv.
589 2723 621 2759 5.

1183 2787 1237 2827 3.
