1835 3126
599 150 860 194 BRUTUS
900 151 1019 198 GAP.
1051 153 1117 197 18.
1436 158 1554 204 183

164 267 227 303 cst
263 273 385 316 quam
421 261 475 303 sit
517 262 559 304 in
596 268 767 319 utroque
806 277 961 319 genere
1000 274 1039 309 et
1078 267 1224 310 creber
1262 274 1302 311 et
1339 268 1555 312 distinctus

165 338 281 381 Cato.

272 413 420 458 XVIII.
464 410 551 460 Nec
591 429 691 462 vero
733 421 881 475 ignoro
909 423 1087 466 nondum
1118 437 1213 467 esse
1244 425 1348 467 satiS
1381 424 1552 481 politum

158 494 266 537 hunc
314 502 521 539 oratorem
565 504 604 540 et
647 500 926 554 quaerendum
971 515 1065 546 esse
1112 503 1269 559 aliquid
1303 504 1548 560 persectIus:

157 575 304 630 quippe
332 588 422 617 cum
448 578 506 617 ita
528 578 580 618 sit
605 577 657 619 ad
679 585 912 622 nostrorum
941 587 1165 638 temporum
1191 583 1393 625 rationem
1416 589 1546 633 vetus,

157 658 198 694 ut
236 653 389 696 nullius
426 656 618 711 scriptum
656 664 787 699 exstet
816 658 982 713 dIgnum
1007 660 1171 716 quidem
1200 660 1398 711 lectione,
1438 661 1547 716 quod

155 732 209 773 sit
251 734 470 788 antiquius.
539 733 626 776 Sed
669 737 826 778 maiore
857 736 1028 786 ghonore
1072 739 1115 779 in
1160 739 1348 782 omnibus
1389 739 1546 782 artibus

156 823 277 864 quam
311 813 354 852 in
388 811 467 854 hac
505 825 588 854 una
628 813 793 855 dicendi
822 821 1012 856 versatur
1041 817 1276 870 antiquitas.
1335 816 1402 858 70.
1441 815 1544 866 Quis

156 889 264 930 enim
299 903 461 939 eorum,
511 890 580 944 qui
619 889 726 931 haec
766 891 929 932 minora
967 891 1314 941 animadvertunt,
1360 905 1444 934 non
1481 894 1545 933 in-

153 969 312 1022 tellegit
339 965 524 1008 Canachi
565 967 688 1021 signa
724 967 928 1022 rigidiora
958 982 1076 1019 esse,
1115 982 1238 1025 quam
1266 976 1309 1011 ut
1339 971 1546 1012 imitentur

150 1047 391 1090 veritatem?
452 1043 682 1086 Calamidis
713 1045 817 1087 dura
845 1046 921 1088 illa
951 1047 1137 1102 quidem,
1169 1047 1244 1089 sed
1269 1054 1407 1090 tamen
1438 1047 1543 1090 mol-

149 1125 260 1167 liora
286 1135 407 1178 quam
433 1120 639 1173 Canachi3
670 1136 754 1165 non
776 1124 870 1165 dum
893 1123 1084 1179 Myronis
1117 1127 1219 1167 satis
1251 1126 1304 1168 ad
1328 1128 1542 1168 veritatem

150 1203 349 1252 adducta,
393 1202 478 1243 iam
518 1208 658 1243 tamen
695 1215 800 1257 quae
844 1216 927 1245 non
966 1203 1127 1246 dubites
1168 1203 1343 1260 pulchra
1380 1204 1540 1246 dicere:

148 1281 386 1339 pulchriora
423 1281 547 1322 etiam
574 1279 769 1334 Polycliti
799 1288 837 1322 et
866 1282 949 1323 iam
977 1282 1101 1339 plane
1131 1282 1333 1338 perfecta,
1371 1289 1414 1324 ut
1442 1281 1542 1324 mihi

149 1360 313 1416 quIdem
355 1358 488 1401 videri
532 1358 677 1400 solent.
747 1358 908 1402 Similis
952 1362 995 1402 in
1027 1363 1187 1417 pictura
1225 1362 1332 1403 ratio
1371 1367 1452 1403 est:
1498 1362 1542 1402 in

149 1452 232 1495 qua
263 1437 435 1480 Zeuxim
473 1443 513 1478 et
536 1436 812 1492 Polygnotum
847 1446 885 1480 et
920 1437 1181 1481 Timanthem
1209 1446 1248 1481 et
1277 1452 1440 1489 eorum,
1471 1440 1540 1494 qui

148 1531 231 1560 non
268 1522 361 1559 sunt
403 1516 469 1557 usi
508 1515 600 1572 plus
639 1529 762 1571 quam
800 1523 990 1572 quattuor
1032 1517 1265 1568 coloribus,
1306 1517 1462 1560 formas
1500 1523 1541 1560 et

148 1667 183 1697 et
201 1661 311 1706 vulgo
330 1659 413 1694 edd.
435 1671 457 1693 a
476 1660 638 1705 principe
659 1659 756 1696 inde.
794 1661 954 1696 Nostrae
971 1662 1175 1706 scripturae
1199 1672 1262 1694 cnr
1281 1661 1395 1694 minus
1415 1660 1539 1695 faveat

146 1721 257 1765 ipsa,
286 1716 383 1761 quod
402 1716 531 1750 dictum
553 1716 662 1761 plane
684 1722 721 1750 ut
743 1717 779 1750 in
800 1717 969 1762 vulgata,
993 1729 1066 1751 non
1085 1717 1258 1762 intelligo.
1280 1736 1326 1742 —-
1351 1716 1455 1762 quod
1474 1716 1538 1760 ne]

144 1775 248 1820 quod
273 1785 341 1808 om.
369 1772 434 1806 Gu.
459 1771 489 1807 1.

235 1830 291 1865 69.
345 1828 510 1871 Ornari]
536 1830 687 1862 oratori
711 1827 779 1863 Gu.
802 1829 831 1863 l.
855 1848 900 1854 -—
925 1827 1280 1872 immutationibus]
1304 1829 1537 1863 imitationi-

145 1888 214 1923 bus
240 1886 307 1920 Gu.
334 1886 364 1920 l.
390 1903 435 1909 —
471 1880 640 1930 τρόπους]
665 1883 735 1918 hoc
761 1891 796 1919 et
820 1896 904 1919 mox
930 1884 1098 1931 σχήματα
1122 1885 1288 1930 plerique
1312 1885 1393 1920 libri
1418 1884 1536 1919 latinis

140 1945 277 1989 scripta
305 1942 441 1976 literis:
474 1941 583 1976 modo
609 1954 743 1988 τροπος
764 1941 830 1987 Lg.
855 1941 910 1978 39.
945 1948 982 1976 et
1013 1943 1108 1976 idem
1136 1952 1311 1987 σχεματα.
1359 1945 1536 1977 scemata

140 2000 208 2035 Ου’
233 1997 454 2090 ἓν111ῗοὺιίη
478 2052 555 2088 lzac
575 2054 673 2097 una]
699 2053 836 2088 addunt
860 2058 945 2089 arte
970 2054 1027 2089 ed.
1044 2066 1098 2100 pr.
1122 2053 1189 2101 Lg.
1207 2054 1241 2088 8.
1260 2054 1314 2089 35.
1333 2054 1387 2089 53.
1405 2053 1461 2089 56.
1480 2052 1535 2088 58.

139 2113 195 2148 68.
224 2112 284 2202 llll.
314 2111 484 2209 Gelhrtlim]
521 2164 665 2200 horum
703 2164 769 2198 Gu.
806 2167 836 2200 Ι.
874 2165 1149 2210 improbandum
1185 2170 1337 2210 propter
1375 2174 1534 2209 sequens

141 2225 250 2259 haec.
275 2243 320 2248 —-
352 2222 448 2256 haec
472 2221 646 2263 minora]
678 2232 747 2254 om.
772 2220 828 2255 ed.
856 2232 909 2266 pr.
935 2241 982 2246 ——-
1020 2221 1225 2267 intellegit]
1253 2221 1305 2254 sic
1329 2219 1390 2264 Lg.
1415 2220 1447 2254 8.
1476 2219 1533 2254 51.

140 2281 235 2315 Ven.
260 2281 290 2314 1.
309 2298 356 2303 —
388 2277 592 2320 molliora]
618 2277 782 2311 meliora
807 2276 874 2312 Gu.
900 2278 930 2312 l.
957 2277 1014 2312 ed.
1032 2289 1086 2321 pr.
1107 2296 1153 2304 ·-
1183 2276 1364 2323 pulohra]
1387 2275 1533 2322 pulcra

140 2344 177 2372 et
210 2348 295 2371 mox
320 2334 534 2382 pulcriora
559 2333 627 2368 Gu.
656 2334 707 2376 l.,
739 2333 809 2367 hoc
840 2339 875 2367 et
905 2333 996 2368 Ven.
1022 2333 1051 2367 l.
1078 2353 1122 2358 —
1163 2332 1366 2378 Polycliti]
1393 2332 1445 2366 sic
1471 2335 1532 2365 aut

139 2393 321 2428 Policlitz·
343 2391 410 2437 Lg.
435 2391 468 2425 S.
494 2390 547 2424 20.
572 2389 628 2424 35.
652 2389 707 2424 39.
734 2390 788 2425 51.
815 2389 867 2424 56.
896 2390 950 2425 70.
985 2389 1053 2425 Gu.
1081 2391 1111 2425 l.
1148 2389 1243 2425 Ven.
1273 2390 1303 2424 1.
1330 2388 1363 2422 2.
1404 2385 1531 2422 ottob.

139 2449 188 2488 V.
211 2450 250 2484 C.
278 2449 336 2484 Cr.
366 2448 402 2481 in
428 2447 501 2482 Cic.
528 2446 573 2480 de
594 2444 657 2481 Or.
681 2445 706 2479 I.
733 2445 798 2489 21,
825 2445 879 2481 98.
904 2466 949 2470 --
990 2450 1029 2479 et
1053 2448 1135 2480 iam
1156 2445 1292 2493 plane]
1326 2447 1450 2480 etiam
1470 2443 1527 2490 pl.

139 2506 197 2541 ed.
224 2517 276 2551 pr.
302 2523 347 2529 —
384 2503 567 2547 zeuxim]
597 2503 751 2537 Zeuxin
776 2503 874 2537 solus
899 2514 1057 2537 meorum
1082 2502 1147 2548 Lg.
1171 2502 1225 2537 51.
1265 2501 1360 2536 Rell.
1390 2499 1530 2534 Ceus-in

137 2562 212 2605 (ed.
241 2562 310 2605 pr.)
338 2561 531 2600 Zeuxim,
563 2558 755 2600 Xeuxz‘m,
783 2560 969 2600 Zeuxim,
995 2559 1160 2593 Reusim
1184 2559 1268 2604 (Gn.
1296 2558 1355 2600 1.).
1379 2575 1425 2584 ·—-
1467 2555 1528 2590 Ti-

137 2617 354 2661 manthem]
381 2617 485 2652 codd.
512 2616 675 2662 plerique
700 2621 736 2651 et
761 2616 817 2651 ed.
843 2628 897 2662 pr.
928 2615 1162 2651 Timantem.
1179 2636 1224 2640 -
1249 2613 1447 2660 quattuor]
1473 2612 1526 2647 sic

137 2674 276 2710 duobus
302 2679 317 2709 t
337 2673 404 2719 Lg.
425 2672 457 2711 8.
477 2673 534 2710 51.
565 2673 657 2710 Ven.
681 2675 711 2710 l.
732 2692 776 2700 -
800 2673 991 2718 Echione]
1017 2672 1132 2709 Codd.
1154 2672 1330 2712 Aetione,
1351 2669 1522 2711 Aetione,
