1835 3126
535 223 789 269 BRUTUS
829 224 948 269 CAP.
979 228 1045 271 96.
1369 230 1488 275 :319

104 344 231 381 torem
268 348 430 391 semper
469 337 629 392 putavi3
665 350 933 395 maxumeque
970 339 1141 396 probavi
1175 353 1248 396 pro
1278 339 1489 385 Messalla

101 415 321 464 dicentem,
349 427 439 456 cum
463 420 506 456 tu
537 415 690 458 afuisti.
751 415 824 459 Sic
854 417 1006 468 serunt,
1039 419 1227 474 inquam,
1259 419 1381 474 idque
1415 420 1488 462 de-

100 492 233 535 clarat
260 492 447 544 totidem,
475 500 572 548 quot
600 494 718 544 dixit,
750 502 789 536 nt
826 497 960 546 aiunt,
987 497 1141 551 scripta
1167 495 1308 538 verbis
1339 500 1486 541 oratIo.

97 569 209 625 Ergo
239 570 311 613 ille
343 583 369 613 a
394 569 550 615 Crasso
576 572 746 615 consule
771 580 810 615 et
834 572 1045 616 Scaevola
1065 587 1194 629 usque
1219 574 1273 616 ad
1297 574 1484 618 Paullum

98 656 138 690 et
164 648 411 692 Marcellum
441 650 634 692 consules
664 650 820 701 floruit3
850 665 928 694 nos
953 653 994 693 in
1017 652 1163 694 eodem
1187 666 1309 696 cursu
1335 653 1487 697 suimus

100 739 126 769 a
155 725 277 769 Sulla
308 728 507 770 dictatore
539 728 592 770 ad
626 730 795 772 eosdem
826 730 912 773 sere
944 733 1149 773 consules.
1202 730 1275 775 Sic
1309 731 1358 782 Q.
1380 731 1488 775 Hor-

98 807 205 847 tensi
226 819 304 849 vox
330 808 532 850 exstincta
558 821 632 850 suo
655 808 739 850 sato
770 815 850 858 est,
873 814 1017 851 nostra
1042 809 1221 864 publico.
1265 810 1361 852 329.
1392 809 1487 853 Me-

98 883 199 934 lius,
241 897 420 939 quaeso,
461 886 664 935 ominare,
703 887 832 940 inquit
862 884 1025 927 Brutus.
1086 885 1150 928 Sit
1189 900 1291 929 sane
1327 895 1369 930 ut
1408 890 1486 938 vis,

98 962 286 1017 inquam,
325 969 364 1004 et
398 962 439 1004 id
468 975 551 1004 non
580 969 662 1003 tam
692 975 787 1004 mea
818 975 948 1004 causa
978 975 1099 1016 quam
1126 969 1216 1005 tua:
1249 964 1323 1005 sed
1356 965 1486 1006 sortu-

95 1047 216 1082 natus
252 1040 365 1082 illius
407 1041 563 1089 enitus⁷
601 1040 669 1094 qui
700 1052 753 1081 ea
781 1052 864 1081 11011
892 1039 1012 1090 vidit,
1053 1053 1144 1082 cum
1176 1040 1337 1092 fierent,
1378 1055 1486 1097 quae

92 1118 270 1174 providit
302 1117 450 1158 sutura.
510 1129 635 1172 saepe
667 1118 774 1158 enim
806 1119 913 1159 inter
940 1131 1018 1160 nos
1054 1119 1326 1174 impendentis
1361 1133 1487 1163 casus

94 1194 353 1245 deflevimus,
390 1207 480 1237 cum
514 1194 616 1237 belli
653 1195 789 1237 civilis
827 1208 980 1238 causas
1018 1197 1061 1238 111
1089 1198 1339 1253 privatorum
1372 1200 1486 1254 cupi-

95 1273 290 1316 ditatibus
333 1273 538 1322 inclusas,
585 1275 703 1330 pacis
751 1287 865 1331 spem
906 1287 932 1317 a
965 1274 1131 1331 publico
1172 1275 1349 1318 consilio
1387 1289 1484 1318 esse

95 1352 306 1395 exclusam
342 1351 589 1393 videremus.
650 1350 737 1394 Sed
775 1352 891 1394 illum
925 1353 1086 1396 videtur
1117 1353 1299 1396 felicitas
1339 1355 1483 1410 ipsius,

96 1443 177 1485 qua
209 1443 372 1486 semper
406 1436 469 1472 est
510 1443 632 1481 115115,
672 1430 724 1473 ab
757 1432 820 1474 eis
850 1432 1054 1482 miseriis,
1095 1445 1201 1489 quae
1234 1440 1482 1476 consecutae

94 1597 222 1632 eadem
239 1596 416 1642 particula
440 1600 497 1638 et,
524 1608 616 1642 quae
637 1598 898 1644 coniungendis
920 1598 1007 1644 ipsis
1030 1600 1225 1634 constituta
1247 1606 1318 1643 est,
1343 1601 1378 1635 in
1399 1601 1484 1636 bina

92 1654 253 1688 membra
273 1653 494 1688 distributae.
532 1654 636 1688 Talia
660 1661 813 1689 centena
833 1655 975 1690 Cicero.
1012 1655 1065 1690 Et
1085 1663 1204 1691 autem
1230 1663 1265 1692 et
1289 1668 1362 1702 quc
1384 1662 1484 1692 recte

92 1711 189 1745 inter
207 1722 247 1744 se
268 1710 404 1755 opponi
428 1710 514 1754 ipsis
533 1712 709 1756 exemplis
735 1710 908 1754 efficitur,
935 1723 1028 1756 quae
1047 1712 1210 1747 Handius
1236 1725 1281 1748 ex
1301 1715 1483 1749 contrario

91 1766 227 1801 iudicat
252 1766 353 1800 Turs.
380 1766 454 1801 vol.
475 1765 517 1801 11.
546 1779 580 1812 p.
606 1767 673 1801 527
692 1779 770 1813 sqq.
818 1758 962 1802 Deinde
987 1767 1207 1814 Bernhardy
1237 1769 1322 1804 dicit
1353 1770 1485 1803 iniuria

92 1823 201 1858 tribui
217 1822 414 1857 Hortensio
434 1823 555 1857 iuveni
574 1823 725 1857 formam
743 1824 968 1868 splendidam
986 1824 1248 1859 exercitatione
1265 1825 1481 1870 perfectam:

94 1879 189 1924 quod
208 1879 293 1924 quid
312 1879 379 1913 sibi
398 1879 485 1913 velit
503 1890 574 1913 non
595 1890 780 1923 assequor.
799 1899 844 1904 —
869 1879 1148 1925 verborumque
1170 1882 1355 1925 astricta]
1381 1881 1482 1916 verb.

92 1939 255 1981 eratque
272 1939 367 1969 astr.
387 1934 453 1980 Lg.
472 1940 617 1980 praeter
633 1934 688 1969 68.
701 1961 711 1977 ,
735 1936 819 1969 item
840 1935 907 1969 Gu.
926 1935 957 1970 l.
974 1955 1020 1962 -—-—
1045 1936 1357 1983 comprehensio]
1380 1949 1482 1973 com-

83 1994 244 2038 pressio
270 1991 360 2025 Ven.
383 1990 416 2025 2.
460 1993 705 2037 comprensio
732 1990 799 2037 Lg.
820 1991 852 2027 8.
873 1992 928 2026 35.
949 1994 1002 2028 51.
1023 1993 1078 2028 53.
1105 1992 1159 2027 58.
1181 1993 1236 2028 68.
1257 2014 1301 2018 —
1335 1995 1481 2038 senior]

91 2049 227 2082 sanior
250 2046 317 2092 Lg.
338 2046 393 2082 20.
415 2066 462 2073 »-
487 2046 662 2091 decebat]
689 2047 846 2083 dicebat
870 2048 937 2094 Lg.
957 2050 1011 2084 53.
1032 2050 1085 2083 70.
1121 2050 1188 2084 Gu.
1213 2050 1242 2085 1.
1278 2050 1334 2084 ed.
1361 2062 1414 2096 pr.
1437 2071 1481 2076 —

91 2104 357 2147 acerrumum]
383 2102 448 2148 Lg.
469 2105 523 2138 51.
552 2101 626 2138 Ott.
645 2124 690 2129 —
720 2106 942 2148 consuerat]
967 2106 1019 2139 510
1039 2111 1225 2140 contracte
1249 2105 1316 2152 Lg.
1334 2113 1482 2151 praeter

90 2160 145 2195 20.
170 2160 244 2202 53..
270 2160 354 2193 item
379 2159 470 2193 Ven.
490 2159 517 2193 l.
543 2157 619 2194 Ott.
645 2160 729 2195 Vat.
755 2180 799 2185 —
832 2159 1046 2205 facultate]
1074 2166 1206 2196 aetate
1232 2164 1390 2208 suspicio
1414 2163 1481 2198 Er-

89 2216 180 2251 nesti
205 2215 301 2250 haud
325 2226 414 2250 sane
439 2215 650 2260 probabilis.

180 2315 308 2351 XCVI.
345 2314 423 2349 328.
459 2315 698 2360 ᾳιιαῖἰαῖεἰητ]
712 2320 871 2360 qu-sunt
888 2316 1038 2354 Gu.1.2.
1059 2318 1259 2354 Par.D.-
1277 2331 1478 2357 maxume-

90 2374 176 2419 que]
204 2373 256 2407 sic
278 2371 344 2417 Lg.
369 2377 516 2416 praeter
539 2371 594 2407 20.
617 2371 672 2407 39.
698 2372 772 2415 56.,
799 2373 882 2407 item
905 2372 980 2409 Ott.
1007 2395 1047 2400 —-
1082 2374 1291 2420 Messalla]
1317 2378 1478 2413 codicum

88 2431 139 2464 510
163 2429 261 2464 501115
287 2427 354 2462 Gu.
379 2427 410 2465 l.
438 2433 473 2462 et
499 2429 555 2463 ed.
582 2440 634 2474 pr.
659 2440 695 2463 v.
721 2428 766 2462 ad
789 2429 852 2472 70,
877 2429 955 2466 246.
981 2450 1026 2456 »-
1062 2431 1219 2477 afuistz']
1245 2432 1308 2479 Lg.
1334 2435 1412 2469 51110
1437 2434 1481 2476 b‚⁴

90 2486 272 2532 affuisses
300 2485 366 2519 Gu.
395 2484 424 2520 l.
463 2485 518 2521 ed.
543 2497 596 2531 pr.
618 2505 663 2509 —
692 2484 858 2530 fuimus]
884 2498 1016 2523 sumus
1041 2487 1109 2524 Gu.
1136 2489 1165 2523 Ι.
1190 2509 1236 2514 —
1272 2489 1478 2535 Hortensi]

87 2543 138 2578 510
156 2542 222 2587 Lg.
240 2547 385 2588 praeter
402 2541 457 2576 20.
475 2541 552 2585 56.,
576 2543 660 2577 item
677 2541 767 2577 Ven.
783 2544 813 2578 l.
838 2543 920 2578 Vat.
936 2564 981 2569 ——
1011 2544 1105 2590 fato
1129 2547 1216 2590 suo]
1242 2546 1314 2581 inv.
1341 2547 1398 2582 ed.
1422 2558 1475 2593 pr.

86 2604 261 2643 sequente
284 2598 455 2644 Meyero.

178 2698 256 2733 329.
306 2701 497 2744 ominare]
521 2702 646 2735 omire
674 2701 742 2748 Lg.
765 2702 800 2738 8.
826 2703 881 2738 51.
906 2701 960 2736 58.
1009 2712 1032 2736 o
1056 2704 1159 2738 mire
1188 2701 1233 2736 39
1257 2713 1350 2738 corr.
1375 2710 1414 2739 ut
1439 2703 1472 2740 8.

86 2757 187 2790 mire
211 2754 280 2791 Gu.
299 2757 328 2791 1.
347 2776 392 2782 -—
422 2757 613 2803 providit]
632 2759 839 2805 praevidit
856 2758 982 2794 Lamb.
1029 2758 1122 2794 Illud
1145 2758 1336 2795 sollicitam
1354 2771 1473 2796 curam
