<?xml version="1.0" encoding="UTF-8"?>
<!DOCTYPE html PUBLIC "-//W3C//DTD XHTML 1.0 Transitional//EN"
    "http://www.w3.org/TR/xhtml1/DTD/xhtml1-transitional.dtd">
<html xmlns="http://www.w3.org/1999/xhtml" xml:lang="en" lang="en">
 <head>
  <title>
</title>
<meta http-equiv="Content-Type" content="text/html;charset=utf-8" />
  <meta name='ocr-system' content='tesseract 3.04.00' />
  <meta name='ocr-capabilities' content='ocr_page ocr_carea ocr_par ocr_line ocrx_word'/>
</head>
<body>
  <div class='ocr_page' id='page_1' title='image "./brutussivedeclar00ciceuoft/brutussivedeclar00ciceuoft_0374.png"; bbox 0 0 1835 3126; ppageno 0'>
   <div class='ocr_carea' id='block_1_1' title="bbox 330 212 1290 262">
    <p class='ocr_par' dir='ltr' id='par_1_1' title="bbox 330 212 1290 262">
     <span class='ocr_line' id='line_1_1' title="bbox 330 212 1290 262; baseline -0.004 0"><span class='ocrx_word' id='word_1_1' title='bbox 330 217 456 262; x_wconf 76' lang='lat'>354</span> <span class='ocrx_word' id='word_1_2' title='bbox 758 212 1290 257; x_wconf 80' lang='lat' dir='ltr'>EXPLICATIONES</span> 
     </span>
    </p>
   </div>
   <div class='ocr_carea' id='block_1_2' title="bbox 331 327 1732 2786">
    <p class='ocr_par' dir='ltr' id='par_1_2' title="bbox 331 327 1722 580">
     <span class='ocr_line' id='line_1_2' title="bbox 444 327 1720 380; baseline 0.001 -16"><span class='ocrx_word' id='word_1_3' title='bbox 444 327 630 376; x_wconf 58' lang='lat' dir='ltr'>Myronis]</span> <span class='ocrx_word' id='word_1_4' title='bbox 669 330 834 365; x_wconf 86' lang='lat' dir='ltr'>naturae</span> <span class='ocrx_word' id='word_1_5' title='bbox 870 327 1080 367; x_wconf 83' lang='lat' dir='ltr'>imitandae</span> <span class='ocrx_word' id='word_1_6' title='bbox 1106 330 1308 369; x_wconf 83' lang='lat' dir='ltr'>veritatem</span> <span class='ocrx_word' id='word_1_7' title='bbox 1339 329 1378 368; x_wconf 92' lang='lat' dir='ltr'>in</span> <span class='ocrx_word' id='word_1_8' title='bbox 1407 330 1480 368; x_wconf 86' lang='lat' dir='ltr'>hoc</span> <span class='ocrx_word' id='word_1_9' title='bbox 1518 329 1557 367; x_wconf 93' lang='lat' dir='ltr'>in</span> <span class='ocrx_word' id='word_1_10' title='bbox 1586 327 1720 380; x_wconf 91' lang='lat' dir='ltr'>primis</span> 
     </span>
     <span class='ocr_line' id='line_1_3' title="bbox 331 392 1722 446; baseline -0.001 -13"><span class='ocrx_word' id='word_1_11' title='bbox 331 393 467 434; x_wconf 83' lang='lat' dir='ltr'>laudat</span> <span class='ocrx_word' id='word_1_12' title='bbox 494 393 658 433; x_wconf 88' lang='lat' dir='ltr'>Plinius.</span> <span class='ocrx_word' id='word_1_13' title='bbox 713 392 885 441; x_wconf 85' lang='lat' dir='ltr'>„Cicero</span> <span class='ocrx_word' id='word_1_14' title='bbox 922 398 1050 432; x_wconf 88' lang='lat' dir='ltr'>tamen</span> <span class='ocrx_word' id='word_1_15' title='bbox 1089 394 1230 443; x_wconf 79' lang='lat' dir='ltr'>voluit,</span> <span class='ocrx_word' id='word_1_16' title='bbox 1271 396 1373 446; x_wconf 90' lang='lat' dir='ltr'>quod</span> <span class='ocrx_word' id='word_1_17' title='bbox 1405 395 1554 436; x_wconf 89' lang='lat' dir='ltr'>Plinius</span> <span class='ocrx_word' id='word_1_18' title='bbox 1591 394 1722 442; x_wconf 85' lang='lat' dir='ltr'>tradit,</span> 
     </span>
     <span class='ocr_line' id='line_1_4' title="bbox 334 460 1722 516; baseline -0.001 -16"><span class='ocrx_word' id='word_1_19' title='bbox 334 472 540 513; x_wconf 88' lang='lat' dir='ltr'>corporum</span> <span class='ocrx_word' id='word_1_20' title='bbox 565 472 679 512; x_wconf 86' lang='lat' dir='ltr'>quam</span> <span class='ocrx_word' id='word_1_21' title='bbox 710 460 923 499; x_wconf 87' lang='lat' dir='ltr'>animorum</span> <span class='ocrx_word' id='word_1_22' title='bbox 953 460 1102 512; x_wconf 86' lang='lat' dir='ltr'>species</span> <span class='ocrx_word' id='word_1_23' title='bbox 1134 465 1171 500; x_wconf 89' lang='lat' dir='ltr'>et</span> <span class='ocrx_word' id='word_1_24' title='bbox 1197 461 1425 501; x_wconf 81' lang='lat' dir='ltr'>varietatem</span> <span class='ocrx_word' id='word_1_25' title='bbox 1454 475 1538 503; x_wconf 88' lang='lat' dir='ltr'>eum</span> <span class='ocrx_word' id='word_1_26' title='bbox 1559 462 1722 516; x_wconf 87' lang='lat' dir='ltr'>peritius</span> 
     </span>
     <span class='ocr_line' id='line_1_5' title="bbox 334 527 917 580; baseline -0.01 -12"><span class='ocrx_word' id='word_1_27' title='bbox 334 528 625 580; x_wconf 86' lang='lat' dir='ltr'>expressisse.“</span> <span class='ocrx_word' id='word_1_28' title='bbox 684 527 917 574; x_wconf 75' lang='lat' dir='ltr'>Bernhardy.</span> 
     </span>
    </p>

    <p class='ocr_par' dir='ltr' id='par_1_3' title="bbox 332 592 1726 916">
     <span class='ocr_line' id='line_1_6' title="bbox 447 592 1722 644; baseline 0 -13"><span class='ocrx_word' id='word_1_29' title='bbox 447 600 624 644; x_wconf 69' lang='grc' dir='ltr'>(μιιιιῐιιον</span> <span class='ocrx_word' id='word_1_30' title='bbox 663 594 859 643; x_wconf 63' lang='lat' dir='ltr'>coloribus]</span> <span class='ocrx_word' id='word_1_31' title='bbox 900 593 991 632; x_wconf 81' lang='lat' dir='ltr'>albo</span> <span class='ocrx_word' id='word_1_32' title='bbox 1029 592 1130 633; x_wconf 85' lang='lat' dir='ltr'>flavo</span> <span class='ocrx_word' id='word_1_33' title='bbox 1170 592 1290 632; x_wconf 87' lang='lat' dir='ltr'>rubro</span> <span class='ocrx_word' id='word_1_34' title='bbox 1329 598 1435 633; x_wconf 88' lang='lat' dir='ltr'>atro:</span> <span class='ocrx_word' id='word_1_35' title='bbox 1474 606 1510 634; x_wconf 82' lang='lat' dir='ltr'>v.</span> <span class='ocrx_word' id='word_1_36' title='bbox 1539 594 1722 635; x_wconf 86' lang='lat' dir='ltr'>Mueller.</span> 
     </span>
     <span class='ocr_line' id='line_1_7' title="bbox 333 659 1723 714; baseline -0.002 -12"><span class='ocrx_word' id='word_1_37' title='bbox 333 661 542 703; x_wconf 84' lang='lat' dir='ltr'>Archaeol.</span> <span class='ocrx_word' id='word_1_38' title='bbox 578 660 612 714; x_wconf 55' lang='grc' dir='ltr'>ᾧ.</span> <span class='ocrx_word' id='word_1_39' title='bbox 646 663 761 708; x_wconf 81' lang='grc'><strong>319.;</strong></span> <span class='ocrx_word' id='word_1_40' title='bbox 800 661 866 713; x_wconf 87' lang='lat' dir='ltr'>qui</span> <span class='ocrx_word' id='word_1_41' title='bbox 897 672 972 713; x_wconf 86' lang='lat' dir='ltr'>quo</span> <span class='ocrx_word' id='word_1_42' title='bbox 1003 659 1115 700; x_wconf 88' lang='lat' dir='ltr'>modo</span> <span class='ocrx_word' id='word_1_43' title='bbox 1144 660 1391 712; x_wconf 81' lang='lat' dir='ltr'>pingentibus</span> <span class='ocrx_word' id='word_1_44' title='bbox 1425 659 1645 700; x_wconf 84' lang='lat' dir='ltr'>suffecerint</span> <span class='ocrx_word' id='word_1_45' title='bbox 1678 672 1723 700; x_wconf 91' lang='lat' dir='ltr'>eo</span> 
     </span>
     <span class='ocr_line' id='line_1_8' title="bbox 332 727 1726 780; baseline -0.001 -12"><span class='ocrx_word' id='word_1_46' title='bbox 332 730 459 780; x_wconf 84' lang='lat' dir='ltr'>magis</span> <span class='ocrx_word' id='word_1_47' title='bbox 491 729 654 774; x_wconf 83' lang='lat' dir='ltr'>mirere,</span> <span class='ocrx_word' id='word_1_48' title='bbox 687 727 791 780; x_wconf 88' lang='lat' dir='ltr'>quod</span> <span class='ocrx_word' id='word_1_49' title='bbox 820 728 859 766; x_wconf 90' lang='lat' dir='ltr'>in</span> <span class='ocrx_word' id='word_1_50' title='bbox 890 728 1157 779; x_wconf 86' lang='lat' dir='ltr'>antiquissimo</span> <span class='ocrx_word' id='word_1_51' title='bbox 1189 732 1403 766; x_wconf 87' lang='lat' dir='ltr'>statuarum</span> <span class='ocrx_word' id='word_1_52' title='bbox 1433 732 1470 767; x_wconf 92' lang='lat' dir='ltr'>et</span> <span class='ocrx_word' id='word_1_53' title='bbox 1498 727 1726 779; x_wconf 89' lang='lat' dir='ltr'>templorum</span> 
     </span>
     <span class='ocr_line' id='line_1_9' title="bbox 332 794 1726 849; baseline -0.001 -14"><span class='ocrx_word' id='word_1_54' title='bbox 332 794 617 849; x_wconf 87' lang='lat' dir='ltr'>pingendorum</span> <span class='ocrx_word' id='word_1_55' title='bbox 653 794 818 835; x_wconf 86' lang='lat' dir='ltr'>artificio</span> <span class='ocrx_word' id='word_1_56' title='bbox 856 795 995 835; x_wconf 84' lang='lat' dir='ltr'>crebro</span> <span class='ocrx_word' id='word_1_57' title='bbox 1034 794 1104 833; x_wconf 87' lang='lat' dir='ltr'>alii</span> <span class='ocrx_word' id='word_1_58' title='bbox 1144 794 1319 843; x_wconf 53' lang='lat' dir='ltr'>colora,</span> <span class='ocrx_word' id='word_1_59' title='bbox 1365 794 1471 835; x_wconf 85' lang='lat' dir='ltr'>velut</span> <span class='ocrx_word' id='word_1_60' title='bbox 1510 794 1726 842; x_wconf 57' lang='lat' dir='ltr'>caeruleus„</span> 
     </span>
     <span class='ocr_line' id='line_1_10' title="bbox 336 868 573 916; baseline -0.008 -13"><span class='ocrx_word' id='word_1_61' title='bbox 336 868 573 916; x_wconf 78' lang='lat' dir='ltr'>comparent.</span> 
     </span>
    </p>

    <p class='ocr_par' dir='ltr' id='par_1_4' title="bbox 334 926 1731 1378">
     <span class='ocr_line' id='line_1_11' title="bbox 447 926 1727 981; baseline -0.004 -11"><span class='ocrx_word' id='word_1_62' title='bbox 447 932 514 969; x_wconf 87' lang='lat'>71.</span> <span class='ocrx_word' id='word_1_63' title='bbox 572 929 685 967; x_wconf 75' lang='lat' dir='ltr'>simul</span> <span class='ocrx_word' id='word_1_64' title='bbox 713 929 915 979; x_wconf 71' lang='lat' dir='ltr'>inventum]</span> <span class='ocrx_word' id='word_1_65' title='bbox 947 929 1205 981; x_wconf 82' lang='lat' dir='ltr'>„proprietas</span> <span class='ocrx_word' id='word_1_66' title='bbox 1228 928 1335 968; x_wconf 82' lang='lat' dir='ltr'>vocis</span> <span class='ocrx_word' id='word_1_67' title='bbox 1357 928 1493 976; x_wconf 57' lang='lat' dir='ltr'>stimet,</span> <span class='ocrx_word' id='word_1_68' title='bbox 1522 931 1564 967; x_wconf 86' lang='lat' dir='ltr'>ut</span> <span class='ocrx_word' id='word_1_69' title='bbox 1588 926 1727 966; x_wconf 86' lang='lat' dir='ltr'>celeri-</span> 
     </span>
     <span class='ocr_line' id='line_1_12' title="bbox 334 994 1728 1047; baseline -0.004 -10"><span class='ocrx_word' id='word_1_70' title='bbox 334 1002 451 1037; x_wconf 86' lang='lat' dir='ltr'>tatem</span> <span class='ocrx_word' id='word_1_71' title='bbox 481 996 644 1035; x_wconf 89' lang='lat' dir='ltr'>actionis</span> <span class='ocrx_word' id='word_1_72' title='bbox 675 995 862 1046; x_wconf 88' lang='lat' dir='ltr'>depingat</span> <span class='ocrx_word' id='word_1_73' title='bbox 890 996 938 1033; x_wconf 85' lang='lat' dir='ltr'>ab</span> <span class='ocrx_word' id='word_1_74' title='bbox 976 996 1072 1047; x_wconf 90' lang='lat' dir='ltr'>ipsis</span> <span class='ocrx_word' id='word_1_75' title='bbox 1099 996 1219 1034; x_wconf 90' lang='lat' dir='ltr'>initiis</span> <span class='ocrx_word' id='word_1_76' title='bbox 1251 995 1300 1034; x_wconf 89' lang='lat' dir='ltr'>ad</span> <span class='ocrx_word' id='word_1_77' title='bbox 1330 994 1606 1047; x_wconf 80' lang='lat' dir='ltr'>perfectionem</span> <span class='ocrx_word' id='word_1_78' title='bbox 1633 1004 1728 1045; x_wconf 91' lang='lat' dir='ltr'>pro-</span> 
     </span>
     <span class='ocr_line' id='line_1_13' title="bbox 335 1061 1730 1111; baseline -0.005 -8"><span class='ocrx_word' id='word_1_79' title='bbox 335 1069 482 1104; x_wconf 76' lang='lat' dir='ltr'>vectae.</span> <span class='ocrx_word' id='word_1_80' title='bbox 528 1074 559 1101; x_wconf 82' lang='lat' dir='ltr'>c.</span> <span class='ocrx_word' id='word_1_81' title='bbox 592 1063 667 1110; x_wconf 72' lang='lat'>64,</span> <span class='ocrx_word' id='word_1_82' title='bbox 699 1062 798 1100; x_wconf 76' lang='lat'><strong>228:</strong></span> <span class='ocrx_word' id='word_1_83' title='bbox 832 1061 1075 1099; x_wconf 73' lang='lat' dir='ltr'>adolescentts</span> <span class='ocrx_word' id='word_1_84' title='bbox 1110 1065 1295 1111; x_wconf 61' lang='lat' dir='ltr'>{nyeninm</span> <span class='ocrx_word' id='word_1_85' title='bbox 1325 1086 1376 1090; x_wconf 89' lang='lat'>—</span> <span class='ocrx_word' id='word_1_86' title='bbox 1406 1061 1520 1099; x_wconf 69' lang='lat' dir='ltr'>simul</span> <span class='ocrx_word' id='word_1_87' title='bbox 1541 1065 1730 1110; x_wconf 82' lang='lat' dir='ltr'>aspectum</span> 
     </span>
     <span class='ocr_line' id='line_1_14' title="bbox 336 1127 1729 1180; baseline -0.004 -12"><span class='ocrx_word' id='word_1_88' title='bbox 336 1137 369 1168; x_wconf 80' lang='lat' dir='ltr'>et</span> <span class='ocrx_word' id='word_1_89' title='bbox 391 1129 590 1180; x_wconf 78' lang='lat' dir='ltr'>probatum</span> <span class='ocrx_word' id='word_1_90' title='bbox 614 1134 679 1165; x_wconf 83' lang='lat' dir='ltr'>est.</span> <span class='ocrx_word' id='word_1_91' title='bbox 726 1129 820 1167; x_wconf 89' lang='lat' dir='ltr'>Tac.</span> <span class='ocrx_word' id='word_1_92' title='bbox 845 1128 942 1167; x_wconf 87' lang='lat' dir='ltr'>Hist.</span> <span class='ocrx_word' id='word_1_93' title='bbox 966 1128 995 1167; x_wconf 92' lang='grc' dir='ltr'>Ι.</span> <span class='ocrx_word' id='word_1_94' title='bbox 1013 1128 1089 1168; x_wconf 77' lang='lat'>89:</span> <span class='ocrx_word' id='word_1_95' title='bbox 1114 1129 1351 1166; x_wconf 61' lang='lat' dir='ltr'>Scriboniani</span> <span class='ocrx_word' id='word_1_96' title='bbox 1374 1134 1504 1166; x_wconf 77' lang='lat' dir='ltr'>contra</span> <span class='ocrx_word' id='word_1_97' title='bbox 1531 1127 1729 1164; x_wconf 80' lang='lat' dir='ltr'>Claudium</span> 
     </span>
     <span class='ocr_line' id='line_1_15' title="bbox 334 1194 1731 1245; baseline -0.001 -11"><span class='ocrx_word' id='word_1_98' title='bbox 334 1200 481 1245; x_wconf 66' lang='lat' dir='ltr'>incepta</span> <span class='ocrx_word' id='word_1_99' title='bbox 515 1195 629 1231; x_wconf 74' lang='lat' dir='ltr'>simul</span> <span class='ocrx_word' id='word_1_100' title='bbox 664 1194 795 1231; x_wconf 61' lang='lat' dir='ltr'>(ondita</span> <span class='ocrx_word' id='word_1_101' title='bbox 837 1200 869 1230; x_wconf 83' lang='lat' dir='ltr'>et</span> <span class='ocrx_word' id='word_1_102' title='bbox 910 1197 1121 1231; x_wconf 47' lang='grc' dir='ltr'>(ῑοϋνοὶιαῶς</span> <span class='ocrx_word' id='word_1_103' title='bbox 1181 1196 1412 1241; x_wconf 73' lang='lat' dir='ltr'>Bernhardy.</span> <span class='ocrx_word' id='word_1_104' title='bbox 1477 1194 1582 1234; x_wconf 83' lang='lat' dir='ltr'>Idem</span> <span class='ocrx_word' id='word_1_105' title='bbox 1621 1198 1731 1234; x_wconf 59' lang='lat' dir='ltr'>cavet</span> 
     </span>
     <span class='ocr_line' id='line_1_16' title="bbox 336 1256 1728 1314; baseline -0.001 -13"><span class='ocrx_word' id='word_1_106' title='bbox 336 1275 384 1302; x_wconf 90' lang='lat' dir='ltr'>ne</span> <span class='ocrx_word' id='word_1_107' title='bbox 407 1262 493 1314; x_wconf 89' lang='lat' dir='ltr'>quis</span> <span class='ocrx_word' id='word_1_108' title='bbox 519 1265 717 1312; x_wconf 87' lang='lat' dir='ltr'>comparet</span> <span class='ocrx_word' id='word_1_109' title='bbox 734 1259 972 1299; x_wconf 85' lang='lat' dir='ltr'>Graecorum</span> <span class='ocrx_word' id='word_1_110' title='bbox 996 1256 1088 1310; x_wconf 74' lang='grc' dir='ltr'>ἅμα</span> <span class='ocrx_word' id='word_1_111' title='bbox 1112 1281 1167 1285; x_wconf 56' lang='grc'>»-</span> <span class='ocrx_word' id='word_1_112' title='bbox 1192 1256 1277 1308; x_wconf 84' lang='grc' dir='ltr'><strong><em>καί,</em></strong></span> <span class='ocrx_word' id='word_1_113' title='bbox 1304 1261 1408 1311; x_wconf 87' lang='lat' dir='ltr'>quod</span> <span class='ocrx_word' id='word_1_114' title='bbox 1425 1261 1565 1299; x_wconf 84' lang='lat' dir='ltr'>accidit</span> <span class='ocrx_word' id='word_1_115' title='bbox 1579 1261 1728 1300; x_wconf 91' lang='lat' dir='ltr'>Kritzio</span> 
     </span>
     <span class='ocr_line' id='line_1_17' title="bbox 338 1326 827 1378; baseline -0.006 -10"><span class='ocrx_word' id='word_1_116' title='bbox 338 1329 388 1369; x_wconf 87' lang='lat' dir='ltr'>ad</span> <span class='ocrx_word' id='word_1_117' title='bbox 415 1328 514 1369; x_wconf 86' lang='lat' dir='ltr'>Sall.</span> <span class='ocrx_word' id='word_1_118' title='bbox 546 1328 630 1377; x_wconf 86' lang='lat' dir='ltr'>lug.</span> <span class='ocrx_word' id='word_1_119' title='bbox 661 1339 698 1378; x_wconf 86' lang='lat' dir='ltr'>p.</span> <span class='ocrx_word' id='word_1_120' title='bbox 731 1326 827 1366; x_wconf 82' lang='lat'>516.</span> 
     </span>
    </p>

    <p class='ocr_par' dir='ltr' id='par_1_5' title="bbox 335 1391 1730 1650">
     <span class='ocr_line' id='line_1_18' title="bbox 448 1391 1729 1445; baseline -0.001 -14"><span class='ocrx_word' id='word_1_121' title='bbox 448 1407 540 1445; x_wconf 80' lang='lat' dir='ltr'>quos</span> <span class='ocrx_word' id='word_1_122' title='bbox 563 1395 650 1431; x_wconf 74' lang='lat' dir='ltr'>ottm</span> <span class='ocrx_word' id='word_1_123' title='bbox 675 1393 812 1442; x_wconf 75' lang='lat' dir='ltr'>Fanni]</span> <span class='ocrx_word' id='word_1_124' title='bbox 843 1393 914 1432; x_wconf 90' lang='lat' dir='ltr'>hos</span> <span class='ocrx_word' id='word_1_125' title='bbox 936 1403 1094 1440; x_wconf 80' lang='lat' dir='ltr'>versuS,</span> <span class='ocrx_word' id='word_1_126' title='bbox 1119 1393 1185 1443; x_wconf 83' lang='lat' dir='ltr'>qui</span> <span class='ocrx_word' id='word_1_127' title='bbox 1206 1392 1323 1432; x_wconf 86' lang='lat' dir='ltr'>Ennii</span> <span class='ocrx_word' id='word_1_128' title='bbox 1346 1398 1432 1432; x_wconf 88' lang='lat' dir='ltr'>sunt</span> <span class='ocrx_word' id='word_1_129' title='bbox 1456 1404 1504 1432; x_wconf 85' lang='lat' dir='ltr'>ex</span> <span class='ocrx_word' id='word_1_130' title='bbox 1527 1391 1729 1445; x_wconf 89' lang='lat' dir='ltr'>prooemio</span> 
     </span>
     <span class='ocr_line' id='line_1_19' title="bbox 335 1460 1730 1511; baseline -0.002 -9"><span class='ocrx_word' id='word_1_131' title='bbox 335 1462 563 1509; x_wconf 81' lang='lat' dir='ltr'>Annalium,</span> <span class='ocrx_word' id='word_1_132' title='bbox 599 1461 737 1500; x_wconf 88' lang='lat' dir='ltr'>iterum</span> <span class='ocrx_word' id='word_1_133' title='bbox 776 1460 902 1511; x_wconf 85' lang='lat' dir='ltr'>tangit</span> <span class='ocrx_word' id='word_1_134' title='bbox 939 1460 979 1498; x_wconf 92' lang='lat' dir='ltr'>in</span> <span class='ocrx_word' id='word_1_135' title='bbox 1019 1460 1187 1500; x_wconf 81' lang='lat' dir='ltr'>Oratore</span> <span class='ocrx_word' id='word_1_136' title='bbox 1218 1461 1293 1509; x_wconf 81' lang='lat'>51,</span> <span class='ocrx_word' id='word_1_137' title='bbox 1330 1463 1423 1500; x_wconf 91' lang='lat'>171.</span> <span class='ocrx_word' id='word_1_138' title='bbox 1481 1463 1575 1505; x_wconf 66' lang='lat' dir='ltr'>Hic,</span> <span class='ocrx_word' id='word_1_139' title='bbox 1618 1471 1730 1511; x_wconf 87' lang='lat' dir='ltr'>quem</span> 
     </span>
     <span class='ocr_line' id='line_1_20' title="bbox 336 1527 1729 1581; baseline -0.003 -12"><span class='ocrx_word' id='word_1_140' title='bbox 336 1530 448 1578; x_wconf 87' lang='lat' dir='ltr'>dicit,</span> <span class='ocrx_word' id='word_1_141' title='bbox 478 1529 564 1581; x_wconf 88' lang='lat' dir='ltr'>ipse</span> <span class='ocrx_word' id='word_1_142' title='bbox 586 1528 733 1568; x_wconf 88' lang='lat' dir='ltr'>Ennius</span> <span class='ocrx_word' id='word_1_143' title='bbox 765 1532 841 1576; x_wconf 88' lang='lat' dir='ltr'>est,</span> <span class='ocrx_word' id='word_1_144' title='bbox 873 1527 939 1580; x_wconf 89' lang='lat' dir='ltr'>qui</span> <span class='ocrx_word' id='word_1_145' title='bbox 970 1538 1100 1567; x_wconf 89' lang='lat' dir='ltr'>omnes</span> <span class='ocrx_word' id='word_1_146' title='bbox 1123 1533 1211 1567; x_wconf 86' lang='lat' dir='ltr'>ante</span> <span class='ocrx_word' id='word_1_147' title='bbox 1235 1538 1277 1567; x_wconf 83' lang='lat' dir='ltr'>se</span> <span class='ocrx_word' id='word_1_148' title='bbox 1295 1540 1430 1568; x_wconf 75' lang='lat' dir='ltr'>versus</span> <span class='ocrx_word' id='word_1_149' title='bbox 1454 1527 1588 1567; x_wconf 89' lang='lat' dir='ltr'>facere</span> <span class='ocrx_word' id='word_1_150' title='bbox 1613 1538 1729 1566; x_wconf 85' lang='lat' dir='ltr'>ausos</span> 
     </span>
     <span class='ocr_line' id='line_1_21' title="bbox 338 1597 590 1650; baseline -0.008 -13"><span class='ocrx_word' id='word_1_151' title='bbox 338 1597 590 1650; x_wconf 77' lang='lat' dir='ltr'>despiciebat.</span> 
     </span>
    </p>

    <p class='ocr_par' dir='ltr' id='par_1_6' title="bbox 336 1659 1732 2243">
     <span class='ocr_line' id='line_1_22' title="bbox 447 1659 1729 1713; baseline -0.003 -11"><span class='ocrx_word' id='word_1_152' title='bbox 447 1667 501 1702; x_wconf 77' lang='lat' dir='ltr'>sic</span> <span class='ocrx_word' id='word_1_153' title='bbox 524 1663 718 1713; x_wconf 72' lang='lat' dir='ltr'>tanquam]</span> <span class='ocrx_word' id='word_1_154' title='bbox 751 1665 840 1707; x_wconf 73' lang='lat' dir='ltr'>„sic</span> <span class='ocrx_word' id='word_1_155' title='bbox 862 1667 1060 1712; x_wconf 76' lang='lat' dir='ltr'>tanquam,</span> <span class='ocrx_word' id='word_1_156' title='bbox 1082 1664 1136 1699; x_wconf 76' lang='lat' dir='ltr'>sic</span> <span class='ocrx_word' id='word_1_157' title='bbox 1158 1664 1288 1711; x_wconf 70' lang='lat' dir='ltr'>qnasi,</span> <span class='ocrx_word' id='word_1_158' title='bbox 1316 1673 1417 1713; x_wconf 85' lang='lat' dir='ltr'>quae</span> <span class='ocrx_word' id='word_1_159' title='bbox 1442 1661 1569 1700; x_wconf 79' lang='lat' dir='ltr'>dirimi</span> <span class='ocrx_word' id='word_1_160' title='bbox 1592 1659 1729 1707; x_wconf 83' lang='lat' dir='ltr'>solent,</span> 
     </span>
     <span class='ocr_line' id='line_1_23' title="bbox 339 1728 1731 1782; baseline -0.002 -12"><span class='ocrx_word' id='word_1_161' title='bbox 339 1736 521 1771; x_wconf 82' lang='lat' dir='ltr'>accurate</span> <span class='ocrx_word' id='word_1_162' title='bbox 545 1729 723 1782; x_wconf 83' lang='lat' dir='ltr'>copulari</span> <span class='ocrx_word' id='word_1_163' title='bbox 740 1729 877 1769; x_wconf 86' lang='lat' dir='ltr'>docent</span> <span class='ocrx_word' id='word_1_164' title='bbox 892 1729 954 1769; x_wconf 79' lang='lat' dir='ltr'>vel</span> <span class='ocrx_word' id='word_1_165' title='bbox 971 1729 1149 1781; x_wconf 85' lang='lat' dir='ltr'>exempla</span> <span class='ocrx_word' id='word_1_166' title='bbox 1166 1729 1249 1768; x_wconf 81' lang='lat' dir='ltr'>Cat.</span> <span class='ocrx_word' id='word_1_167' title='bbox 1265 1729 1302 1768; x_wconf 74' lang='lat'>8.</span> <span class='ocrx_word' id='word_1_168' title='bbox 1328 1728 1377 1768; x_wconf 91' lang='lat' dir='ltr'>ad</span> <span class='ocrx_word' id='word_1_169' title='bbox 1393 1729 1499 1768; x_wconf 87' lang='lat' dir='ltr'>Fam.</span> <span class='ocrx_word' id='word_1_170' title='bbox 1516 1728 1622 1768; x_wconf 89' lang='lat' dir='ltr'>XIII.</span> <span class='ocrx_word' id='word_1_171' title='bbox 1636 1728 1731 1767; x_wconf 82' lang='grc'>69.“</span> 
     </span>
     <span class='ocr_line' id='line_1_24' title="bbox 340 1796 1732 1848; baseline 0.001 -15"><span class='ocrx_word' id='word_1_172' title='bbox 340 1797 572 1843; x_wconf 72' lang='lat' dir='ltr'>Bernhardy.</span> <span class='ocrx_word' id='word_1_173' title='bbox 630 1797 749 1836; x_wconf 87' lang='lat' dir='ltr'>Recte</span> <span class='ocrx_word' id='word_1_174' title='bbox 782 1796 828 1835; x_wconf 89' lang='lat' dir='ltr'>de</span> <span class='ocrx_word' id='word_1_175' title='bbox 864 1797 953 1837; x_wconf 89' lang='lat' dir='ltr'>loco</span> <span class='ocrx_word' id='word_1_176' title='bbox 983 1798 1096 1836; x_wconf 87' lang='lat' dir='ltr'>Bruti</span> <span class='ocrx_word' id='word_1_177' title='bbox 1126 1803 1162 1837; x_wconf 89' lang='lat' dir='ltr'>et</span> <span class='ocrx_word' id='word_1_178' title='bbox 1193 1797 1267 1844; x_wconf 88' lang='lat' dir='ltr'>eis,</span> <span class='ocrx_word' id='word_1_179' title='bbox 1308 1808 1409 1848; x_wconf 86' lang='lat' dir='ltr'>quae</span> <span class='ocrx_word' id='word_1_180' title='bbox 1439 1809 1487 1836; x_wconf 88' lang='lat' dir='ltr'>ex</span> <span class='ocrx_word' id='word_1_181' title='bbox 1516 1796 1664 1836; x_wconf 88' lang='lat' dir='ltr'>Catone</span> <span class='ocrx_word' id='word_1_182' title='bbox 1695 1800 1732 1834; x_wconf 90' lang='lat' dir='ltr'>et</span> 
     </span>
     <span class='ocr_line' id='line_1_25' title="bbox 339 1861 1730 1915; baseline -0.001 -13"><span class='ocrx_word' id='word_1_183' title='bbox 339 1863 515 1915; x_wconf 89' lang='lat' dir='ltr'>epistolis</span> <span class='ocrx_word' id='word_1_184' title='bbox 550 1861 783 1910; x_wconf 82' lang='lat' dir='ltr'>afferuntur3</span> <span class='ocrx_word' id='word_1_185' title='bbox 828 1875 904 1902; x_wconf 94' lang='lat' dir='ltr'>non</span> <span class='ocrx_word' id='word_1_186' title='bbox 944 1865 1136 1903; x_wconf 79' lang='lat' dir='ltr'>universe.</span> <span class='ocrx_word' id='word_1_187' title='bbox 1196 1864 1294 1903; x_wconf 82' lang='lat' dir='ltr'>Nam</span> <span class='ocrx_word' id='word_1_188' title='bbox 1336 1876 1419 1903; x_wconf 90' lang='lat' dir='ltr'>cum</span> <span class='ocrx_word' id='word_1_189' title='bbox 1459 1863 1608 1915; x_wconf 86' lang='lat' dir='ltr'>aliquid</span> <span class='ocrx_word' id='word_1_190' title='bbox 1647 1863 1730 1902; x_wconf 91' lang='lat' dir='ltr'>soni</span> 
     </span>
     <span class='ocr_line' id='line_1_26' title="bbox 336 1929 1731 1981; baseline 0 -13"><span class='ocrx_word' id='word_1_191' title='bbox 336 1930 438 1969; x_wconf 89' lang='lat' dir='ltr'>inest</span> <span class='ocrx_word' id='word_1_192' title='bbox 476 1929 515 1967; x_wconf 91' lang='lat' dir='ltr'>in</span> <span class='ocrx_word' id='word_1_193' title='bbox 544 1931 615 1974; x_wconf 67' lang='lat' dir='ltr'>stc,</span> <span class='ocrx_word' id='word_1_194' title='bbox 653 1941 730 1968; x_wconf 89' lang='lat' dir='ltr'>non</span> <span class='ocrx_word' id='word_1_195' title='bbox 763 1929 907 1968; x_wconf 86' lang='lat' dir='ltr'>iniuria</span> <span class='ocrx_word' id='word_1_196' title='bbox 939 1931 1097 1980; x_wconf 87' lang='lat' dir='ltr'>virgula</span> <span class='ocrx_word' id='word_1_197' title='bbox 1127 1930 1376 1980; x_wconf 78' lang='lat' dir='ltr'>distinguitur</span> <span class='ocrx_word' id='word_1_198' title='bbox 1406 1943 1430 1968; x_wconf 89' lang='lat' dir='ltr'>a</span> <span class='ocrx_word' id='word_1_199' title='bbox 1460 1930 1731 1981; x_wconf 84' lang='lat' dir='ltr'>sequentibus;</span> 
     </span>
     <span class='ocr_line' id='line_1_27' title="bbox 337 1993 1731 2049; baseline -0.001 -13"><span class='ocrx_word' id='word_1_200' title='bbox 337 1996 456 2049; x_wconf 88' lang='lat' dir='ltr'>plane</span> <span class='ocrx_word' id='word_1_201' title='bbox 493 2000 534 2034; x_wconf 90' lang='lat' dir='ltr'>ut</span> <span class='ocrx_word' id='word_1_202' title='bbox 572 1997 625 2040; x_wconf 69' lang='lat' dir='ltr'>ts,</span> <span class='ocrx_word' id='word_1_203' title='bbox 670 1998 734 2045; x_wconf 69' lang='lat' dir='ltr'>qut</span> <span class='ocrx_word' id='word_1_204' title='bbox 771 1995 1023 2046; x_wconf 82' lang='lat' dir='ltr'>distinguitur</span> <span class='ocrx_word' id='word_1_205' title='bbox 1060 1993 1242 2044; x_wconf 74' lang='grc' dir='ltr'>ἐκεῖνον,</span> <span class='ocrx_word' id='word_1_206' title='bbox 1283 1993 1333 2043; x_wconf 77' lang='grc' dir='ltr'>ὃς</span> <span class='ocrx_word' id='word_1_207' title='bbox 1371 1996 1613 2046; x_wconf 84' lang='lat' dir='ltr'>significans,</span> <span class='ocrx_word' id='word_1_208' title='bbox 1654 2008 1731 2035; x_wconf 90' lang='lat' dir='ltr'>non</span> 
     </span>
     <span class='ocr_line' id='line_1_28' title="bbox 339 2062 1731 2112; baseline -0.002 -10"><span class='ocrx_word' id='word_1_209' title='bbox 339 2062 611 2112; x_wconf 84' lang='lat' dir='ltr'>distinguitur,</span> <span class='ocrx_word' id='word_1_210' title='bbox 644 2072 727 2099; x_wconf 88' lang='lat' dir='ltr'>cum</span> <span class='ocrx_word' id='word_1_211' title='bbox 749 2073 962 2112; x_wconf 88' lang='lat' dir='ltr'>pronomen</span> <span class='ocrx_word' id='word_1_212' title='bbox 993 2063 1155 2101; x_wconf 90' lang='lat' dir='ltr'>alterum</span> <span class='ocrx_word' id='word_1_213' title='bbox 1183 2064 1222 2102; x_wconf 63' lang='lat' dir='ltr'>vi</span> <span class='ocrx_word' id='word_1_214' title='bbox 1253 2063 1494 2102; x_wconf 87' lang='lat' dir='ltr'>debilitatum</span> <span class='ocrx_word' id='word_1_215' title='bbox 1523 2068 1598 2110; x_wconf 92' lang='lat' dir='ltr'>est,</span> <span class='ocrx_word' id='word_1_216' title='bbox 1628 2069 1669 2102; x_wconf 87' lang='lat' dir='ltr'>ut</span> <span class='ocrx_word' id='word_1_217' title='bbox 1698 2066 1731 2100; x_wconf 76' lang='lat' dir='ltr'>is</span> 
     </span>
     <span class='ocr_line' id='line_1_29' title="bbox 338 2126 1729 2180; baseline 0.002 -13"><span class='ocrx_word' id='word_1_218' title='bbox 338 2132 403 2180; x_wconf 72' lang='lat' dir='ltr'>qut</span> <span class='ocrx_word' id='word_1_219' title='bbox 438 2129 504 2169; x_wconf 83' lang='lat' dir='ltr'>vix</span> <span class='ocrx_word' id='word_1_220' title='bbox 534 2126 688 2167; x_wconf 85' lang='lat' dir='ltr'>differat</span> <span class='ocrx_word' id='word_1_221' title='bbox 728 2140 752 2166; x_wconf 91' lang='lat' dir='ltr'>a</span> <span class='ocrx_word' id='word_1_222' title='bbox 779 2131 841 2178; x_wconf 69' lang='lat' dir='ltr'>qut</span> <span class='ocrx_word' id='word_1_223' title='bbox 879 2129 978 2168; x_wconf 88' lang='lat' dir='ltr'>solo.</span> <span class='ocrx_word' id='word_1_224' title='bbox 1035 2129 1080 2170; x_wconf 89' lang='lat' dir='ltr'>V.</span> <span class='ocrx_word' id='word_1_225' title='bbox 1118 2129 1261 2169; x_wconf 87' lang='lat' dir='ltr'>Comm.</span> <span class='ocrx_word' id='word_1_226' title='bbox 1295 2130 1360 2168; x_wconf 87' lang='lat' dir='ltr'>Cr.</span> <span class='ocrx_word' id='word_1_227' title='bbox 1392 2128 1442 2168; x_wconf 87' lang='lat' dir='ltr'>ad</span> <span class='ocrx_word' id='word_1_228' title='bbox 1475 2130 1554 2170; x_wconf 86' lang='lat' dir='ltr'>Cic.</span> <span class='ocrx_word' id='word_1_229' title='bbox 1585 2129 1632 2169; x_wconf 87' lang='lat' dir='ltr'>de</span> <span class='ocrx_word' id='word_1_230' title='bbox 1663 2131 1729 2170; x_wconf 88' lang='lat' dir='ltr'>Or.</span> 
     </span>
     <span class='ocr_line' id='line_1_30' title="bbox 339 2196 571 2243; baseline -0.004 -8"><span class='ocrx_word' id='word_1_231' title='bbox 339 2196 367 2235; x_wconf 87' lang='grc' dir='ltr'>Ι.</span> <span class='ocrx_word' id='word_1_232' title='bbox 402 2197 474 2243; x_wconf 80' lang='lat'>14,</span> <span class='ocrx_word' id='word_1_233' title='bbox 505 2196 571 2235; x_wconf 82' lang='lat'>62.</span> 
     </span>
    </p>

    <p class='ocr_par' dir='ltr' id='par_1_7' title="bbox 338 2261 1731 2449">
     <span class='ocr_line' id='line_1_31' title="bbox 452 2261 1731 2314; baseline 0.002 -15"><span class='ocrx_word' id='word_1_234' title='bbox 452 2275 544 2312; x_wconf 78' lang='lat' dir='ltr'>opus</span> <span class='ocrx_word' id='word_1_235' title='bbox 573 2262 725 2311; x_wconf 69' lang='lat' dir='ltr'>aliquod</span> <span class='ocrx_word' id='word_1_236' title='bbox 755 2262 929 2311; x_wconf 70' lang='lat' dir='ltr'>Daedali]</span> <span class='ocrx_word' id='word_1_237' title='bbox 962 2261 1012 2300; x_wconf 87' lang='lat' dir='ltr'>ad</span> <span class='ocrx_word' id='word_1_238' title='bbox 1034 2261 1251 2302; x_wconf 78' lang='lat' dir='ltr'>Daedalum</span> <span class='ocrx_word' id='word_1_239' title='bbox 1283 2262 1378 2301; x_wconf 91' lang='lat' dir='ltr'>artis</span> <span class='ocrx_word' id='word_1_240' title='bbox 1409 2266 1557 2314; x_wconf 88' lang='lat' dir='ltr'>patrem</span> <span class='ocrx_word' id='word_1_241' title='bbox 1582 2261 1731 2302; x_wconf 81' lang='lat' dir='ltr'>refere-</span> 
     </span>
     <span class='ocr_line' id='line_1_32' title="bbox 338 2327 1731 2381; baseline 0 -12"><span class='ocrx_word' id='word_1_242' title='bbox 338 2330 454 2369; x_wconf 82' lang='lat' dir='ltr'>batur</span> <span class='ocrx_word' id='word_1_243' title='bbox 478 2327 661 2381; x_wconf 79' lang='lat' dir='ltr'>quiequid</span> <span class='ocrx_word' id='word_1_244' title='bbox 692 2329 889 2379; x_wconf 88' lang='lat' dir='ltr'>signorum</span> <span class='ocrx_word' id='word_1_245' title='bbox 916 2334 1125 2369; x_wconf 83' lang='lat' dir='ltr'>extremam</span> <span class='ocrx_word' id='word_1_246' title='bbox 1150 2330 1415 2381; x_wconf 80' lang='lat' dir='ltr'>antiquitatem</span> <span class='ocrx_word' id='word_1_247' title='bbox 1436 2329 1636 2380; x_wconf 77' lang='lat' dir='ltr'>rigiditate</span> <span class='ocrx_word' id='word_1_248' title='bbox 1660 2343 1731 2369; x_wconf 88' lang='lat' dir='ltr'>sua</span> 
     </span>
     <span class='ocr_line' id='line_1_33' title="bbox 339 2397 1509 2449; baseline 0.001 -14"><span class='ocrx_word' id='word_1_249' title='bbox 339 2402 590 2436; x_wconf 82' lang='lat' dir='ltr'>monstraret:</span> <span class='ocrx_word' id='word_1_250' title='bbox 620 2409 656 2436; x_wconf 84' lang='lat' dir='ltr'>v.</span> <span class='ocrx_word' id='word_1_251' title='bbox 692 2397 899 2434; x_wconf 65' lang='lat' dir='ltr'>Tleterschtt</span> <span class='ocrx_word' id='word_1_252' title='bbox 926 2398 1098 2446; x_wconf 79' lang='lat' dir='ltr'>Epochen</span> <span class='ocrx_word' id='word_1_253' title='bbox 1129 2398 1193 2435; x_wconf 77' lang='lat' dir='ltr'>der</span> <span class='ocrx_word' id='word_1_254' title='bbox 1221 2400 1344 2434; x_wconf 70' lang='lat' dir='ltr'>Kunst</span> <span class='ocrx_word' id='word_1_255' title='bbox 1374 2409 1411 2449; x_wconf 87' lang='lat' dir='ltr'>p.</span> <span class='ocrx_word' id='word_1_256' title='bbox 1446 2398 1509 2436; x_wconf 90' lang='lat'>17.</span> 
     </span>
    </p>

    <p class='ocr_par' dir='ltr' id='par_1_8' title="bbox 338 2463 1731 2786">
     <span class='ocr_line' id='line_1_34' title="bbox 452 2463 1730 2513; baseline 0.002 -13"><span class='ocrx_word' id='word_1_257' title='bbox 452 2466 639 2501; x_wconf 67' lang='lat' dir='ltr'>Livianae</span> <span class='ocrx_word' id='word_1_258' title='bbox 677 2463 844 2513; x_wconf 70' lang='lat' dir='ltr'>fitbnlae]</span> <span class='ocrx_word' id='word_1_259' title='bbox 887 2463 1090 2503; x_wconf 89' lang='lat' dir='ltr'>libertinus</span> <span class='ocrx_word' id='word_1_260' title='bbox 1130 2464 1187 2504; x_wconf 91' lang='lat' dir='ltr'>M.</span> <span class='ocrx_word' id='word_1_261' title='bbox 1218 2464 1320 2504; x_wconf 79' lang='lat' dir='ltr'>Livii</span> <span class='ocrx_word' id='word_1_262' title='bbox 1362 2465 1519 2503; x_wconf 89' lang='lat' dir='ltr'>natione</span> <span class='ocrx_word' id='word_1_263' title='bbox 1559 2464 1730 2504; x_wconf 85' lang='lat' dir='ltr'>Graecus</span> 
     </span>
     <span class='ocr_line' id='line_1_35' title="bbox 338 2529 1728 2583; baseline 0.001 -14"><span class='ocrx_word' id='word_1_264' title='bbox 338 2531 485 2583; x_wconf 87' lang='lat' dir='ltr'>primus</span> <span class='ocrx_word' id='word_1_265' title='bbox 523 2529 769 2581; x_wconf 84' lang='lat' dir='ltr'>tragoediam</span> <span class='ocrx_word' id='word_1_266' title='bbox 813 2530 860 2570; x_wconf 89' lang='lat' dir='ltr'>de</span> <span class='ocrx_word' id='word_1_267' title='bbox 893 2531 1042 2571; x_wconf 86' lang='lat' dir='ltr'>Graeco</span> <span class='ocrx_word' id='word_1_268' title='bbox 1088 2543 1313 2583; x_wconf 86' lang='lat' dir='ltr'>expressam</span> <span class='ocrx_word' id='word_1_269' title='bbox 1342 2530 1472 2571; x_wconf 83' lang='lat' dir='ltr'>docuit</span> <span class='ocrx_word' id='word_1_270' title='bbox 1498 2543 1533 2571; x_wconf 91' lang='lat' dir='ltr'>a.</span> <span class='ocrx_word' id='word_1_271' title='bbox 1564 2545 1601 2570; x_wconf 88' lang='lat' dir='ltr'>u.</span> <span class='ocrx_word' id='word_1_272' title='bbox 1633 2532 1728 2570; x_wconf 78' lang='lat'>514.</span> 
     </span>
     <span class='ocr_line' id='line_1_36' title="bbox 338 2596 1731 2651; baseline -0.001 -13"><span class='ocrx_word' id='word_1_273' title='bbox 338 2598 433 2638; x_wconf 82' lang='lat' dir='ltr'>Eius</span> <span class='ocrx_word' id='word_1_274' title='bbox 466 2597 626 2637; x_wconf 86' lang='lat' dir='ltr'>fabulae</span> <span class='ocrx_word' id='word_1_275' title='bbox 664 2596 714 2636; x_wconf 86' lang='lat' dir='ltr'>ad</span> <span class='ocrx_word' id='word_1_276' title='bbox 743 2597 897 2637; x_wconf 89' lang='lat' dir='ltr'>Horatii</span> <span class='ocrx_word' id='word_1_277' title='bbox 931 2610 1052 2651; x_wconf 83' lang='lat' dir='ltr'>usque</span> <span class='ocrx_word' id='word_1_278' title='bbox 1089 2604 1254 2638; x_wconf 85' lang='lat' dir='ltr'>aetatem</span> <span class='ocrx_word' id='word_1_279' title='bbox 1293 2610 1376 2638; x_wconf 82' lang='lat' dir='ltr'>eum</span> <span class='ocrx_word' id='word_1_280' title='bbox 1400 2599 1532 2651; x_wconf 84' lang='lat' dir='ltr'>pueris</span> <span class='ocrx_word' id='word_1_281' title='bbox 1568 2598 1731 2638; x_wconf 84' lang='lat' dir='ltr'>tractari</span> 
     </span>
     <span class='ocr_line' id='line_1_37' title="bbox 339 2665 1728 2718; baseline 0.001 -15"><span class='ocrx_word' id='word_1_282' title='bbox 339 2665 536 2713; x_wconf 85' lang='lat' dir='ltr'>solebant,</span> <span class='ocrx_word' id='word_1_283' title='bbox 579 2677 661 2705; x_wconf 84' lang='lat' dir='ltr'>cum</span> <span class='ocrx_word' id='word_1_284' title='bbox 696 2676 772 2704; x_wconf 92' lang='lat' dir='ltr'>non</span> <span class='ocrx_word' id='word_1_285' title='bbox 812 2665 935 2705; x_wconf 86' lang='lat' dir='ltr'>solum</span> <span class='ocrx_word' id='word_1_286' title='bbox 975 2666 1151 2706; x_wconf 86' lang='lat' dir='ltr'>obsoleto</span> <span class='ocrx_word' id='word_1_287' title='bbox 1184 2677 1361 2706; x_wconf 84' lang='lat' dir='ltr'>sermone</span> <span class='ocrx_word' id='word_1_288' title='bbox 1391 2667 1559 2718; x_wconf 82' lang='lat' dir='ltr'>scriptae</span> <span class='ocrx_word' id='word_1_289' title='bbox 1590 2671 1728 2713; x_wconf 87' lang='lat' dir='ltr'>essent,</span> 
     </span>
     <span class='ocr_line' id='line_1_38' title="bbox 341 2730 1727 2786; baseline 0 -16"><span class='ocrx_word' id='word_1_290' title='bbox 341 2730 408 2770; x_wconf 84' lang='lat' dir='ltr'>sed</span> <span class='ocrx_word' id='word_1_291' title='bbox 438 2744 485 2771; x_wconf 85' lang='lat' dir='ltr'>ne</span> <span class='ocrx_word' id='word_1_292' title='bbox 515 2732 682 2783; x_wconf 84' lang='lat' dir='ltr'>intelligi</span> <span class='ocrx_word' id='word_1_293' title='bbox 708 2732 859 2784; x_wconf 86' lang='lat' dir='ltr'>quidem</span> <span class='ocrx_word' id='word_1_294' title='bbox 888 2738 991 2773; x_wconf 84' lang='lat' dir='ltr'>totae</span> <span class='ocrx_word' id='word_1_295' title='bbox 1020 2739 1178 2786; x_wconf 84' lang='lat' dir='ltr'>possent</span> <span class='ocrx_word' id='word_1_296' title='bbox 1206 2739 1367 2785; x_wconf 86' lang='lat' dir='ltr'>propter</span> <span class='ocrx_word' id='word_1_297' title='bbox 1388 2734 1604 2785; x_wconf 80' lang='lat' dir='ltr'>robiginem</span> <span class='ocrx_word' id='word_1_298' title='bbox 1629 2733 1727 2772; x_wconf 85' lang='lat' dir='ltr'>anti-</span> 
     </span>
    </p>
   </div>
   <div class='ocr_carea' id='block_1_3' title="bbox 1797 1461 1805 2467">
    <p class='ocr_par' dir='ltr' id='par_1_9' title="bbox 1797 1461 1805 2467">
     <span class='ocr_line' id='line_1_39' title="bbox 1797 1461 1805 2467; baseline 0 0"><span class='ocrx_word' id='word_1_299' title='bbox 1797 1461 1805 2467; x_wconf 95' lang='lat' dir='ltr'> </span> 
     </span>
    </p>
   </div>
   <div class='ocr_carea' id='block_1_4' title="bbox 1778 0 1835 2714">
    <p class='ocr_par' dir='ltr' id='par_1_10' title="bbox 1778 0 1835 2714">
     <span class='ocr_line' id='line_1_40' title="bbox 1778 0 1835 2714; baseline 0 0"><span class='ocrx_word' id='word_1_300' title='bbox 1778 0 1835 2714; x_wconf 95' lang='lat' dir='ltr'> </span> 
     </span>
    </p>
   </div>
  </div>
 </body>
</html>
