1835 3126
272 157 396 241 180
795 190 1140 238 CICERONIS

277 300 512 346 dationibus
541 299 719 344 historia
748 315 884 345 rerum
912 311 1146 347 nostrarum
1179 309 1241 346 est
1271 303 1382 347 lacta
1412 302 1660 346 mendosior.

275 379 404 424 multa
433 379 542 420 enim
571 380 726 435 scripta
750 386 842 422 sunt
871 381 913 422 in
936 382 1012 431 iis,
1043 395 1149 436 quae
1173 382 1288 424 facta
1314 396 1398 425 nou
1420 389 1531 433 sunt,
1564 381 1663 424 falsi

274 456 486 513 triumphi,
536 456 675 513 plures
716 457 975 508 consulatus,
1021 471 1180 512 genera
1219 460 1343 501 etiam
1382 461 1494 502 falsa
1533 466 1573 502 et
1611 459 1665 501 ad

274 535 439 591 plebem
468 536 758 586 transitiones.
797 549 889 579 cum
917 535 1105 579 homines
1139 535 1380 578 humiliores
1411 539 1452 579 in
1485 538 1665 580 alienum

276 614 461 656 eiusdem
492 615 670 656 nominis
700 614 1012 656 infunderentur
1038 627 1190 669 genus:
1223 621 1264 656 ut
1295 615 1330 656 si
1358 627 1436 669 ego
1465 628 1528 657 me
1557 629 1582 657 a
1606 614 1664 657 Μ’

278 692 420 734 Tullio
451 705 546 734 esse
583 692 786 743 dicerem,
833 695 900 748 qui
932 694 1130 748 patricius
1173 706 1263 735 cum
1298 691 1446 734 Servio
1481 691 1666 749 Sulpicio

278 770 425 814 consul
463 783 570 813 anno
602 770 773 813 decumo
812 777 905 827 post
934 778 1103 814 exactos
1139 784 1263 826 reges
1293 770 1379 812 fuit.
1439 771 1504 812 63.
1545 769 1669 813 Cato-

277 850 343 892 nis
383 855 518 890 autem
554 850 764 892 orationes
804 863 888 892 non
925 851 1059 892 minus
1103 849 1254 892 multae
1293 849 1381 891 fere
1422 854 1514 891 sunt
1547 861 1669 905 quam

278 926 405 969 Attici
444 926 626 981 Lysiae,
654 911 787 970 'cuius
829 927 1008 970 arbitror
1043 928 1242 984 plurimas
1287 941 1408 970 esse:
1456 933 1519 969 est
1559 928 1667 969 enim

279 1004 461 1055 Atticus,
499 1006 692 1060 quoniam
734 1011 844 1048 certe
873 1005 1049 1048 Athenis
1089 1013 1151 1048 est
1189 1013 1228 1048 et
1264 1013 1384 1048 natus
1422 1012 1461 1048 et
1489 1011 1670 1048 mortuus

280 1089 319 1124 et
365 1082 526 1124 functus
578 1085 688 1125 omni
740 1084 889 1126 civium
942 1098 1137 1135 munere3
1191 1097 1424 1145 quanquam
1469 1082 1669 1125 Timaeus

279 1172 371 1201 eum
424 1160 544 1215 quasi
586 1158 754 1202 Licinia
803 1168 842 1203 et
889 1160 1034 1204 Mucia
1082 1162 1177 1216 lege
1231 1164 1376 1218 repetit
1420 1160 1670 1216 Syracusas.

279 1244 319 1280 et
364 1238 664 1293 quodammodo
707 1245 770 1281 est
813 1239 1014 1282 nonnulla
1058 1241 1099 1281 in
1135 1239 1200 1282 his
1246 1222 1369 1281 etiam
1413 1241 1519 1281 inter
1557 1241 1672 1296 ipsos

279 1316 518 1359 similitudo.
587 1316 711 1359 Acuti
749 1324 862 1368 sunt,
909 1318 1145 1373 eleganteS‚
1191 1318 1336 1368 faceti,
1375 1317 1554 1360 breves:
1597 1317 1672 1360 sed

278 1394 352 1435 ille
390 1393 576 1436 Graecus
622 1394 675 1436 ab
718 1397 828 1437 omni
868 1395 992 1438 laude
1039 1396 1216 1438 felicior.
1275 1395 1342 1438 64.
1384 1395 1519 1438 Habet
1563 1397 1672 1438 enim

280 1479 417 1515 certos
458 1473 522 1513 sui
561 1472 793 1523 studiosos,
834 1474 904 1528 qui
938 1486 1018 1516 non
1049 1480 1133 1515 tam
1170 1473 1335 1516 habitus
1367 1475 1554 1530 corporis
1585 1474 1674 1530 opi-

279 1563 370 1593 mos
396 1563 519 1606 quam
543 1550 803 1605 gracilitates
835 1558 1144 1602 consectentur,
1179 1564 1301 1608 quos,
1331 1552 1524 1595 valetudo
1552 1552 1673 1595 modo

279 1629 393 1671 bona
441 1630 514 1679 sit,
564 1630 743 1671 tenuitas
787 1630 881 1685 ipsa
926 1630 1126 1673 delectat.
1176 1643 1410 1686 quanquam
1458 1632 1501 1672 in
1542 1629 1675 1686 Lysia

283 1712 376 1749 sunt
421 1720 545 1762 saepe
589 1709 713 1749 etiam
750 1708 920 1758 lacerti,
969 1709 1030 1751 sic
1071 1714 1113 1751 ut
1150 1708 1239 1751 fieri
1286 1708 1390 1751 nihil
1433 1710 1565 1766 possit
1601 1722 1676 1751 va-

282 1784 456 1834 lentius,
486 1798 627 1826 verum
652 1793 715 1828 est
745 1793 855 1829 certe
886 1800 1041 1841 genere
1066 1794 1150 1830 toto
1178 1788 1420 1842 strigosior:
1452 1787 1527 1832 sed
1551 1786 1675 1830 habet

367 1929 414 1954 62.
449 1928 489 1954 ad
503 1928 635 1964 plebem]
656 1938 672 1955 a
691 1930 785 1964 plebe.
807 1945 839 1949 ω
865 1930 988 1964 consul]
1010 1931 1141 1957 consule.

368 1973 411 2000 63.
446 1973 523 2009 fere]
544 1982 644 2002 verae.
663 1990 695 1994 —
723 1976 755 2002 in
775 1974 837 2009 leis]
858 1976 886 2002 in
906 1977 952 2003 iis.

283 2108 320 2133 v.
346 2096 511 2142 Madvig.
539 2095 676 2142 opusc,
711 2110 743 2142 p.
767 2097 847 2132 385.
870 2114 916 2125 «-
951 2097 1006 2131 acl
1030 2097 1185 2144 plebem
1209 2098 1479 2142 transitiones]
1513 2099 1565 2133 sie
1596 2098 1678 2133 libri

285 2166 428 2197 o1nnes3
458 2154 656 2190 Lambinus
681 2155 855 2200 probatus
881 2156 1068 2202 Scaligero
1097 2162 1132 2190 et
1159 2155 1315 2190 Ernesto
1341 2167 1365 2189 a
1389 2156 1511 2202 plebe.
1535 2176 1581 2182 —
1612 2156 1675 2191 Μ’

289 2212 430 2257 Tullio]
456 2213 600 2248 Marco
628 2213 752 2249 ΤιιῐΙίο
777 2214 861 2248 libri
886 2225 1022 2249 omnes.
1043 2232 1089 2240 -—
1124 2214 1274 2258 consul]
1299 2215 1351 2249 sic
1376 2214 1432 2248 ed.
1456 2225 1511 2259 pr.
1539 2219 1575 2247 et
1597 2215 1678 2249 libri

285 2283 429 2313 omnes3
456 2272 612 2308 consule
627 2273 740 2308 Gron.
767 2272 854 2307 Ern.
871 2273 936 2316 aL,
961 2283 1055 2307 voce
1073 2283 1267 2319 perperam
1291 2274 1338 2308 ad
1355 2273 1541 2318 proximae
1558 2273 1678 2308 simili-

283 2330 443 2364 tudinem
468 2332 751 2368 accommodata.

375 2416 430 2452 63.
480 2418 628 2454 multae
647 2419 749 2464 fere]
772 2420 823 2454 sic
842 2417 922 2452 libri
945 2423 980 2452 et
1003 2418 1060 2453 ed.
1080 2428 1155 2463 p1·.;
1183 2427 1251 2452 om.
1269 2416 1355 2461 fere
1371 2416 1456 2452 Par.
1475 2417 1523 2452 D.
1563 2428 1677 2451 verae

283 2475 371 2510 Ern.
399 2494 444 2502 »-
480 2482 539 2511 esc
571 2483 609 2512 et
637 2479 769 2522 natm]
806 2482 843 2512 et
876 2481 993 2511 natus
1018 2481 1075 2511 est
1108 2476 1173 2522 Lg.
1199 2475 1254 2509 20.
1279 2475 1334 2510 51.
1375 2487 1444 2510 om.
1471 2479 1531 2510 est
1553 2475 1607 2510 39.
1633 2495 1677 2500 -—

283 2536 525 2579 quanquam]
559 2539 737 2580 quamvis
768 2536 832 2582 Lg.
859 2535 914 2570 68.
940 2553 986 2562 »—
1026 2535 1184 2581 repetit]
1211 2536 1316 2580 petil
1350 2533 1415 2570 Gu.
1446 2535 1474 2569 l.
1509 2553 1555 2561 ·—-
1600 2544 1678 2569 non

281 2593 404 2637 malla]
433 2594 574 2629 divisim
589 2594 653 2641 Lg.
670 2595 725 2630 39.
743 2596 798 2631 58.
817 2594 871 2630 70.
896 2594 989 2629 ratio
1013 2595 1065 2628 sic
1087 2593 1185 2628 iubet
1208 2603 1277 2626 nec
1296 2593 1432 2628 notabo
1450 2593 1613 2638 amplius.
1630 2609 1676 2620 »-

281 2653 324 2686 z'n
347 2650 424 2696 his]
450 2652 501 2687 sic
524 2653 722 2690 Lambinus
745 2654 899 2700 scripsit.
948 2651 1088 2688 Etiam
1114 2663 1192 2686 cum
1218 2652 1352 2686 indicet
1375 2652 1447 2686 vim
1473 2650 1674 2686 sententiae

280 2712 379 2747 cerni
401 2711 437 2748 in
461 2712 642 2750 vocabulo
662 2713 825 2760 proxime
847 2722 1088 2760 praegresso,
1113 2710 1195 2748 fieri
1219 2722 1292 2748 non
1313 2716 1455 2757 potest,
1481 2711 1564 2756 quin
1587 2719 1671 2755 pro·
