1835 3126
328 231 460 290 402
758 235 1283 280 Eerch'rloNEs

331 353 580 399 tribunicius,
612 350 655 390 G.
689 349 804 390 Cotta
836 350 1056 389 tribunatus
1084 349 1331 398 candidatus3
1369 355 1565 402 postremo
1595 354 1721 388 tamen

334 424 417 474 ipse
458 431 530 458 sua
568 418 659 467 lege
695 416 901 455 damnatus
939 416 1094 456 civitate
1125 416 1290 454 excessit
1321 430 1356 456 a.
1387 418 1468 457 665
1499 425 1722 466 summoque

333 486 526 539 supplicio
553 490 589 524 et
614 484 788 523 cruciatu
810 483 946 534 periit:
972 483 1051 522 Cic.
1068 482 1177 521 Brut.
1194 482 1260 528 89,
1278 482 1371 521 305.
1405 482 1722 522 NatIDe01·.l.e.

332 554 420 597 Val.
450 554 561 593 Max.
592 550 691 592 VIII.
724 552 770 597 6,
801 552 839 589 4.
872 571 927 577 ——-
969 549 1029 589 De
1063 550 1126 585 Cn.
1157 550 1362 596 Pomponio
1397 560 1433 587 v.
1462 559 1493 587 c.
1524 551 1597 596 57,
1628 549 1721 587 207.

447 621 541 658 222.
599 620 647 654 L.
686 615 830 664 Fufius]
877 616 984 655 cuius
1030 615 1153 667 ipsius
1197 625 1351 665 quoque
1395 615 1521 653 oratio
1564 616 1725 654 confusa

335 688 369 727 δι
406 685 635 738 perturbata
675 682 814 722 dieitur
853 682 1034 721 Ciceroni
1071 682 1117 720 tle
1155 681 1222 720 Or.
1253 680 1318 719 III.
1353 682 1422 728 13,
1451 681 1538 728 50„
1577 692 1612 719 a.
1644 683 1726 721 656

334 755 390 794 Μ’
426 751 624 803 Aquilium
653 750 821 789 Antonio
852 747 1079 788 defendente
1116 745 1416 799 repetundarum
1454 747 1651 787 accusavit
1681 759 1728 786 ex

336 820 496 867 Sicilia,
527 816 665 857 deiude
693 817 929 856 tribunatum
959 817 1082 866 gessit
1112 827 1148 854 a.
1177 815 1280 861 663,
1311 819 1535 866 praeturam
1566 827 1601 853 a..
1632 816 1728 853 669.

447 890 506 923 M.
530 884 710 933 Drusum]
743 884 824 922 eius
848 895 911 922 res
935 883 1029 923 satis
1055 887 1171 921 notae
1197 886 1305 920 sunt:
1330 894 1365 921 v.
1389 881 1473 921 Liv.
1499 893 1559 933 ep.
1585 881 1727 920 LXXI.

337 957 384 991 L.
413 952 594 990 Lucullus
627 956 684 990 est
718 951 786 990 ille
825 962 901 990 non
939 951 1061 989 minus
1093 948 1236 988 divitiis
1268 954 1304 987 et
1334 949 1428 988 luxu
1465 960 1577 1000 quam
1612 948 1729 987 rebus

337 1020 443 1060 bello
473 1019 594 1069 gestis
617 1018 759 1065 clarus,
784 1016 918 1056 consul
942 1029 977 1055 a.
1004 1018 1099 1064 680,
1127 1021 1298 1055 mortuus
1324 1028 1359 1055 a.
1376 1017 1470 1055 697.
1512 1018 1570 1052 Μ.
1591 1018 1731 1052 Bruttus

337 1093 450 1140 pater
480 1085 586 1124 bello
618 1084 723 1123 civili
753 1084 959 1123 Marianas
989 1088 1121 1135 partes
1153 1088 1306 1122 secutus
1336 1083 1535 1134 hostisque
1565 1094 1590 1121 a
1618 1080 1733 1122 Sulla

338 1153 530 1192 iudicatus
561 1156 619 1189 est
649 1163 685 1189 a.
710 1149 813 1197 666;
843 1155 932 1201 post
959 1150 1194 1188 tribunatum
1225 1162 1260 1188 a.
1286 1151 1365 1189 671
1395 1155 1545 1200 gestum
1571 1161 1595 1188 a
1616 1149 1732 1189 Pom-

338 1219 429 1271 peio
462 1217 611 1256 occisus
643 1220 700 1254 est
724 1228 759 1255 a.
784 1217 879 1254 677.
928 1219 986 1252 Μ.
1016 1219 1211 1253 Terentius
1238 1218 1361 1254 Varro
1385 1217 1588 1261 Lucullus,
1621 1227 1733 1267 quenl

340 1287 581 1323 Licmiamuu
631 1281 708 1320 dici
753 1281 960 1333 oportebat
1004 1281 1212 1320 secundum
1260 1287 1429 1321 veterem
1470 1282 1733 1322 Romanorum

342 1362 505 1398 morem,
535 1348 660 1388 frater
690 1347 736 1386 L.
762 1347 941 1396 Luculli,
974 1348 1215 1387 consulatum
1245 1347 1406 1401 adeptus
1437 1353 1495 1388 est
1524 1361 1560 1388 a.
1585 1350 1665 1388 681
1698 1354 1735 1388 et
1810 1349 1811 1368 ÷

341 1431 393 1458 ex
434 1414 672 1457 Macedonia
709 1413 756 1453 (le
790 1413 986 1454 Dardanis
1023 1416 1285 1467 triumphavit.
1352 1416 1411 1452 M.
1446 1417 1625 1453 Octavius
1665 1414 1733 1455 Gn.

341 1484 512 1525 consulis
544 1495 579 1521 a.
605 1483 686 1521 667
710 1480 812 1520 filius
842 1481 1018 1522 tribunus
1043 1482 1089 1522 tle
1113 1483 1327 1533 largitione
1353 1482 1608 1522 frumentaria
1636 1482 1736 1531 tulit,
1808 1477 1810 1530 ἶ

341 1564 458 1604 quam
494 1551 624 1600 legem
662 1548 909 1588 tolerabilem
937 1555 1052 1591 vocat
1082 1549 1220 1590 Cicero
1252 1548 1326 1590 Off.
1355 1549 1403 1589 II.
1435 1552 1510 1598 21,
1541 1551 1607 1589 72.
1671 1550 1735 1586 Cu.
1808 1551 1809 1559 ¹

346 1621 525 1658 Octavius
553 1617 610 1657 M.
640 1615 685 1655 F.
729 1615 970 1656 consulatum
1007 1628 1092 1656 cum
1128 1616 1171 1656 C.
1206 1616 1376 1657 Curione
1412 1617 1535 1667 gessit
1573 1628 1608 1655 a.
1641 1616 1735 1655 678.
1807 1610 1809 1637 ³

344 1690 402 1723 M.
431 1686 523 1722 Cato
561 1689 673 1736 pater
702 1685 895 1725 Uticensis
930 1685 970 1723 in
998 1689 1210 1736 praeturae
1240 1684 1426 1735 petitione
1454 1689 1626 1723 mortuus
1661 1688 1737 1730 est3
1808 1682 1809 1714 ἶ

344 1753 427 1791 eius
458 1752 710 1791 meminerunt
744 1752 824 1793 Cic.
857 1750 930 1793 Off.
960 1750 1026 1790 ΙΙΙ.
1056 1752 1124 1799 16,
1151 1752 1218 1791 66.
1259 1750 1601 1792 va1.Max.V111.
1626 1752 1671 1799 2,
1700 1752 1737 1790 1.
1806 1797 1807 1806 ἵ

346 1819 445 1859 Gell.
476 1819 582 1857 XIII.
625 1821 688 1859 19.
752 1821 795 1864 Q.
831 1819 986 1857 Catulus
1025 1819 1206 1870 princeps
1247 1823 1402 1858 senatus
1438 1818 1541 1857 filius
1579 1817 1737 1858 victoris
1806 1844 1808 1875 5

346 1884 590 1925 Cimbrorum
619 1885 668 1923 ad
696 1886 936 1924 consulatum
966 1886 1140 1936 pervenit
1171 1897 1206 1923 a.
1236 1887 1332 1925 676.

458 1953 552 1990 223.
615 1952 656 1996 Q.
690 1951 924 2001 caepzonem]
952 1963 988 1990 v.
1020 1951 1059 1988 in
1088 1962 1119 1989 ο.
1151 1953 1227 1997 46,
1261 1954 1352 1991 169.
1413 1952 1478 1990 Cn.
1513 1952 1631 1989 carbo
1669 1950 1739 1990 ille
1806 1940 1807 1966 ³

347 2023 426 2066 est,
457 2018 523 2069 qui
551 2022 611 2056 ter
642 2018 777 2056 consul
797 2018 870 2056 fuit
900 2030 935 2056 a.
964 2018 1066 2064 669,
1096 2018 1198 2064 670,
1229 2018 1327 2064 672,
1358 2017 1479 2056 vietus
1510 2030 1534 2055 a
1558 2017 1673 2057 Sulla
1703 2023 1739 2056 et

348 2097 418 2137 per
445 2084 671 2136 Pompeium
699 2083 924 2122 interfectus
954 2083 994 2121 in
1023 2083 1175 2123 Sicilia.
1219 2085 1278 2122 M.
1304 2086 1458 2120 Marius
1491 2084 1738 2121 Gratidianus
1804 2073 1805 2089 ³

347 2157 508 2205 praetor
548 2163 583 2189 a.
625 2151 709 2190 668
745 2149 837 2200 lege
877 2149 924 2188 de
962 2161 1006 2188 re
1043 2149 1259 2188 nummaria
1296 2149 1444 2200 populo
1481 2151 1737 2200 gratissimus,

350 2232 375 2258 a.
409 2218 524 2259 Sulla
560 2217 786 2257 interfectus
827 2229 863 2255 a.
894 2218 990 2256 672.
1049 2216 1108 2255 De
1148 2217 1222 2256 hoc
1248 2216 1434 2266 Meyerus
1471 2216 1607 2256 laudat
1634 2217 1737 2256 Dru·
1833 2200 1835 2207 ⁴

348 2286 478 2325 manni
501 2286 601 2325 Hist.
632 2285 679 2325 R.
709 2289 738 2323 t.
768 2284 815 2323 ΙΙ.
847 2296 884 2335 p.
916 2285 997 2323 461
1030 2295 1114 2335 sqq.
1162 2286 1209 2321 L.
1243 2283 1436 2328 Quinctius
1462 2284 1639 2323 tribunus
1667 2284 1740 2324 suit
1833 2307 1835 2310 ⁴

351 2366 387 2392 a.
418 2354 512 2393 680.
572 2356 631 2391 M.
662 2351 809 2389 Lollius
838 2351 1042 2387 Palicanus
1072 2350 1246 2389 tribunus
1277 2362 1312 2389 a.
1341 2351 1444 2399 683,
1476 2363 1588 2403 quem
1618 2351 1739 2400 Quin·
1803 2342 1805 2346 ⁵
1833 2342 1835 2346 ¹

349 2420 509 2460 tilianus
532 2420 594 2461 lV.
627 2421 672 2467 2,
704 2421 741 2457 2.
785 2417 841 2456 sic
878 2415 1081 2456 describit:
1120 2420 1179 2455 M.
1214 2418 1361 2455 Lollius
1389 2418 1593 2456 Palicanus
1604 2447 1615 2464 ‚
1658 2419 1738 2456 loco

351 2487 503 2532 mamili,
546 2489 701 2531 Picens,
744 2485 887 2534 loquax
923 2486 1045 2533 ‘iringis
1072 2497 1183 2534 quam
1217 2484 1415 2532 facundus.
1473 2484 1586 2537 Apud
1617 2485 1738 2535 Quin-

350 2554 548 2601 tilianum,
593 2565 677 2592 cum
717 2551 954 2591 scriberetur
990 2551 1136 2587 Acilius
1173 2563 1245 2603 pro
1275 2553 1423 2597 Lollio,
1459 2564 1595 2591 nomeu
1632 2558 1739 2592 reete

352 2621 523 2660 correxit
550 2621 748 2672 Meyerus.
810 2617 889 2657 Sed
923 2617 1055 2669 plures
1092 2629 1136 2656 eo
1170 2619 1324 2658 nomine
1360 2619 1433 2658 illa
1462 2624 1589 2659 aetate
1619 2619 1737 2658 fuisse
1798 2613 1805 2620 ’

350 2687 539 2729 videntur.
581 2687 727 2728 Scribit
748 2685 847 2725 euim
871 2684 1008 2725 Cicero
1036 2683 1086 2723 ad
1109 2685 1274 2725 Atticum
1295 2686 1323 2725 Ι.
1351 2687 1420 2726 18:
1452 2688 1542 2724 Auli
1566 2686 1736 2734 filius—

353 2768 464 2803 cluzam
486 2755 638 2805 difflues,
672 2756 733 2805 qui
756 2752 959 2798 Palicano,
989 2753 1084 2789 sicut
1110 2752 1227 2799 fucit,
1259 2768 1301 2792 os
1324 2754 1373 2792 ad
1396 2754 1492 2792 mule
1515 2753 1736 2792 audiendum
