1835 3126
355 163 554 207 BREVIS
584 161 979 215 ELOQUENTIAE
1010 162 1147 206 ROM.
1177 162 1320 207 HIST.
1476 166 1540 210 2?

148 283 280 327 naum,
309 289 392 318 cum
415 277 475 319 M.
497 278 684 318 Aemilius
710 278 882 318 Scaurus
914 289 1030 318 senex
1062 283 1224 318 exactae
1255 278 1394 318 aetatis
1418 278 1538 331 paulo

147 351 236 384 ante
265 351 437 386 mortuus
469 350 588 393 esset,
618 345 664 384 L.
689 345 887 386 Valerium
908 345 1092 384 Flaccum
1119 346 1329 385 Marianae
1358 346 1539 385 factionis

145 412 336 450 hominem
375 423 522 450 summa
564 412 714 463 ingenii
753 412 911 452 levitate
950 413 1142 463 insignem
1178 412 1276 463 legit
1307 410 1390 463 (69).
1461 412 1540 453 Sed

146 490 229 518 cum
261 478 375 519 Sulla
406 478 635 518 conciliatus
665 484 703 518 et
733 478 873 518 ditatus
903 480 1212 531 proscriptorum
1239 479 1370 527 bonis,
1410 484 1452 518 ut
1480 480 1538 519 vi-

144 544 273 593 detur,
307 546 491 597 coemptis
521 552 609 598 post
634 546 739 585 illius
770 551 930 585 mortem
958 547 998 584 in
1027 546 1190 585 tumultu
1210 546 1428 586 Aemiliano
1456 546 1539 585 for-

143 617 217 651 tem
257 618 293 651 et
331 618 568 651 constantem
608 614 728 653 clvem
769 613 870 663 egit,
909 618 950 651 ut
987 613 1109 664 ipsius
1146 613 1311 652 maxime
1349 613 1540 652 sententia

144 680 189 728 Q.
231 678 370 719 Catulo
415 685 589 731 potestas
631 679 839 719 dictatoria
877 678 1056 726 daretur,
1093 692 1118 718 a
1155 691 1231 731 quo
1270 679 1327 718 M.
1365 678 1538 730 Lepidus

142 746 259 785 Italia
287 746 422 797 pulsus
462 747 501 784 in
534 746 663 784 insula
692 745 878 785 Sardinia
904 745 1022 796 periit
1047 742 1133 795 (⁷⁰).
1192 745 1291 784 Hinc
1325 745 1364 783 in
1394 750 1539 796 septem

142 813 316 863 tyrannis
360 816 581 850 numeratus
621 823 646 850 a
684 811 728 850 P.
759 810 877 850 Rullo
919 811 1073 850 tribuno
1113 810 1286 858 videtur,
1331 823 1356 849 a
1398 811 1538 861 quibus

142 878 334 919 Sullanae
370 877 553 917 factionis
584 876 825 929 principibus
863 875 904 916 id
933 877 1119 930 temporis
1149 889 1212 917 res
1242 876 1402 930 publica
1431 882 1537 917 tene-

143 950 251 985 retur
280 941 366 996 (⁷¹).

251 1012 434 1053 Moribus
459 1011 661 1064 Philippus
691 1010 793 1051 haud
816 1009 1045 1051 iniucundus
1068 1010 1161 1060 fuit,
1193 1009 1261 1051 sed
1284 1009 1335 1050 ad
1357 1010 1538 1051 luxuriae

139 1079 332 1119 insaniam
369 1079 615 1132 propensior.
674 1078 872 1129 Ingentem
912 1078 1012 1117 enim
1039 1079 1244 1131 pecuniam
1288 1081 1328 1119 in
1365 1081 1537 1133 piscinas

140 1146 346 1199 impendit,
391 1158 543 1195 eorum,
585 1135 682 1198 quos
718 1146 952 1198 piscinarios
991 1146 1166 1198 appellat
1207 1147 1368 1195 Cicero,
1410 1152 1538 1187 aetate

141 1214 311 1266 primus,
350 1218 392 1253 ut
429 1213 474 1263 Q.
503 1213 712 1253 Hortensio
752 1218 788 1252 et
823 1214 869 1253 L.
899 1213 1067 1252 Lucullo
1106 1214 1208 1254 viam
1247 1214 1424 1267 exemplo
1465 1227 1536 1254 suo

144 1287 382 1321 monstrasse
408 1281 587 1321 videatur
610 1277 694 1332 (⁷2).
756 1280 979 1321 Oratoriam
1011 1281 1093 1320 eius
1121 1282 1419 1333 praestantiam,
1460 1294 1539 1334 qua

143 1348 289 1388 Crasso
327 1354 364 1388 et
391 1349 560 1388 Antonio
596 1348 797 1400 proximus
837 1347 1008 1400 quidem,
1051 1347 1120 1388 sed
1155 1361 1297 1399 magno
1327 1349 1536 1389 intervallo

141 1416 340 1466 proximus
367 1415 590 1462 videbatur,
626 1414 764 1455 Cicero
793 1415 850 1453 ita
878 1414 1043 1462 iudicat,
1078 1420 1120 1454 ut
1147 1420 1325 1455 naturam
1353 1416 1538 1455 habuisse

143 1480 358 1521 credendus
399 1482 449 1521 sit
488 1481 538 1520 ad
575 1481 776 1520 dicendum
819 1481 859 1519 in
895 1481 1031 1532 primis
1068 1481 1270 1531 idoneam,
1321 1482 1388 1522 sed
1427 1482 1538 1522 nulla

142 1548 348 1600 diligentia
378 1548 532 1588 cultam.
580 1548 733 1589 Sollers
764 1552 848 1587 erat
872 1547 1114 1597 inventione,
1145 1548 1364 1589 elocutione
1392 1549 1536 1599 facilis,

140 1616 270 1655 verbis
306 1616 455 1655 facetus
495 1621 532 1655 et
567 1616 607 1655 in
640 1613 865 1655 altercando
905 1625 997 1653 acer
1036 1626 1081 1654 ac
1110 1615 1336 1656 maledicus.
1394 1616 1537 1658 Verum

141 1683 174 1721 si
192 1683 351 1723 Graecis
375 1684 542 1732 artibus,
570 1687 612 1722 ut
627 1688 803 1734 tempora
817 1680 1015 1729 ferebant,
1042 1682 1214 1722 eruditus
1231 1687 1334 1731 erat,
1359 1682 1536 1723 doctrina

141 1751 294 1790 minime
338 1750 549 1801 diligenter
590 1761 683 1788 usus
729 1753 799 1787 est.
857 1747 966 1788 Adeo
1012 1749 1112 1788 enim
1158 1761 1237 1789 non
1278 1755 1440 1802 paratus
1485 1749 1535 1790 ad

140 1816 341 1857 dicendum
377 1817 704 1868 aggrediebatur,
744 1819 786 1854 ut
816 1814 920 1866 quod
951 1815 1116 1867 primum
1144 1816 1304 1858 verbum
1331 1818 1534 1857 habiturus

139 1889 241 1923 esset
269 1884 449 1925 nesciret.
507 1884 605 1924 Hinc
634 1884 674 1923 in
704 1883 905 1922 senatoria
934 1884 1125 1923 sententia
1155 1884 1360 1924 mediocris
1387 1890 1535 1933 orator,

137 1956 325 2004 patronus
369 1964 446 1991 non
487 1952 675 2004 optimus,
719 1950 952 1990 turbulentis
994 1952 1238 1992 contionibus
1282 1952 1377 1991 satis
1422 1956 1534 2004 aptus

137 2018 211 2059 fuit
234 2016 321 2070 (73).
378 2020 598 2060 Paucarum
627 2019 708 2058 eius
739 2018 949 2058 dictionum
977 2019 1207 2059 mentionem
1233 2018 1319 2059 fieri
1346 2019 1534 2066 videmus,

137 2098 208 2126 nec
232 2086 317 2126 ulla
339 2086 575 2136 orationum,
601 2097 685 2125 cum
706 2085 804 2125 nihil
827 2085 1046 2138 scripserit,
1074 2098 1098 2125 a
1114 2087 1344 2138 posteritate
1366 2091 1534 2126 tractata

231 2249 290 2293 69)
329 2249 450 2295 Ipsum
474 2248 681 2294 Philippum
709 2254 792 2294 post
816 2248 983 2283 Flaccum
1012 2247 1123 2283 fuisse
1154 2248 1354 2295 principem
1384 2254 1533 2285 senatus

138 2318 211 2341 non
245 2306 442 2352 persuadet
465 2305 660 2347 Brossius3
693 2305 860 2340 Flaccum
886 2306 978 2340 enim
1003 2311 1146 2341 secutus
1171 2305 1217 2343 Q.
1245 2306 1392 2341 Catulus
1417 2306 1464 2344 Q.
1490 2306 1533 2341 F.

138 2363 219 2409 ipso
252 2362 370 2397 adhuc
401 2361 573 2408 Philippo
604 2362 765 2397 vivente.
883 2362 940 2405 70)
972 2362 1061 2399 Sall.
1087 2362 1178 2398 Hist.
1210 2361 1237 2398 Ι.
1270 2362 1325 2396 22.
1369 2361 1532 2398 Haverk.

137 2431 172 2465 p.
195 2419 272 2454 945.
293 2419 390 2455 Cort.
512 2418 571 2462 71)
597 2418 671 2454 Cic.
689 2419 782 2454 Rull.
804 2418 867 2454 111.
894 2420 923 2454 l.
956 2418 1072 2453 Erant
1096 2418 1151 2454 hi:
1176 2418 1222 2457 Q.
1238 2419 1412 2454 Metellus
1432 2418 1532 2462 Pius,

139 2475 186 2513 Q.
203 2476 347 2511 Catulus
372 2475 419 2513 Q.
437 2474 477 2510 F.
522 2475 560 2510 C.
580 2475 691 2510 Curio
728 2476 766 2511 C.
786 2475 894 2511 Cotta
931 2474 974 2511 L.
995 2474 1166 2510 Lucullus
1200 2475 1242 2510 L.
1261 2475 1450 2521 Philippus
1485 2475 1530 2512 P.

140 2531 315 2567 Servilius
335 2531 520 2568 Isauricus.
638 2532 697 2576 72)
721 2532 818 2568 Plin.
836 2532 881 2568 H.
899 2531 947 2567 N.
968 2531 1028 2566 IX.
1048 2532 1102 2568 54.
1138 2532 1340 2568 Columella
1360 2531 1459 2567 VIII.
1480 2532 1531 2566 16.

139 2586 306 2623 Macrob.
331 2588 410 2622 Sat.
436 2587 481 2624 11.
515 2600 550 2634 p.
576 2587 655 2625 389.
682 2589 721 2623 Ζ.
758 2589 818 2624 ubi
849 2588 904 2624 bis
937 2589 1069 2624 vitiose
1093 2586 1245 2625 Lucilia·
1280 2600 1348 2635 pro
1373 2587 1534 2624 Luculli

139 2646 285 2681 nomine
319 2645 457 2691 legitur.
576 2645 636 2691 73)
672 2646 745 2683 Cic.
770 2645 875 2683 Brut.
902 2646 967 2690 47,
996 2645 1071 2683 173.
1116 2645 1177 2690 50,
1208 2646 1283 2683 186.
1325 2644 1370 2680 de
1395 2642 1460 2682 Or.
1487 2643 1529 2679 11.

138 2701 200 2745 78,
226 2701 304 2739 316.
343 2701 403 2737 111.
430 2702 467 2746 1,
492 2703 523 2738 4.
