1835 3126
247 222 366 267 132
462 215 659 261 BREVIS
687 215 1082 270 ELOQUENTIAE
1112 217 1247 262 ROM.
1277 218 1421 261 HIST.

247 333 348 373 dicto
388 342 506 383 saepe
542 331 665 369 minus
696 336 912 383 opportune
942 337 1115 372 uteretur
1137 329 1223 384 (53).
1279 332 1508 376 Valetudine
1543 331 1640 373 ado-

245 400 395 439 lescens
425 410 502 437 non
532 398 709 448 integra,
749 397 816 437 sed
844 399 946 437 iusto
980 398 1119 439 labore
1147 401 1327 452 vitaeque
1358 412 1502 451 genere
1530 399 1639 450 frugi

247 470 283 505 et
322 465 454 504 sobrio
495 464 663 504 refectus
702 476 787 503 esse
826 463 965 503 dicitur
994 462 1075 514 (5⁴).
1135 466 1304 518 Stirpem
1342 479 1420 506 non
1457 467 1638 519 reliquit3

246 537 351 572 certe
387 531 503 570 aedes
541 531 624 570 eius
662 531 702 570 in
731 530 886 570 Palatio
927 531 976 570 ad
1006 533 1258 572 Octavianum
1292 534 1509 584 Augustum
1545 545 1639 586 per-

245 603 431 639 venerunt
462 603 498 637 et
530 598 580 637 ab
614 609 660 637 eo
691 598 891 637 habitatae
923 604 1009 637 sunt
1029 597 1110 648 (⁵⁵).

360 665 522 705 Calvum
556 669 710 716 poetam
746 669 873 703 aetate
910 676 982 703 sua
1018 677 1096 704 non
1126 671 1403 718 contemptum,
1444 671 1639 705 oratorem

245 737 372 771 autem
401 733 502 770 inter
529 742 617 779 eos,
649 731 715 782 qui
744 731 955 770 siccitatem
984 732 1093 770 illam
1115 733 1282 771 Att1cam
1312 737 1638 780 consectarentur,

244 799 362 851 plane
402 798 581 836 eximium
618 797 739 836 fuisse
771 804 934 838 constat.
992 798 1041 838 Et
1073 799 1300 840 Ciceronem
1332 798 1484 851 quidem
1518 798 1638 850 paulo

242 866 413 916 iniquius
445 864 491 903 de
522 876 567 903 eo
598 864 773 903 iudicare
802 877 879 904 non
901 866 1103 914 miramur,
1136 867 1169 913 si
1197 866 1349 918 quidem
1374 865 1535 906 Calvum
1563 876 1640 904 non

245 933 479 971 abstinuisse
509 931 698 980 ridemus,
741 944 816 983 quo
848 933 970 971 minus
1000 933 1248 972 iniustissime
1278 933 1325 972 de
1352 932 1528 985 principe
1557 932 1639 971 Ro-

244 1011 445 1038 manorum
471 1003 670 1037 oratorum
702 999 960 1048 existimaret,
995 999 1099 1051 quod
1128 1000 1282 1051 plenior
1314 1004 1350 1038 et
1377 998 1640 1038 vehementior

245 1070 283 1104 et
322 1066 564 1104 numerosior
604 1076 690 1103 esse
727 1066 925 1113 voluerat,
973 1078 1088 1117 quam
1129 1066 1195 1117 qui
1238 1071 1326 1104 ante
1363 1076 1447 1103 eum
1482 1064 1639 1104 fuerant

245 1131 492 1182 eloquentiae
513 1130 630 1169 laude
654 1130 752 1170 clari
772 1129 855 1182 (56).
899 1133 1052 1172 Peritus
1079 1133 1178 1171 enim
1200 1137 1236 1171 et
1258 1131 1479 1172 moderatus
1501 1131 1639 1171 harum

243 1210 374 1238 rerum
404 1197 521 1236 iudex
544 1197 695 1237 Seneca
723 1198 884 1249 longam
916 1204 952 1238 et
979 1199 1259 1250 iniquissimam
1288 1199 1394 1238 litem
1425 1197 1472 1237 de
1492 1198 1637 1250 princi-

242 1270 338 1318 patu
369 1265 615 1316 eloquentiae
649 1276 732 1303 cum
764 1265 952 1305 Cicerone
984 1266 1145 1306 Calvum
1174 1266 1358 1305 habuisse
1387 1265 1533 1304 iudicat
1554 1262 1637 1316 (5⁷).

243 1331 325 1372 Sed
355 1332 426 1370 etsi
456 1331 636 1371 Ciceroni
667 1331 897 1371 credendum
931 1337 988 1371 est
1013 1333 1176 1373 Calvum
1209 1344 1331 1382 genus
1363 1331 1515 1371 dicendi
1543 1332 1640 1371 ube-

242 1398 325 1437 rius
355 1402 391 1436 et
413 1399 673 1437 vehementius
699 1404 735 1437 et
759 1400 1000 1438 numerosius
1027 1411 1074 1438 ea
1095 1400 1260 1438 maxime
1285 1398 1332 1437 (le
1359 1410 1478 1437 causa
1502 1410 1639 1450 asper—

241 1468 374 1502 natum
405 1475 507 1512 esse,
539 1464 644 1515 quod
672 1470 836 1503 naturae
865 1466 959 1505 vitio
992 1466 1149 1516 assequi
1177 1477 1253 1504 non
1284 1470 1435 1516 posset,
1467 1469 1524 1512 et,
1555 1476 1639 1503 cum

240 1531 353 1570 nimis
383 1531 423 1569 in
446 1542 488 1569 se
515 1530 730 1582 inquireret
758 1536 794 1570 et
820 1543 977 1570 suorum
1002 1532 1209 1571 verborum
1241 1531 1354 1582 quasi
1384 1530 1640 1571 calumniator

241 1598 327 1650 ipse
371 1598 594 1646 exsisteret,
641 1598 756 1637 etiam
794 1610 948 1647 earum,
995 1610 1095 1650 quae
1133 1603 1261 1646 erant,
1310 1598 1449 1638 virium
1489 1603 1640 1650 partem

240 1664 484 1717 perdidisse:
529 1671 657 1704 tamen
699 1666 739 1705 in
780 1671 893 1718 parte
938 1665 1183 1717 eloquentiae
1227 1665 1380 1704 minime
1422 1670 1639 1717 contempta

243 1743 408 1770 summus
439 1731 512 1771 fuit
551 1737 587 1772 et
618 1733 666 1772 ab
702 1733 876 1772 omnibus
908 1733 1153 1781 auctoribus,
1193 1733 1227 1771 si
1267 1732 1315 1770 ab
1345 1733 1452 1784 Apro
1488 1732 1638 1784 dialogi

243 1797 290 1837 de
313 1799 535 1837 oratoribus
565 1810 736 1850 persona
766 1799 1013 1847 discesseris,
1044 1800 1190 1838 meritis
1212 1799 1393 1838 laudibus
1425 1799 1638 1840 extollitur.

241 1864 314 1904 Ille
346 1877 440 1903 sane
471 1865 634 1905 Galbam
664 1871 700 1904 et
732 1864 949 1905 Carbonem
982 1865 1163 1905 horridos
1201 1867 1430 1917 antiquitate
1463 1871 1499 1905 et
1522 1866 1638 1906 rudes

243 1931 423 1983 exempla
465 1931 514 1971 ad
555 1932 779 1971 imitandum
823 1933 858 1971 ei
900 1933 1104 1984 proposita
1148 1932 1271 1971 fuisse
1313 1932 1422 1980 dicit,
1467 1933 1636 1983 iniquius

240 1998 437 2047 iudicans,
468 2004 509 2038 ut
534 1999 674 2038 accidit
704 1999 742 2037 in
767 2003 970 2050 utramque
994 2004 1145 2050 partem
1167 1999 1449 2051 disputantibus
1467 1996 1547 2049 (5⁸).
1587 1999 1637 2039 Et

240 2065 391 2105 Plinius
419 2066 572 2117 quidem
596 2078 643 2104 ea
665 2070 909 2105 consecutum
934 2065 1043 2113 dicit,
1074 2077 1175 2116 quae
1197 2067 1332 2117 pauci,
1365 2077 1462 2116 quos
1488 2077 1636 2117 aequus

241 2132 431 2171 amaverit
459 2132 605 2184 Iupiter
620 2130 704 2183 (59).
749 2132 901 2171 Seneca
931 2143 1014 2170 cum
1039 2132 1202 2170 actionis
1231 2132 1308 2172 rim
1338 2132 1519 2171 laudibus
1545 2133 1635 2181 fert,

242 2209 320 2250 qua
348 2198 493 2250 impetu
523 2198 677 2238 dicendi
706 2198 831 2237 elatus
861 2209 984 2249 usque
1014 2196 1065 2236 ad
1087 2197 1336 2237 adversarios
1366 2204 1636 2239 transcurrere

242 2270 278 2304 et
303 2265 491 2304 subsellia
519 2265 687 2305 iudicum
716 2265 905 2305 excedere
929 2265 1081 2305 solebat
1098 2261 1188 2315 (⁶⁰),
1217 2269 1295 2304 tum
1319 2266 1636 2317 compositionem

241 2331 292 2370 ad
320 2332 589 2372 Demosthenis
620 2333 836 2385 exemplum
863 2344 1039 2374 severam
1068 2337 1106 2371 et
1136 2331 1386 2381 concitatam3
1416 2333 1457 2372 in
1488 2345 1565 2385 qua
1590 2345 1635 2373 re

334 2472 392 2516 53)
422 2473 548 2508 Catuli.
569 2475 681 2520 epigr.
699 2475 753 2508 54.
787 2474 831 2510 cf.
853 2472 960 2509 Ovid.
982 2473 1088 2508 Trist.
1108 2474 1150 2510 ΙΙ.
1172 2475 1250 2511 431.
1301 2474 1407 2520 Apud
1430 2474 1525 2508 hunc
1550 2474 1633 2518 quid

242 2535 336 2563 esset
357 2532 524 2574 emissuus
550 2531 680 2575 primus
700 2531 872 2576 explicuit
888 2530 1050 2574 Scaliger
1076 2531 1121 2565 ad
1142 2531 1329 2567 Catullum.
1450 2531 1508 2574 54)
1535 2531 1632 2567 Plin.

242 2584 287 2618 H.
302 2584 349 2620 N.
367 2586 532 2621 XXXIV.
549 2587 601 2622 18.
718 2588 778 2631 55)
803 2588 903 2622 Suet.
919 2584 1047 2621 octav.
1063 2587 1116 2621 72.
1234 2589 1293 2632 56)
1321 2588 1417 2622 Diat,
1443 2587 1487 2621 de
1510 2598 1562 2621 or.
1580 2587 1630 2621 18.

244 2639 317 2675 Cic.
338 2641 411 2677 Att.
439 2642 535 2677 MV.
561 2643 615 2677 20.
648 2643 729 2679 XV.
759 2644 786 2678 l.
810 2643 865 2677 21.
899 2643 944 2677 de
964 2648 1037 2688 opt.
1059 2643 1092 2678 9.
1120 2655 1173 2679 or.
1192 2646 1224 2678 4.
1341 2644 1400 2687 57)
1427 2643 1513 2678 Sen.
1536 2643 1630 2677 Con-

243 2702 336 2732 trov.
363 2696 421 2731 111.
452 2698 503 2734 19.
531 2710 565 2744 p.
591 2700 658 2733 ‘232
682 2699 767 2745 Bip.
885 2699 946 2744 58)
979 2699 1126 2737 Quintil.
1149 2699 1174 2734 Ι.
1199 2701 1236 2742 6,
1263 2702 1317 2737 42.
1441 2699 1499 2742 59)
1531 2698 1626 2733 Ptin.

242 2751 337 2798 Epp.
363 2752 388 2790 1.
414 2754 447 2789 2.
563 2755 624 2799 60)
653 2757 793 2792 Seneca
816 2758 839 2794 l.
865 2769 894 2794 c.
933 2756 977 2793 cf.
1002 2756 1149 2796 Quintil.
1174 2756 1235 2792 xl.
1262 2757 1303 2800 3,
1330 2756 1406 2792 133.
