1835 3126
490 137 745 182 BRUTUS
785 136 904 180 CAP.
935 138 1001 182 77.
1033 137 1100 182 78.
1359 137 1490 184 285

107 255 263 305 omnia,
290 264 395 308 quae
419 250 626 294 clarorum
648 250 830 293 virorum
861 256 1019 300 essent,
1048 263 1131 292 non
1154 248 1359 291 dubitaret
1383 251 1492 292 asci-

106 345 222 376 scere
266 344 397 386 eaque
442 331 552 372 omni
597 329 795 383 dignitate
841 328 1055 371 obtineret.
1112 327 1162 369 L.
1207 333 1341 369 autem
1383 325 1492 369 Len-

104 410 212 453 tulus
242 410 344 451 satis
376 414 465 451 erat
494 408 611 450 sortis
644 415 806 458 orator,
847 409 882 449 si
913 407 1034 449 modo
1065 411 1226 448 orator:
1269 405 1343 446 sed
1375 407 1492 459 cogi-

103 487 217 530 tandi
242 501 325 529 11011
355 486 516 529 serebat
545 486 754 537 laborem3
782 498 863 528 vox
888 497 1045 527 canora
1066 483 1196 526 verba
1217 496 1300 525 nou
1321 482 1493 525 horrida

103 579 227 616 sane,
266 572 307 607 ut
342 566 466 622 plena
502 571 613 607 esset
643 566 767 606 animi
800 571 839 606 et
870 564 1038 605 terroris
1070 563 1226 604 oratio:
1268 573 1492 617 quaereres

105 645 148 685 in
182 644 349 686 iudiciis
384 644 564 686 fortasse
595 642 762 692 melius,
797 643 839 683 111
868 655 912 684 re
941 641 1109 698 publica
1141 640 1250 696 quod
1279 646 1367 681 erat
1396 651 1492 681 esse

103 722 313 764 iudicares
339 723 454 764 satis.
497 722 594 763 269.
624 719 685 763 Ne
713 720 762 761 T.
789 720 951 776 quidem
972 719 1206 762 Postumius
1231 725 1493 760 contemnen-

106 800 182 841 dus
213 802 255 842 in
286 800 482 850 dicendo,
521 800 571 841 de
601 812 646 840 re
675 797 844 854 publica
868 810 968 839 vero
993 810 1076 838 11011
1105 797 1238 837 minus
1270 795 1493 836 vehemens

106 884 247 920 orator
276 891 399 934 quam
433 877 614 919 bellator
648 875 742 917 suit:
783 874 1005 916 effrenatus
1039 878 1079 914 et
1110 885 1209 914 acer
1237 873 1379 921 nimis,
1418 871 1494 913 sed

102 955 210 998 bene
247 957 348 997 iuris
376 954 532 1010 publici
568 952 687 1007 leges
719 958 839 1007 atque
869 952 1055 993 instituta
1082 955 1347 1004 cognoverat.
1404 947 1495 991 Hoc

105 1033 200 1075 loco
236 1033 423 1081 Atticus,
457 1030 650 1072 Putarem
689 1036 749 1081 te,
794 1032 945 1085 inquit,
984 1028 1248 1071 ambitiosum
1287 1040 1404 1077 esse,
1444 1027 1493 1077 si,

105 1116 148 1153 ut
183 1110 341 1160 dixisti,
385 1110 448 1159 ei,
486 1122 589 1164 quos
626 1111 710 1151 iam
747 1108 816 1151 diu
857 1107 1047 1162 colligis,
1085 1108 1282 1149 viverent.
1350 1104 1494 1148 Omnis

107 1189 216 1231 enim
246 1201 564 1238 commemoras,
598 1190 667 1244 qui
699 1188 790 1229 ausi
815 1186 1039 1242 aliquando
1072 1191 1164 1227 sunt
1185 1190 1342 1226 stantes
1366 1183 1494 1240 loqui,

103 1272 146 1309 ut
174 1266 273 1309 mihi
305 1267 539 1322 imprudens
571 1265 631 1308 M.
664 1264 887 1307 Servilium
915 1265 1168 1320 praeterisse
1199 1262 1382 1305 videare.

215 1343 444 1386 LXXVIII.
471 1344 566 1387 270.
596 1343 707 1395 Non,
734 1345 922 1399 inquam,
952 1355 1031 1397 ego
1055 1343 1161 1384 istuc
1183 1342 1351 1395 ignoro,
1374 1339 1496 1382 Pom-

103 1424 224 1479 poni,
260 1422 409 1464 multos
445 1421 590 1472 fuisse,
620 1423 689 1477 qui
727 1421 897 1464 verbum
928 1432 1136 1475 nunquam
1164 1420 1208 1460 in
1235 1418 1398 1474 publico
1434 1418 1498 1460 fe-

104 1504 272 1551 cissent,
304 1514 425 1556 quom
448 1500 596 1542 melius
620 1500 831 1555 aliquanto
852 1504 1022 1555 possent
1046 1510 1169 1553 quam
1197 1497 1266 1538 isti
1293 1502 1495 1547 oratores,

105 1592 209 1635 quos
239 1579 418 1633 colligo,
450 1579 610 1621 dicere:
642 1578 717 1620 sed
746 1578 811 1619 his
842 1575 1214 1620 commemorandis
1240 1575 1364 1617 etiam
1392 1574 1497 1617 illud

107 1670 332 1713 assequor,
368 1663 410 1699 ut
446 1656 701 1712 intellegatis
738 1657 912 1712 primum
947 1667 998 1696 ex
1036 1655 1146 1696 omni
1174 1666 1344 1695 numero
1374 1665 1497 1707 quam

106 1748 190 1777 non
219 1735 335 1777 multi
359 1736 450 1777 ausi
476 1736 556 1777 sint
580 1735 742 1785 dicere,
774 1732 921 1775 deinde
943 1745 994 1774 ex
1022 1733 1075 1773 iis
1105 1732 1208 1787 ipsis
1232 1743 1354 1786 quam
1374 1730 1497 1785 pauci

107 1813 258 1856 fuerint
291 1813 415 1855 laude
447 1812 574 1867 digni.
632 1812 729 1854 271.
766 1809 909 1866 Itaque
950 1823 1002 1852 ne
1033 1804 1110 1851 hos
1141 1809 1306 1865 quidem
1337 1809 1497 1864 equites

108 1958 160 2002 ll,
178 1959 232 1994 44.
254 1964 290 1993 et
307 1958 437 1993 dudum
455 1957 628 1992 annotavi
645 1962 729 1992 ante
749 1955 946 1999 Orellium3
971 1957 1066 1992 addo
1087 1960 1276 1991 terrorem
1294 1953 1497 1989 verborum

105 2027 141 2061 p.
160 2015 265 2050 Font.
285 2015 337 2050 ll.
357 2014 518 2049 similiter
535 2014 614 2049 dici.
649 2012 745 2049 Olim
768 2014 878 2058 plene
902 2013 1188 2058 distinguebatur
1213 2016 1296 2057 post
1314 2010 1495 2045 laborem.

197 2081 274 2117 269.
326 2093 418 2116 acer
434 2082 569 2124 nimis]
595 2082 714 2115 nimis
738 2091 805 2113 om.
828 2079 884 2113 ed.
901 2091 954 2124 pr.
995 2090 1042 2113 ar
1061 2081 1182 2113 nimis
1202 2078 1267 2112 Gu.
1289 2077 1318 2111 I.
1353 2079 1498 2112 acerri-

108 2150 194 2173 mus
215 2138 282 2184 Lg.
299 2149 434 2172 omnes.
452 2156 499 2163 ——
524 2139 615 2179 iam}
627 2136 711 2179 diu]
737 2136 789 2169 sic
808 2136 968 2176 divisim,
984 2140 1022 2168 ut
1043 2134 1255 2179 oportebat,
1272 2133 1337 2179 Lg.
1351 2139 1498 2178 praeter

106 2194 160 2228 20.
185 2194 241 2229 35.
268 2213 309 2218 —-
352 2194 493 2236 omnis]
526 2193 579 2226 sic
608 2191 674 2237 Lg.
705 2197 852 2236 praeter
880 2190 955 2233 20„
987 2191 1072 2225 item
1104 2190 1197 2225 Ven.
1227 2190 1256 2225 l.
1293 2189 1347 2224 ed.
1373 2201 1427 2235 pr.
1450 2208 1496 2216 —-

102 2251 362 2297 praeterisse]
386 2251 454 2291 sic,
472 2260 544 2283 non
559 2250 838 2295 praeteriisse,
864 2247 931 2293 Lg.
948 2258 1093 2289 omnes,
1113 2247 1204 2281 Ven.
1222 2246 1252 2281 l.
1280 2244 1356 2282 Ott.
1384 2246 1449 2282 Gu.
1467 2246 1497 2281 l.

200 2316 401 2352 LXXVIII.
452 2317 529 2352 270.
580 2316 711 2361 quom]
744 2315 795 2350 sic
826 2314 991 2349 distincte
1022 2313 1088 2359 Lg.
1111 2313 1144 2349 8.
1179 2313 1234 2348 35.
1264 2313 1318 2349 51.
1352 2314 1407 2349 56.
1442 2312 1497 2347 58.

107 2375 164 2411 68.
189 2375 243 2410 70.
279 2374 370 2408 Ven.
398 2373 428 2407 l.
478 2375 572 2419 quin
602 2373 657 2408 20.
707 2383 825 2417 quum
856 2370 912 2406 39.
941 2390 988 2397 —-
1026 2374 1071 2405 ut
1095 2370 1348 2417 intelleqatisj
1385 2375 1423 2404 et
1454 2374 1498 2404 uc

109 2435 177 2468 int.
203 2431 268 2467 ed.
294 2442 347 2476 pr.
395 2430 472 2465 Per
505 2442 525 2464 e
555 2429 621 2476 Lg.
646 2429 679 2464 S.
712 2428 766 2463 20.
792 2428 845 2462 51.
884 2425 960 2462 Ott.
985 2446 1031 2454 —
1068 2429 1120 2463 iis
1151 2428 1263 2474 ipsis]
1299 2426 1362 2463 his
1398 2429 1497 2473 ipsis

109 2487 176 2534 Lg.
201 2488 255 2522 58.
290 2487 347 2521 ed.
372 2498 426 2532 pr.
476 2489 575 2533 ipsis
602 2497 670 2521 om.
697 2485 764 2521 Gu.
792 2484 822 2519 l.

200 2555 277 2589 271.
325 2566 372 2589 ne
396 2553 467 2589 1103
491 2554 663 2600 quidem]
688 2563 765 2588 non
789 2551 859 2587 hos
886 2551 943 2586 ed.
965 2561 1018 2596 pr.
1067 2549 1227 2584 Verbum
1252 2549 1310 2583 hic
1336 2549 1438 2584 deest
1462 2555 1498 2584 et

108 2611 312 2647 addendum
337 2611 408 2646 tale
433 2611 622 2657 quiddam:
643 2608 961 2659 praetereundos
986 2606 1169 2642 arbitror.
1218 2605 1288 2641 Cur
1312 2606 1370 2640 hic
1392 2607 1498 2652 plura

108 2668 287 2704 excidisse
311 2666 553 2715 Bernhardyo
579 2667 770 2705 videantur
801 2665 944 2711 assequi
976 2676 1020 2699 ex
1044 2664 1156 2710 ipsius
1182 2663 1398 2708 argumentis
1423 2673 1496 2698 non
