1835 3126
360 238 557 283 BREVIS
588 236 982 290 ELOQUENTIAE
1012 236 1147 282 ROM.
1175 236 1318 280 HIST.
1467 236 1538 280 15

153 359 219 395 aut
260 366 390 395 omnes
435 359 501 393 aut
528 353 718 406 plurimos
749 353 1011 403 grammaticis
1043 358 1080 392 et
1108 351 1351 405 philosophis
1379 349 1539 391 Graecis

149 421 303 462 dedisse
333 432 504 474 operam.
549 419 628 460 Sed
658 419 814 472 impulsi
849 424 952 459 certe
978 420 1170 460 hominum
1197 419 1314 459 animi
1343 421 1471 466 erant,
1501 421 1542 455 ut

151 489 384 541 inspicerent
426 487 518 540 quid
556 498 652 537 gens
689 487 1004 537 ingeniosissima
1038 487 1192 539 pulchri
1228 491 1265 526 et
1301 484 1454 525 honesti
1491 481 1542 522 ad

149 555 370 595 discendum
412 555 696 605 excogitasset:
738 554 802 605 qui
842 559 882 593 ut
912 553 1032 593 semel
1067 559 1209 594 motum
1238 552 1347 592 illum
1377 561 1541 602 accepe-

148 628 257 670 rant,
287 622 421 674 plures
451 621 640 674 paulatim
671 625 708 660 et
738 621 870 673 plures
901 621 1115 661 imitatores
1144 622 1385 672 repererunt.
1443 616 1542 656 Hinc

148 690 264 728 etiam
313 690 579 728 severissimus
623 688 824 740 peregrini
871 688 989 727 moris
1036 688 1249 728 insectator
1288 685 1408 732 Cato,
1459 695 1544 722 cum

150 756 260 795 annis
309 768 384 795 non
429 768 523 796 sane
560 756 687 795 multis
732 760 820 794 ante
861 755 1037 805 graviter
1072 754 1333 805 vituperasset
1371 751 1542 790 Graecos

150 835 235 863 cum
280 822 522 862 auditoribus
568 823 672 869 suis,
715 832 835 860 senex
873 821 958 870 ipse
999 819 1190 859 Graecum
1228 828 1443 856 sermonem
1481 815 1540 854 di-

149 890 241 928 dicit
267 886 351 938 (55).
410 888 653 927 Nobilissimi
689 886 802 925 huius
835 884 1006 936 exempli
1038 883 1298 924 aemulatores
1332 883 1375 924 P.
1406 881 1540 933 Scipio

147 960 183 993 et
218 951 262 993 (ἲ.
293 953 454 994 Laelius
483 953 650 1005 Sapiens
680 951 858 993 videntur
887 951 1021 991 fuisse.

779 1061 813 1115 ς.
848 1064 910 1103 11.

604 1138 829 1173 Incrementa
856 1138 1097 1183 eloquentiae.

258 1221 383 1263 Paulo
414 1226 503 1274 post
531 1221 806 1272 grammaticos
838 1226 875 1261 ct
902 1220 1159 1274 philosophos
1191 1219 1307 1259 etiam
1332 1217 1540 1270 eloquendi

148 1290 327 1330 doctores
366 1290 405 1328 in
440 1289 536 1328 urbe
576 1288 698 1328 auditi
737 1296 835 1330 sunt.
894 1291 964 1330 His
995 1287 1164 1340 quodam
1192 1286 1305 1326 modo
1335 1285 1540 1338 praeluse-

147 1364 234 1397 rant
271 1356 594 1410 philosophorum
629 1357 827 1397 Critolaus
859 1363 896 1398 et
926 1353 1170 1402 Carneades,
1208 1365 1372 1405 quorum
1411 1356 1541 1391 sectae

147 1430 231 1464 erat
273 1435 321 1463 ne
361 1423 513 1462 dicendi
553 1423 707 1475 quidem
746 1424 961 1465 doctrinam
1002 1436 1026 1462 a
1063 1420 1281 1473 sapientiae
1319 1419 1540 1472 praeceptis

147 1492 315 1530 alienam
357 1495 509 1542 putare.
579 1490 621 1530 C.
668 1491 883 1531 Gracchum
923 1490 1130 1543 plurimum
1178 1486 1396 1538 profecisse
1434 1484 1540 1524 credi

146 1570 220 1610 par
261 1562 318 1596 est
359 1569 408 1596 ex
445 1556 622 1595 doctrina
658 1553 877 1609 Diophanis
906 1555 1140 1608 Mytilenaei
1177 1558 1214 1592 et
1242 1552 1418 1593 Menelai
1448 1551 1540 1592 Ma-

147 1624 317 1670 ratheni‚
358 1636 382 1662 a
422 1634 497 1675 quo
535 1622 718 1662 didicisse
747 1624 918 1663 Fannius
959 1621 1095 1662 consul
1131 1621 1171 1659 in
1207 1620 1332 1659 nobili
1362 1619 1541 1659 oratione

147 1691 196 1731 de
231 1690 348 1730 sociis
392 1695 429 1729 et
464 1691 617 1730 nomine
646 1691 788 1730 Latino
825 1691 861 1729 ei
901 1695 1085 1741 tanquam
1116 1688 1261 1727 crimen
1291 1686 1435 1725 obiecit
1455 1681 1537 1737 (5⁷).

148 1757 227 1799 Sed
265 1758 385 1808 longe
420 1762 523 1796 certe
560 1757 737 1809 pluribus
773 1756 897 1796 modis
940 1754 1165 1808 eloquentia
1202 1757 1319 1792 aucta
1347 1758 1405 1792 est
1432 1764 1541 1793 more

148 1825 314 1865 civitatis
355 1828 500 1863 mutato
547 1828 585 1862 et
623 1822 829 1864 discordiis
868 1822 1047 1863 civilibus
1088 1826 1124 1861 et
1163 1819 1399 1860 factionibus
1438 1820 1540 1873 opti-

145 1891 301 1931 matium
339 1896 375 1930 et
410 1890 660 1942 popularium
689 1891 790 1931 inter
819 1902 860 1930 se
893 1889 940 1930 de
969 1901 1117 1929 summa
1144 1898 1189 1927 re
1217 1887 1377 1940 publica
1405 1886 1541 1927 decer-

144 1959 326 2006 tantium,
366 1970 481 2010 quam
511 1957 689 1997 doctrina
719 1970 822 1998 nova
852 1963 889 1997 et
919 1956 1138 1998 adventicia
1156 1951 1226 2006 (5⁵)
1257 1958 1323 1994 aut
1353 1953 1540 2007 exemplis

148 2027 386 2067 Graecorum
425 2025 632 2064 imitandis.
699 2021 799 2065 Eam
839 2025 873 2064 si
909 2030 1014 2064 recte
1052 2024 1191 2064 Cicero
1229 2022 1391 2062 dixisset
1428 2021 1539 2074 pacis

146 2094 321 2133 comitem
358 2098 395 2132 et
423 2093 521 2132 bene
551 2093 845 2133 constitutarum
870 2092 1067 2133 civitatum
1098 2090 1311 2138 alumnam,
1353 2089 1540 2142 Spartani

146 2166 250 2201 certe
280 2172 474 2212 nunquam
505 2160 575 2199 otii
600 2159 802 2200 domestici
828 2164 1026 2212 compotes
1050 2158 1193 2205 fuisse,
1220 2157 1386 2196 Romani
1412 2161 1540 2195 autem

149 2240 195 2267 eo
228 2233 402 2279 tempore
433 2226 714 2278 deplorandam
742 2232 904 2278 propter
930 2226 1062 2276 legum
1085 2223 1277 2263 defectum
1305 2234 1386 2261 rem
1409 2222 1539 2274 puhli-

147 2306 230 2333 cam
260 2294 445 2333 hahuisse
472 2292 715 2341 viderentur,
756 2304 832 2344 quo
872 2297 1045 2344 tempore
1078 2290 1181 2330 omni
1208 2290 1390 2329 virtutum
1419 2288 1538 2328 laude

144 2362 369 2401 floruerunt.
428 2359 499 2399 Est
528 2360 627 2399 enim
658 2359 776 2412 plane
806 2364 962 2407 contra,
1000 2369 1045 2398 ac
1078 2356 1317 2410 persuadere
1348 2357 1453 2408 cupit
1479 2356 1540 2397 vir

146 2428 495 2481 eloquentissimus.
554 2427 598 2467 In
634 2427 790 2467 civitate
827 2425 1045 2478 tranquilla
1084 2429 1121 2464 et
1156 2425 1256 2464 bene
1284 2429 1459 2472 morata,
1498 2424 1538 2462 in

149 2508 227 2548 qua
258 2496 369 2547 leges
412 2499 579 2546 regnant
617 2500 655 2535 et
691 2506 773 2535 mos
814 2493 993 2546 publicus
1019 2492 1173 2544 legibus
1203 2491 1417 2544 potentior,
1460 2502 1535 2531 non

239 2660 299 2704 56)
324 2660 396 2699 cic.
418 2660 494 2697 cat.
511 2660 565 2696 Μ.
588 2661 618 2705 ι,
637 2662 670 2697 3.
696 2661 807 2695 Acad.
825 2659 868 2695 11.
888 2660 923 2703 2,
940 2659 972 2694 5.
1089 2659 1147 2702 57)
1173 2656 1361 2693 ciam-nt.
1382 2655 1533 2698 26‚1oo.

145 2717 216 2807 ἷξε
217 2717 300 2808 ¹104(i
418 2717 476 2762 58)
503 2718 564 2754 Sic
583 2729 660 2754 eam
676 2724 785 2754 vocat
804 2718 848 2753 de
870 2714 935 2754 Or.
955 2715 1017 2751 ΙΙΙ.
1036 2715 1091 2758 33,
1116 2715 1192 2751 135.
1210 2714 1253 2750 cf.
1280 2712 1384 2749 Brut.
1406 2711 1457 2747 18.
1478 2723 1531 2757 pr.
