1835 3126
255 201 371 246 216
774 196 1131 243 CICERONIS.

368 304 566 349 XXXVI.
606 306 700 349 136.
739 307 846 350 Tum
884 311 1008 352 etiam
1039 309 1084 352 C.
1115 318 1155 353 et
1182 309 1231 353 L.
1259 310 1445 354 Memmii
1484 311 1646 354 fuerunt

256 393 445 429 oratores
477 384 710 427 mediocres
746 392 1015 429 accusatores
1046 400 1166 429 acres
1201 395 1320 444 atque
1354 390 1507 432 acerbi.
1566 392 1645 432 ita-

256 478 334 520 que
374 466 417 505 in
446 463 642 505 iudicium
672 465 819 520 capitis
848 464 998 506 multos
1026 472 1298 516 vocaverunt,
1336 480 1409 521 pro
1439 470 1523 510 reis
1561 482 1645 511 non

256 556 384 598 saepe
417 542 617 583 dixerunt.
679 540 749 598 Sp.
782 541 962 584 Thorius
995 542 1098 584 satis
1127 541 1258 584 valuit
1287 543 1329 583 in
1355 544 1542 598 populari
1571 559 1646 600 ge·-

254 633 354 662 nere
380 619 562 669 dicendi,
594 620 631 661 is
655 621 723 675 qui
749 632 893 674 agrum
914 619 1122 675 publicum
1145 621 1298 662 vitiosa.
1327 626 1366 661 et
1393 621 1526 661 inutili
1550 622 1645 676 lege

254 698 452 753 vectigali
482 698 648 740 levavit.
709 697 768 739 M.
799 697 1030 740 Marcellus
1062 698 1286 740 Aesernini
1316 704 1434 753 pater
1463 711 1545 739 non
1575 698 1647 740 ille

256 777 420 833 quidem
450 778 492 818 in
516 777 725 833 patronis,
760 776 835 818 sed
868 783 908 819 et
936 777 979 818 in
1008 777 1203 833 promptis
1232 782 1370 818 tamen
1405 782 1443 817 et
1473 789 1556 818 non
1586 777 1651 817 in-

256 856 493 898 exercitatis
537 856 590 898 ad
630 855 845 898 dicendum
878 855 971 906 suit,
1013 861 1055 897 ut
1087 854 1196 897 filius
1237 855 1326 896 eius
1356 852 1400 895 P.
1435 852 1648 896 Lentulus.

256 933 354 976 137.
392 932 440 975 L.
473 934 597 975 etiam
629 931 749 976 Cotta
784 935 1017 990 praetorius
1057 935 1100 975 in
1136 933 1404 975 mediocrium
1441 939 1650 974 oratorum

256 1025 426 1054 numero
467 1011 631 1054 dicendi
670 1025 753 1054 non
791 1014 850 1053 ita
888 1011 1054 1053 multum
1092 1011 1216 1053 laude
1247 1017 1532 1066 processerat,
1574 1009 1649 1052 sed

258 1090 308 1131 de
339 1090 544 1131 industria
577 1103 665 1131 cum
696 1090 836 1132 verbis
872 1097 953 1132 tum
985 1092 1109 1132 etiam
1140 1091 1230 1145 ipso
1264 1102 1365 1131 sono
1401 1089 1520 1143 quasi
1552 1088 1650 1130 sub-

254 1168 410 1209 rustico
444 1166 770 1222 persequebatur
801 1174 922 1222 atque
953 1168 1190 1209 imitabatur
1222 1168 1516 1221 antiquitatem.
1574 1167 1650 1209 At-

256 1258 334 1301 que
367 1258 445 1299 ego
476 1251 515 1286 et
546 1246 587 1286 in
613 1244 691 1287 hoc
717 1247 807 1300 ipso
833 1243 953 1286 Cotta
982 1246 1093 1286 erin
1116 1244 1210 1286 aliis
1236 1243 1421 1299 pluribus
1450 1244 1649 1299 intellego

255 1337 320 1365 me
365 1337 448 1364 non
489 1324 547 1364 ita
590 1322 768 1364 disertos
806 1322 995 1365 homines
1041 1329 1080 1364 ct
1115 1322 1325 1364 rettulisse
1369 1323 1412 1363 in
1443 1329 1652 1364 oratorum

253 1414 467 1443 numerum
513 1408 552 1442 et
593 1400 828 1442 relaturum.
891 1407 953 1442 est
998 1402 1106 1442 enim
1151 1400 1404 1456 propositum
1450 1400 1650 1454 colligere

256 1492 350 1529 eos,
395 1481 463 1535 qui
497 1478 577 1521 hoc
611 1492 778 1521 munere
821 1480 863 1520 in
895 1480 1058 1521 civitate
1098 1479 1226 1521 functi
1256 1479 1356 1527 sint,
1398 1484 1438 1519 ut
1467 1484 1652 1521 tenerent

254 1565 464 1600 oratorum
495 1557 652 1600 locum:
695 1570 866 1612 quorum
898 1557 1061 1612 quidem
1092 1570 1197 1612 quae
1234 1556 1356 1598 suerit
1387 1558 1580 1598 ascensio
1612 1563 1651 1598 et

256 1649 378 1690 quam
414 1637 456 1678 in
491 1635 679 1679 omnihus
714 1635 839 1677 rebus
880 1635 1063 1678 difficilis
1101 1636 1251 1691 optumi
1290 1634 1490 1690 perfectio
1529 1642 1650 1688 atque

258 1713 465 1756 absolutio
491 1727 541 1755 ex
565 1728 628 1764 eo,
657 1714 764 1769 quod
787 1714 935 1764 dicam,
960 1715 1200 1756 existumari
1224 1719 1370 1769 potest.
1402 1711 1496 1754 138.
1519 1712 1652 1764 Quam

256 1791 372 1834 multi
410 1794 518 1832 enim
559 1793 640 1833 iam
674 1799 862 1834 oratores
896 1794 1204 1834 commemorati
1239 1798 1330 1833 sunt
1362 1797 1399 1833 et
1430 1804 1551 1847 quam
1583 1791 1652 1834 diu

260 1871 303 1916 in
335 1883 476 1914 eorum
517 1870 825 1918 enumeratione
855 1882 1088 1921 versamur,
1128 1883 1217 1913 cum
1253 1876 1391 1912 tamen
1425 1870 1560 1925 spisse
1591 1876 1652 1912 at-

346 2026 403 2053 137.
436 2025 689 2061 persequebatur]
710 2028 951 2061 prosequebatur.

348 2137 517 2173 XXXVI.
569 2137 644 2172 136.
698 2136 736 2173 C.
764 2142 800 2172 ec
825 2136 869 2172 L.
900 2136 1102 2180 Memmii]
1141 2141 1179 2171 et
1197 2136 1281 2171 om.
1311 2136 1417 2171 codd.
1450 2138 1520 2172 mei
1543 2139 1649 2191 pleri-

258 2205 339 2240 que.
357 2214 403 2219 —
423 2206 497 2241 pro
515 2195 611 2237 reis]
628 2205 704 2240 pro
727 2196 783 2227 eis
801 2193 867 2239 Lg.
887 2194 941 2228 58.
957 2214 1003 2219 —
1028 2205 1106 2228 non
1126 2195 1258 2240 saepe]
1278 2205 1355 2228 non
1378 2205 1445 2228 om.
1468 2195 1521 2228 ed.
1539 2206 1592 2240 pr.
1608 2216 1649 2221 ——

260 2251 442 2295 Thorius]
471 2251 552 2285 libri
572 2252 640 2284 mei
667 2262 790 2284 omnes
815 2251 891 2283 sine
909 2249 944 2285 h.
965 2270 1010 2275 —
1036 2251 1234 2296 vectiqalz‘]
1262 2251 1451 2297 vectiqale
1477 2251 1558 2285 libri
1581 2249 1651 2285 rhei

259 2319 401 2350 omnes,
431 2307 485 2342 ed.
511 2319 565 2352 pr.
616 2308 757 2341 levavit
781 2307 969 2352 veetissale
996 2306 1062 2353 Lg.
1089 2307 1142 2341 50.

352 2374 426 2409 137.
477 2378 599 2409 etiam
628 2374 757 2418 Cotta]
793 2376 915 2407 etiam
947 2385 1016 2407 om.
1043 2374 1110 2408 Gu.
1139 2376 1166 2409 l.
1191 2395 1237 2399 -—
1275 2375 1376 2421 ipso]
1406 2386 1474 2409 om.
1503 2375 1556 2408 ed.
1584 2387 1651 2419 pr.,

256 2431 420 2476 agnoscit
446 2443 523 2465 cum
544 2432 642 2465 libris
669 2431 911 2469 Quintilianus
936 2430 999 2464 Xl.
1025 2431 1063 2472 3,
1093 2432 1143 2465 10.
1164 2451 1208 2455 ——
1237 2431 1563 2478 persequebatur]
1601 2432 1652 2465 sic

258 2487 379 2521 collati
407 2487 487 2521 libri
520 2494 665 2532 practer
696 2488 763 2522 (1'1-1.
790 2489 839 2530 l.,
876 2488 958 2520 item
985 2487 1038 2521 ed.
1068 2499 1142 2532 pr.;
1176 2489 1369 2522 Ascensius
1395 2491 1426 2521 sa
1450 2487 1538 2521 Ern.
1560 2499 1652 2534 pro·

257 2543 501 2589 sequebatur.
539 2543 849 2589 subsequebatur
874 2543 940 2578 Gu.
964 2545 993 2579 l.
1013 2563 1059 2569 —-
1097 2545 1291 2590 intelloqo]
1318 2544 1383 2589 Lg.
1402 2544 1433 2578 8.
1452 2544 1507 2578 20.
1525 2544 1578 2578 39.
1596 2544 1650 2578 51.

259 2599 383 2635 ottob.
402 2620 449 2628 ·——
472 2602 548 2645 me]
575 2613 643 2636 om.
672 2601 764 2635 Ven.
785 2600 817 2635 2.
837 2619 882 2625 —-
907 2600 1120 2644 rettulisse]
1146 2602 1198 2637 sic
1216 2601 1282 2647 Lg.
1303 2601 1357 2635 51.
1377 2601 1431 2635 50.
1463 2598 1588 2637 Ottob.
1605 2619 1648 2624 -

260 2658 456 2701 ascensio]
485 2661 662 2693 cas-sensio
691 2657 758 2691 Gn.
787 2659 816 2699 l.
854 2658 941 2692 Par.
966 2657 1014 2691 D.

354 2724 429 2763 138,
478 2726 788 2769 enumeratione]
823 2726 1095 2761 numeratione
1131 2722 1196 2769 Lg.
1230 2722 1286 2760 39.
1320 2741 1365 2751 ι·-
1408 2721 1648 2769 Hyperiden]
