1835 3126
542 152 798 199 BRUTUS
839 154 958 199 CAP.
988 155 1056 200 42.
1087 157 1156 201 43.
1416 157 1545 204 225

157 275 338 312 nostrum
374 266 621 323 pontificium
665 281 748 324 qua
791 281 842 310 ex
879 275 994 324 parte
1036 282 1126 311 cum
1167 269 1255 311 iure
1295 268 1406 312 civili
1445 283 1545 312 con-

155 348 332 388 iunctum
360 352 471 387 esset
498 345 650 387 vellem
680 359 958 401 cognoscere3
991 353 1029 389 et
1052 360 1159 389 nunc
1189 360 1322 389 meum
1348 347 1545 390 iudicium

156 423 280 464 multo
320 425 454 478 magis
500 424 693 466 confirmo
731 426 967 467 testimonio
1009 432 1048 468 et
1089 425 1242 467 iudicio
1284 431 1376 475 tu03
1422 424 1545 467 simul

154 501 257 542 illud
286 502 469 556 gaudeo,
499 502 606 557 quod
635 509 674 544 et
706 503 939 559 aequalitas
963 510 1103 546 vestra
1134 510 1172 546 et
1196 516 1319 559 pares
1343 502 1544 545 honorum

154 579 309 633 gradus
356 587 394 622 et
436 581 580 622 artium
628 581 934 637 studiorumque
977 583 1097 637 quasi
1142 581 1313 623 finitima
1348 582 1544 624 vicinitas

151 663 305 699 tantum
329 658 447 700 abest
478 658 529 700 ah
556 659 854 702 obtrectatione
885 666 924 701 et
952 660 1130 710 invidia,
1163 672 1267 714 quae
1292 659 1397 701 solet
1427 659 1544 702 lace-

152 748 246 777 rare
277 736 519 792 plerosque,
559 744 601 779 ut
631 751 684 779 ea
712 751 796 780 non
825 737 945 780 modo
976 751 1060 780 non
1090 737 1332 779 exulcerare
1361 744 1544 780 vestram

152 815 351 868 gratiam,
391 815 466 856 sed
507 816 629 856 etiam
669 815 896 857 conciliare
932 815 1133 856 videatur.
1199 814 1313 867 quali
1355 816 1464 854 enim
1503 821 1542 857 te

153 903 256 945 erga
285 891 400 932 illum
424 893 651 946 perspicio,
681 891 755 931 tali
786 890 901 931 illum
930 893 973 931 in
999 897 1038 932 tc
1067 889 1277 932 voluntate
1307 890 1543 945 iudicioque

152 969 342 1022 cognovi.
402 967 496 1009 157.
528 966 669 1022 Itaque
702 967 825 1009 doleo
854 974 894 1009 et
923 967 1037 1009 illius
1065 967 1243 1009 consilio
1271 973 1312 1008 et
1340 974 1411 1009 tua
1437 981 1542 1010 voce

148 1045 336 1101 populum
360 1044 589 1086 Romanum
621 1058 765 1087 carere
796 1051 880 1087 tam
911 1045 1000 1087 diu:
1033 1044 1142 1100 quod
1172 1058 1262 1087 cum
1293 1058 1368 1101 per
1390 1059 1435 1088 se
1468 1046 1542 1089 do-

148 1122 314 1164 lendum
355 1128 417 1164 est
451 1129 534 1164 tum
564 1123 689 1166 multo
721 1125 856 1178 magis
894 1123 1197 1174 consideranti,
1239 1124 1291 1166 ad
1324 1137 1428 1180 quos
1458 1125 1542 1167 ista

147 1214 230 1243 non
258 1199 463 1242 translata
484 1202 584 1251 sint,
616 1201 691 1243 sed
716 1203 861 1245 nescio
895 1216 974 1258 quo
999 1209 1120 1258 pacto
1152 1202 1404 1244 devenerint.
1463 1201 1543 1244 Hic

147 1277 330 1329 Atticus,
375 1277 593 1329 Dixeram,
635 1281 785 1335 inquit,
825 1293 851 1322 a
888 1281 1113 1336 principio,
1154 1279 1204 1321 de
1244 1279 1461 1335 republica
1499 1285 1543 1322 ut

148 1355 387 1398 sileremus:
429 1358 567 1412 itaque
606 1357 825 1400 faciamus.
883 1371 980 1400 nam
1017 1360 1052 1399 si
1083 1360 1164 1400 isto
1202 1358 1323 1400 modo
1351 1358 1540 1400 volumus

147 1434 337 1489 singulas
367 1448 435 1477 res
468 1435 730 1486 desiderare,
761 1449 845 1478 non
878 1436 1000 1479 modo
1032 1435 1250 1492 querendi,
1290 1435 1366 1478 sed
1393 1448 1446 1477 ne
1476 1435 1541 1478 lu-

146 1512 271 1567 gendi
303 1512 467 1568 quidem
497 1512 616 1556 finem
646 1516 913 1570 reperiemus.

261 1588 410 1633 XLIII.
449 1591 543 1633 158.
584 1591 812 1646 Pergamus
843 1604 965 1647 ergo,
998 1592 1186 1647 inquam,
1225 1591 1280 1633 ad
1307 1591 1471 1647 reliqua
1501 1596 1542 1633 et

146 1668 370 1710 institutum
404 1670 590 1712 ordinem
618 1683 927 1726 persequamur.
975 1668 1540 1736 „Ifaratufirjgitssr‚Veniebat

148 1744 327 1789 Crassus
352 1747 670 1803 exspectabatur
691 1748 955 1799 audiebatur3
982 1760 1008 1789 a
1028 1747 1230 1803 principio
1254 1748 1403 1796 statim,
1431 1734 1541 1801 quod

146 1816 247 1867 erat
274 1824 380 1881 apud
418 1839 510 1867 eum
550 1813 713 1882 semper
752 1832 1010 1878 accuratum,
1049 1825 1358 1881 exspectatione
1389 1823 1539 1879 dIgnus

233 1957 292 1985 156.
329 1961 355 1985 et
374 1957 506 1993 invidia]
527 1958 710 1993 invidiaque.

237 2059 312 2094 156.
362 2064 400 2094 et
428 2061 562 2104 antea]
590 2063 712 2094 etiam
737 2063 856 2093 antea
883 2060 1028 2094 correxi
1053 2061 1156 2102 olim3
1194 2060 1278 2102 sed,
1306 2059 1336 2093 si
1363 2063 1461 2093 recte
1487 2058 1539 2092 di-

143 2116 333 2158 stinxeris,
354 2117 422 2150 sibi
440 2117 663 2161 respondent
681 2121 717 2150 et
736 2120 854 2150 antea
871 2135 917 2140 —-
934 2121 971 2150 el
994 2127 1096 2150 nunc
1115 2127 1243 2150 meum
1261 2115 1454 2150 iudicium
1473 2117 1538 2147 διε.

145 2171 190 2208 V.
218 2171 382 2217 Madvig.
410 2172 584 2207 Emendd.
611 2172 636 2206 1.
673 2184 707 2217 p.
737 2171 812 2205 170.
837 2190 883 2195 —
918 2175 957 2204 et
981 2172 1147 2215 invidia]
1181 2172 1236 2205 sic
1259 2171 1364 2205 codd.
1393 2175 1540 2215 praeter

144 2227 210 2273 Lg.
235 2227 308 2268 20.;
342 2228 372 2261 is
399 2228 644 2272 invidiaque,
678 2232 713 2260 ut
739 2227 794 2261 ed.
821 2238 876 2272 pr.
925 2225 1022 2262 Olim
1047 2232 1131 2261 ante
1155 2226 1242 2262 Ern.
1273 2226 1459 2272 legebatur
1484 2228 1540 2260 in·

143 2284 284 2319 vidiae.
309 2304 349 2308 —
374 2287 416 2317 ut
440 2284 502 2326 ea]
529 2283 633 2318 codd.
661 2286 693 2317 &
718 2283 797 2318 edd.
823 2294 877 2329 pr.
902 2288 945 2317 ut
970 2286 1010 2318 in
1032 2294 1098 2323 ea,
1124 2283 1232 2329 vulgo
1257 2285 1318 2317 uti
1339 2293 1397 2317 ea.

239 2340 316 2373 157.
365 2339 578 2383 translata]
606 2340 755 2374 tralata
775 2339 837 2385 Lg.
853 2339 886 2374 8.
907 2339 962 2373 39.
981 2339 1035 2374 51.
1056 2339 1112 2373 58.
1133 2359 1173 2365 --
1203 2339 1441 2382 devenerint]
1467 2348 1538 2372 om.

145 2396 213 2432 Gu.
240 2397 271 2431 l.
296 2415 343 2422 ——-
378 2396 582 2441 querendi]
617 2396 703 2431 ΕΠ).
736 2407 781 2431 ex
810 2395 867 2430 ed.
893 2406 966 2442 pr.‚
1003 2401 1038 2429 et
1064 2395 1117 2429 sic
1140 2394 1206 2441 Lg.
1233 2395 1289 2430 39.
1318 2394 1373 2430 53.
1399 2394 1455 2429 56.
1480 2394 1539 2428 58.

144 2452 200 2487 68.
226 2453 280 2487 70.
317 2450 392 2487 Ott.
427 2451 521 2487 Ven.
542 2452 575 2487 2.
625 2452 701 2487 Sed
726 2452 818 2487 Ven.
844 2453 872 2487 l.
901 2463 979 2485 cum
1002 2451 1082 2487 rell.
1107 2450 1172 2498 Lg.
1198 2450 1435 2498 quaerendi,
1462 2451 1538 2496 pla-

145 2509 251 2542 citum
272 2508 516 2554 Heusingero,
539 2508 605 2543 sed
623 2509 766 2543 minime
792 2514 914 2554 aptum
938 2508 1035 2553 quod
1062 2507 1186 2544 luctui
1210 2514 1426 2554 opponatur.
1471 2506 1538 2540 Est

145 2565 238 2598 enim
267 2576 456 2609 quaerere
480 2566 502 2600 i.
529 2577 559 2600 e.
587 2576 666 2599 cum
690 2565 820 2600 dolore
845 2565 1057 2600 desiderare
1080 2564 1189 2610 ipsius
1213 2565 1387 2611 lugentis3
1425 2563 1537 2608 queri

143 2625 281 2662 autem,
315 2621 413 2665 quod
441 2620 484 2655 fit
516 2633 608 2656 voce
641 2627 678 2657 et
708 2621 852 2665 verbis,
885 2634 908 2658 a
934 2621 1059 2662 luctu,
1095 2621 1155 2666 qui
1184 2621 1312 2656 tacitus
1342 2619 1473 2656 insidet
1499 2617 1537 2652 in

144 2679 283 2720 animo,
310 2683 410 2713 recte
432 2677 664 2723 distinguitur.

1203 2744 1256 2785 15
