1835 3126
334 261 417 304 AD
451 260 562 303 cm.
594 259 864 305 BRUTUM
897 263 1105 306 (1AP.95.
1130 264 1196 307 96.
1222 265 1288 308 97.
1377 267 1502 312 433

115 374 275 414 accedat
308 374 420 413 huius
456 375 645 414 sententia
687 375 757 416 IX.
787 378 835 426 4,
866 379 911 417 9:
954 390 1069 427 quare
1112 379 1201 416 mtht
1242 382 1505 430 compositione

112 441 210 479 velut
240 443 398 478 amentis
428 442 647 491 quibasdam
664 446 843 482 *nervisve
866 444 1009 482 intendi
1037 450 1070 481 et
1100 448 1281 484 concitant
1301 450 1503 485 sententiae

110 507 292 544 ementur.

224 574 318 613 327.
378 573 570 622 florentem
592 574 786 623 facultate]
820 575 962 627 qllippe
988 576 1153 622 (licendi,
1186 589 1262 629 quo
1294 578 1500 618 subaudito

109 639 266 680 Ernesti
295 641 465 692 suspicio
496 640 704 680 evanescit.
764 641 846 681 Cic.
874 654 912 694 p.
942 642 1120 692 Quinctio
1151 646 1197 693 2,
1225 646 1270 685 4:
1301 648 1503 683 Hortensio

109 720 295 744 summam
320 709 464 756 coptam
485 706 777 757 facultatemque
793 708 936 746 ‹ltcentlt
951 715 1090 747 natura
1106 711 1246 760 largita
1259 717 1325 750 est.
1370 712 1503 764 Supra

110 785 143 812 c.
172 774 249 821 88,
281 774 381 812 303:
423 778 505 810 erat
539 775 578 810 in
606 774 801 812 verborum
836 776 1031 825 splendore
1059 777 1207 826 elegans
1239 782 1502 828 compositione

109 844 220 889 aptas
247 839 430 886 facultate
460 842 642 890 copiosus.

216 904 355 947 XCVI.
414 906 508 946 328,
566 920 635 956 pro
672 908 871 957 Messalla]
912 908 1076 947 ambitus
1120 921 1184 948 res
1223 922 1258 948 a.
1295 912 1397 958 7033
1438 911 1498 950 his

107 971 207 1010 enim
240 972 459 1024 postulatus
497 977 572 1021 est,
615 978 703 1012 ante
734 974 995 1021 consulatum,
1037 987 1149 1025 quem
1180 976 1304 1024 gessit
1337 988 1373 1014 a.
1405 979 1500 1026 702,

106 1043 144 1078 et
172 1050 256 1078 cum
286 1040 517 1090 magistratu
547 1039 724 1078 abiisset:
754 1052 791 1080 v.
821 1041 953 1079 Luzac
983 1039 1030 1078 de
1059 1040 1268 1080 Hortensio
1297 1053 1336 1093 p.
1366 1042 1434 1082 87.

218 1119 242 1143 α
260 1106 411 1154 Crasso]
436 1106 605 1156 quinque
630 1110 667 1144 et
683 1104 945 1157 quadraginta
971 1118 1093 1146 annos
1109 1107 1340 1147 Hortensius
1365 1113 1500 1149 orator

103 1170 255 1219 floruit,
289 1172 338 1210 ab
364 1183 400 1210 a.
425 1172 507 1212 659
526 1171 575 1211 ad
598 1173 700 1220 7043
733 1172 870 1212 Cicero
900 1174 1064 1224 triginta
1086 1174 1135 1212 ab
1160 1186 1195 1223 a.
1222 1176 1303 1214 673
1327 1175 1378 1214 ad
1403 1178 1498 1225 703,

104 1249 217 1289 quem
254 1239 335 1289 egit
377 1239 417 1278 in
456 1238 615 1287 Cilicia3
663 1239 800 1278 deinde
845 1252 928 1279 cum
967 1239 1216 1279 defendendis
1255 1241 1422 1292 Ligario
1462 1248 1500 1282 et

103 1305 291 1345 Deiotaro
322 1316 364 1344 se
400 1306 440 1344 in
469 1317 622 1344 cursum
651 1311 876 1346 revocasset
906 1319 941 1345 a.
975 1308 1079 1354 708,
1124 1308 1264 1347 mansit
1297 1309 1338 1347 in
1368 1320 1414 1349 eo
1447 1309 1497 1349 ad

105 1384 140 1410 a.
175 1374 278 1411 711:
312 1377 399 1411 sunt
422 1373 544 1423 igitur
573 1373 663 1411 anni
697 1373 860 1423 triginta
887 1373 972 1413 fere
1001 1379 1037 1413 et
1066 1379 1246 1425 quatuor.

216 1440 310 1478 330.
367 1439 478 1477 orbae
504 1463 554 1467 —
580 1440 734 1489 tutores]
764 1440 864 1479 hunc
889 1440 1016 1480 locum
1040 1442 1222 1482 tractavit
1242 1442 1284 1482 P.
1300 1441 1496 1483 Victorius

102 1504 217 1545 Varr.
246 1505 370 1545 Lectt.
399 1505 502 1547 XIV.
537 1508 602 1546 11.

215 1578 425 1610 amatorum
456 1573 607 1623 impetu]
649 1573 798 1612 frustra
828 1573 918 1613 olim
951 1578 1111 1612 armatis
1140 1576 1406 1627 patrocinatus
1440 1581 1498 1616 est

101 1639 335 1688 Wetzelius;
373 1639 502 1679 locum
541 1652 625 1680 cum
659 1640 910 1680 dissimilibus
947 1642 1226 1682 contenderunt
1261 1644 1417 1696 Lipsius
1455 1644 1496 1682 in

101 1707 196 1747 Tac.
227 1709 325 1748 Ann.
348 1707 412 1749 VI.
438 1709 476 1747 3.
507 1713 543 1747 et
572 1708 694 1747 Kritz.
724 1709 764 1746 in
791 1708 890 1748 Sall.
923 1708 1039 1748 Catil.
1068 1722 1105 1761 p.
1132 1712 1227 1750 217.
1284 1711 1496 1761 „Egregia

100 1774 240 1826 figura,
266 1787 367 1827 quae
394 1787 465 1814 sua
489 1780 626 1827 sponte
641 1787 795 1815 versum
809 1776 1083 1828 Aristophanis
1099 1777 1172 1828 Eq.
1191 1776 1289 1817 520:
1316 1776 1495 1818 πολλῶν

97 1838 181 1895 γὰρ
200 1837 316 1882 πάνυ
340 1837 648 1895 πειρασάντων
672 1836 838 1893 ὀλίγοις
865 1837 998 1896 αὐτὴν
1018 1841 1318 1896 χαρίσασθαι,
1346 1847 1384 1882 et
1409 1854 1494 1881 sce-

98 1921 187 1947 nam
210 1909 373 1959 Pytinae
400 1909 608 1948 Gratineae
636 1909 675 1947 in
700 1909 925 1947 memoriam
948 1914 1126 1956 revocat,
1158 1921 1352 1961 quamque
1374 1914 1496 1948 totam

100 1975 274 2027 depinxit
303 1976 471 2027 scriptor
496 1975 786 2027 epigrammatis
810 1974 914 2027 apud
936 1974 1163 2016 Suetonium
1188 1975 1234 2015 de
1255 1976 1312 2014 ill.
1337 1987 1398 2026 gr.
1427 1977 1491 2015 18.

99 2042 238 2083 Cicero
263 2041 372 2081 finxit
389 2042 650 2093 eloquentiam
665 2047 849 2094 tanquam
863 2043 1054 2092 virginem
1069 2047 1215 2081 castam
1233 2047 1269 2081 et
1285 2042 1495 2092 diligenter

98 2109 351 2157 custoditam,
394 2109 420 2148 i.
453 2120 485 2148 e.
526 2104 859 2149 κατάκλειστονε
898 2108 944 2148 de
976 2121 1052 2160 quo
1093 2121 1129 2149 v.
1159 2109 1311 2148 Iacohs.
1349 2110 1490 2162 Opusc.

95 2176 174 2217 vol.
202 2176 266 2216 IV.
297 2188 336 2226 p.
368 2175 496 2214 30l.“
557 2174 790 2221 Bernhardy.

206 2241 363 2283 XCVII.
423 2242 517 2280 331.
575 2253 641 2290 per
683 2241 827 2278 medias
865 2240 1008 2290 laudes]
1051 2241 1260 2281 formulam
1303 2241 1490 2294 exemplis

96 2310 266 2349 astruxit
286 2309 552 2358 Heusingerus
582 2308 622 2346 in
647 2306 720 2347 Off.
742 2308 772 2347 Ι.
802 2309 874 2356 19,
900 2308 964 2348 15.
1023 2309 1186 2360 Sumpta
1217 2314 1274 2349 est
1302 2321 1327 2348 a
1355 2310 1490 2348 trium—

94 2376 294 2429 phantium
338 2374 577 2422 honorihus3
622 2386 698 2426 quo
742 2375 912 2427 pertinet
949 2375 1063 2414 etiam
1100 2376 1211 2415 locus
1252 2376 1490 2416 Horatianus

96 2456 120 2482 a
149 2441 404 2493 Bernhardyo
435 2442 644 2480 arcessitus
674 2442 714 2481 in
742 2442 999 2482 testimonium
1028 2443 1152 2484 Serm.
1182 2443 1212 2482 Ι.
1246 2444 1290 2491 6,
1322 2445 1395 2482 23:
1425 2444 1490 2481 sect

94 2511 257 2560 fulgente
284 2510 401 2548 trahit
430 2512 605 2546 astrictos
632 2510 756 2559 gloria
784 2522 908 2547 curra.
973 2510 1110 2548 Vellere
1141 2522 1171 2549 s.
1199 2511 1331 2562 potius
1356 2511 1490 2548 vehens

93 2577 342 2630 participium
383 2569 625 2630 οὐδετέρως
663 2576 803 2616 dictum
830 2576 1006 2628 pluribus
1035 2576 1235 2616 firmarunt
1263 2577 1322 2616 De
1351 2577 1488 2616 Monte

94 2645 134 2683 in
148 2645 264 2684 Latio
288 2645 464 2683 restituto
489 2643 651 2684 v01.111.
674 2655 712 2695 p.
734 2645 866 2692 1408„
894 2644 1110 2684 Gronovius
1136 2644 1175 2682 in
1195 2645 1279 2684 Liv.
1297 2644 1345 2683 II.
1369 2646 1431 2691 19,
1448 2645 1485 2682 7.

95 2716 132 2751 et
160 2711 326 2752 Wolfius
363 2712 404 2751 in
434 2711 541 2753 Suet.
573 2709 686 2751 Caes.
716 2712 803 2759 37„
842 2711 908 2763 qui
946 2715 1147 2764 comparat
1189 2717 1359 2760 yestan83
1397 2709 1488 2749 addi
1522 2757 1534 2766 .

93 2783 249 2829 poterat
290 2780 459 2825 volvens,
506 2778 552 2818 de
592 2790 667 2830 quo
703 2791 738 2818 v.
781 2777 1027 2829 Scaligerum
1067 2779 1106 2817 in
1145 2778 1288 2817 Lucilii
1324 2780 1487 2818 Aetnam

1153 2852 1208 2894 28
