1835 3126
537 134 799 180 BRUTUS
840 135 959 180 GAP.
988 136 1055 181 49.
1089 138 1156 181 50.
1415 140 1546 185 239

160 248 313 292 cende:
350 253 392 290 ut
421 247 619 290 doceatur
648 250 707 299 is,
744 249 851 305 apud
882 262 1002 305 quem
1032 250 1208 301 dicetur,
1238 255 1280 293 ut
1308 250 1547 304 delectetur,

160 334 200 369 ut
227 332 440 368 moveatur
467 325 762 369 vehementius.
824 328 983 379 Quibus
1012 328 1229 371 virtutibus
1263 332 1442 372 oratoris
1472 330 1548 373 ho-

157 417 245 447 rum
287 404 464 460 quidque
496 405 700 448 efficiatur
742 413 810 449 aut
847 407 994 463 quibus
1026 409 1138 450 vitiis
1175 413 1316 449 orator
1356 415 1424 450 aut
1463 422 1547 451 non

157 489 404 537 assequatur
430 482 535 526 haec
567 490 635 526 aut
663 486 787 527 etiam
817 487 859 526 in
889 485 954 527 his
983 486 1149 526 labatur
1179 492 1218 526 et
1247 485 1370 527 cadat
1399 488 1549 529 artifex

156 560 309 616 aliquis
347 561 558 604 iudicabit.
617 563 820 605 efficiatur
857 570 990 605 autem
1028 562 1080 604 ab
1112 569 1277 605 oratore
1312 577 1464 615 necne,
1505 571 1549 607 ut

156 640 215 688 ei,
247 641 315 694 qui
347 640 534 689 audiunt,
574 641 632 682 ita
663 640 916 691 afficiantur,
946 648 988 682 ut
1018 648 1158 683 orator
1182 641 1302 691 velit,
1332 643 1446 697 volgi
1478 656 1549 686 as-

155 730 282 759 sensu
326 724 366 759 et
406 717 596 774 populari
641 718 936 776 approbatione
981 719 1158 760 iudicari
1203 720 1322 762 solet.
1404 720 1547 777 Itaque

155 808 362 850 nunquam
392 796 442 837 de
468 796 578 838 hono
610 806 774 839 oratore
806 802 874 838 aut
902 808 985 838 non
1012 795 1122 838 bono
1153 796 1285 838 doctis
1312 797 1548 841 hominibus

155 886 245 914 cum
272 873 422 929 populo
456 873 664 915 dissensio
697 873 783 915 fuit.

266 949 315 992 L.
356 950 451 992 186.
487 950 555 991 An
591 963 761 1000 censes,
805 950 901 992 dum
931 950 995 992 illi
1031 951 1271 1005 viguerunt,
1313 965 1415 1007 quos
1453 959 1547 996 ante

154 1028 258 1077 dixi,
289 1040 371 1069 non
402 1027 572 1070 eosdem
600 1028 756 1082 gradus
785 1035 993 1071 oratorum
1016 1028 1132 1084 vulgi
1160 1029 1314 1072 iudicio
1345 1037 1385 1072 et
1407 1032 1549 1074 docto-

152 1119 239 1147 rum
271 1105 432 1148 suisset
480 1104 542 1148 De
573 1106 724 1163 populo
754 1108 792 1149 si
822 1121 942 1163 quem
971 1108 1031 1150 ita
1055 1109 1321 1162 rogavisses:
1353 1108 1455 1159 Quis
1485 1117 1549 1152 est

152 1184 195 1225 in
223 1183 303 1226 hae
328 1185 492 1227 civitate
519 1184 923 1241 eloquentissumusze
953 1188 996 1228 in
1016 1186 1199 1228 Antonio
1227 1192 1266 1228 et
1291 1186 1446 1229 Crasso
1479 1193 1547 1229 aut

154 1261 358 1304 dubitaret
397 1270 466 1305 aut
502 1262 609 1306 hunc
653 1264 784 1315 alius,
826 1264 944 1306 illum
987 1264 1095 1306 alius
1136 1264 1303 1306 diceret.
1362 1263 1548 1309 Nemone

152 1337 404 1395 Philippum,
437 1348 521 1383 tam
560 1356 729 1383 suavem
760 1349 985 1392 oratorem,
1026 1349 1109 1384 tam
1139 1355 1329 1396 gravem,
1369 1349 1453 1384 tam
1483 1343 1548 1385 fa-¹

154 1424 287 1459 cetum
322 1416 388 1459 his
429 1419 675 1469 anteferret,
715 1433 835 1474 quem
873 1426 1034 1462 nosmet
1073 1421 1176 1475 ipsi,
1218 1422 1288 1475 qui
1324 1419 1430 1463 haec
1460 1428 1547 1463 arte

154 1495 298 1550 aliqua
317 1496 506 1539 volumus
533 1497 782 1553 expendere,
812 1511 1051 1554 proxumum
1073 1497 1160 1540 illis
1186 1498 1315 1540 fuisse
1344 1499 1548 1543 diximus?

153 1571 284 1616 Nemo
315 1574 515 1631 profecto.
574 1576 617 1618 id
647 1578 756 1618 enim
786 1578 918 1633 ipsum
952 1583 1016 1619 est
1046 1577 1193 1618 summi
1223 1578 1402 1619 oratoris
1438 1591 1549 1619 sum-

153 1665 262 1694 mum
300 1660 507 1695 oratorem
544 1654 694 1710 populo
724 1654 870 1696 videri.
930 1654 1025 1696 187.
1069 1653 1207 1704 Quare
1243 1654 1398 1696 tibicen
1426 1655 1549 1697 Anti-

154 1730 330 1784 genidas
361 1730 509 1772 dixerit
541 1731 744 1787 discipulo
775 1745 876 1773 sane
908 1732 1076 1786 frigenti
1107 1731 1160 1773 ad
1186 1732 1399 1787 populum,
1436 1734 1548 1778 Mihi

155 1821 254 1851 eane
287 1815 324 1851 ec
353 1809 490 1853 Musis
502 1822 514 1857 ;
561 1821 640 1862 ego
680 1808 776 1851 huie
807 1808 936 1851 Bruto
972 1809 1146 1860 dicenti,
1186 1816 1229 1851 ut
1267 1810 1397 1861 solet,
1440 1811 1548 1867 apud

152 1885 466 1936 multitudinem,
503 1886 614 1930 Mihi
649 1900 750 1931 cane
783 1895 820 1931 et
848 1888 1030 1942 populo,
1068 1889 1127 1930 mi
1154 1887 1310 1937 Brute,
1349 1889 1546 1933 dixerim:

238 2042 296 2068 185.
332 2041 474 2076 audiunt]
493 2042 622 2069 audiant.

244 2152 320 2186 185.
368 2163 470 2197 quae
494 2153 588 2195 sint]
614 2163 712 2196 quae
730 2156 823 2187 sunt
845 2153 913 2187 Gu.
934 2153 964 2188 1.
998 2153 1084 2190 Par.
1105 2153 1152 2190 D.
1201 2154 1445 2189 potentialem
1473 2166 1546 2190 mo·

154 2209 236 2243 dum
254 2219 335 2242 esse
358 2208 647 2253 intelligendum:
673 2206 695 2241 ἃ
714 2222 764 2246 τις
783 2205 829 2243 ἂν
846 2207 1052 2256 ἐργάσαιτο.
1070 2231 1116 2237 -
1147 2210 1302 2255 horum]
1329 2223 1397 2246 om.
1423 2211 1490 2257 Lg.
1509 2212 1544 2247 8.

152 2265 206 2299 39.
226 2263 280 2298 51.
304 2264 360 2298 56.
379 2283 425 2289 —
449 2263 632 2309 quidque]
658 2267 870 2309 quiequam
895 2265 949 2300 ed.
974 2278 1028 2311 pr.
1052 2287 1093 2292 —
1122 2269 1174 2308 ii,
1200 2270 1268 2312 qni
1293 2268 1476 2312 audiunt]
1504 2268 1546 2302 1ιί

152 2323 221 2367 qui
244 2320 337 2355 aud.
364 2320 419 2355 ed.
440 2331 493 2365 pr.
527 2319 591 2366 Lg.
618 2325 764 2366 praeter
787 2320 841 2356 20.
860 2321 915 2357 35.
941 2323 996 2357 53.
1017 2323 1072 2357 56.
1090 2341 1136 2348 -
1163 2324 1334 2358 audiant
1356 2323 1544 2366 Ernestus,

152 2384 189 2412 et
212 2379 264 2412 sic.
280 2376 346 2422 Lg.
371 2377 425 2412 20.
455 2375 538 2411 Vat.
555 2396 601 2402 --
636 2376 754 2422 volqz]
779 2378 905 2423 scripsi
928 2380 1122 2413 secundum
1147 2379 1213 2426 Lg.
1237 2385 1384 2425 praeter
1400 2381 1455 2416 20.
1475 2382 1544 2425 56„

151 2435 235 2469 item
261 2434 352 2468 Ven.
381 2434 412 2468 l.
449 2431 523 2468 Ott.
550 2451 596 2459 ·-—
630 2433 821 2478 iudicari]
847 2435 1036 2470 inclinari
1060 2435 1127 2471 Gu.
1149 2438 1178 2472 l.

242 2489 286 2526 L.
338 2489 413 2526 186.
461 2489 581 2536 volqz']
611 2490 664 2524 sic
689 2490 823 2534 eidem,
851 2492 909 2535 qui
934 2492 965 2537 ἕ.
987 2492 1063 2527 185.
1084 2512 1131 2518 —-
1166 2492 1267 2527 hune
1291 2492 1412 2536 alius]
1440 2492 1543 2528 hunc

151 2545 296 2592 aliquis
330 2546 398 2581 Gn.
424 2547 455 2582 l.
491 2545 576 2582 Par.
601 2546 649 2582 D.
673 2565 718 2572 —
750 2549 926 2592 nemone]
957 2560 1071 2584 nemo
1100 2553 1146 2584 ut
1177 2549 1259 2584 Pal.
1305 2560 1469 2584 nemone
1498 2553 1542 2585 ut

150 2604 243 2638 coni.
269 2602 355 2639 Ern.

245 2659 321 2696 187.
369 2658 514 2698 tibicen
530 2659 805 2707 Antiqenidas]
832 2661 907 2698 tibi
928 2664 1060 2699 cenati
1081 2651 1326 2719 anjqenidas
1350 2661 1419 2698 Gu.
1445 2663 1476 2700 1.
1494 2681 1541 2689 ——
