1835 3126
305 154 392 199 86
516 149 713 193 BREVIS
744 147 1137 202 ELOQUENTIAE
1170 149 1303 194 ROM.
1335 149 1478 193 HIST.

305 265 384 307 Sed
428 264 662 303 tribunatum
706 267 795 303 ante
830 264 1111 316 prosectionem
1154 266 1248 304 satis
1294 265 1462 317 quietum
1502 271 1692 316 gesserat,

306 337 510 384 postquam
550 330 670 369 semel
706 343 730 369 a
763 335 847 370 tota
884 332 1061 370 contione
1098 332 1257 372 relictus
1288 338 1357 373 est.
1416 332 1509 372 Cum
1546 334 1694 374 victore

307 398 422 438 Sulla
450 398 490 436 in
519 396 674 436 Italiam
703 408 884 437 reversus
915 397 1115 437 aedilitate
1145 400 1288 438 omissa
1318 405 1541 452 praeturam
1572 401 1695 451 gessit

308 477 345 504 a.
370 465 449 504 673
481 464 723 503 consulatum
753 476 838 504 cum
869 464 939 505 Cn.
972 465 1133 505 Octavio
1163 478 1199 505 a.
1226 467 1325 514 678,
1357 479 1457 506 anno
1488 473 1576 506 ante
1604 468 1695 507 Cot-

306 537 400 578 tam,
440 531 590 570 duobus
625 536 714 583 post
744 531 789 580 Q.
822 531 998 572 Catulum
1031 532 1077 581 Q.
1105 532 1172 580 F.;
1207 533 1292 584 ipse
1327 545 1481 585 quoque
1520 546 1568 574 ex
1602 535 1696 582 illis,

308 599 374 649 qui
412 598 495 636 sine
532 609 688 637 munere
725 610 855 638 omnes
894 600 1062 638 honores
1101 610 1187 638 sese
1225 599 1386 650 adeptos
1422 612 1507 640 esse
1544 602 1697 652 gloria-

306 666 447 705 bantur
462 662 547 716 (3⁴).
591 665 653 705 Ex
682 666 885 705 consulatu
909 666 1170 706 Macedoniae
1199 677 1270 717 per
1298 666 1503 705 triennium
1526 668 1699 719 praefuit

305 733 490 784 belloque
535 744 619 772 cum
654 733 851 772 Dardanis
892 733 990 773 hene
1031 738 1142 784 gesto
1181 732 1429 784 triumphavit
1461 730 1542 784 (35).
1600 735 1698 774 Huic

306 800 533 851 provinciae
577 804 643 839 ant
681 800 870 839 adiectam
907 801 1095 840 Achaiam
1138 800 1260 839 fuisse
1299 805 1452 851 oportet
1495 807 1561 840 aut
1598 802 1699 841 male

307 878 389 905 rem
417 866 659 906 intellexisse
687 873 935 919 personatum
964 868 1192 915 Asconium,
1224 868 1290 918 qui
1321 879 1369 907 ex
1396 867 1468 907 illa
1496 869 1700 920 provincia

307 933 607 985 repetundarum
649 940 871 974 accusatum
914 947 999 974 esse
1040 934 1248 975 Curionem
1285 934 1376 973 dicit
1405 932 1489 984 (³⁶).
1556 936 1700 975 Postea

308 1002 428 1040 civem
467 1002 620 1041 minime
657 1008 914 1050 constantem,
961 1002 1028 1042 sed
1064 1002 1128 1043 vel
1166 1014 1214 1042 ex
1254 1013 1322 1040 ore
1357 1002 1569 1052 potentium
1603 1013 1698 1054 pen-

307 1067 455 1106 dentem
491 1068 554 1107 t‘el
585 1074 732 1108 suamet
768 1070 891 1121 ipsius
927 1069 1086 1110 levitate
1126 1069 1165 1107 in
1204 1073 1336 1120 partes
1374 1068 1591 1107 contrarias
1628 1081 1697 1108 nu-

306 1139 449 1173 tantem
481 1135 572 1184 egit.
632 1136 746 1177 Verri
774 1137 872 1177 favit
895 1132 985 1186 (3⁷);
1014 1135 1142 1186 legem
1170 1135 1329 1175 Manilii
1359 1134 1406 1174 de
1433 1135 1596 1187 imperio
1629 1136 1697 1176 Cn.

307 1202 483 1253 Pompeii
520 1214 590 1241 suo
629 1202 818 1254 suffragio
858 1204 1004 1244 adiuvit
1025 1200 1115 1254 (33);
1155 1215 1290 1242 rursus
1323 1201 1487 1242 Caesari
1525 1204 1699 1254 quamvis

308 1280 392 1308 cum
418 1270 602 1321 Pompeio
633 1271 752 1309 iuncti
783 1272 969 1321 gravibus
999 1271 1196 1310 sententiis
1229 1275 1265 1309 et
1296 1270 1538 1309 orationibus
1567 1271 1607 1309 in
1636 1282 1698 1310 se-

306 1342 399 1374 natu
436 1337 578 1375 habitis
617 1337 845 1377 adversatus
878 1344 935 1377 est
959 1335 1040 1388 (3³³).
1099 1337 1229 1377 Coluit
1258 1341 1408 1384 autem,
1448 1336 1487 1375 id
1519 1337 1622 1388 qnod
1659 1339 1699 1376 in

309 1414 354 1441 eo
386 1404 518 1453 magni
548 1403 735 1452 facimus,
775 1405 975 1444 Ciceronis
1014 1405 1242 1450 amicitiam,
1281 1409 1323 1442 ut
1355 1416 1379 1442 a
1410 1403 1549 1443 Clodio
1582 1405 1697 1443 etiam

305 1471 473 1510 verbera
501 1482 640 1522 passus
671 1471 743 1519 sit,
777 1483 860 1510 cum
891 1483 1012 1511 senex
1043 1476 1079 1510 et
1108 1471 1320 1510 honoratus
1350 1482 1425 1522 pro
1455 1470 1526 1509 illo
1558 1470 1698 1522 depre-

307 1543 462 1577 caretur
487 1535 569 1589 (40).
626 1538 809 1577 Mortuus
842 1543 899 1578 est
929 1551 964 1577 a.
996 1540 1075 1578 701
1110 1537 1179 1578 Cn.
1208 1537 1378 1576 Domitio
1416 1537 1474 1577 M.
1503 1538 1699 1578 Messalla

307 1617 406 1644 coss.
434 1602 516 1656 (⁴¹¹).
574 1605 756 1644 Moribus
789 1606 978 1658 probatus
1017 1605 1247 1657 aequalibus
1285 1604 1457 1653 videtur3
1494 1617 1582 1644 nam
1621 1617 1698 1645 non

306 1672 431 1710 solum
460 1672 605 1722 insigni
633 1674 851 1712 constantia
880 1679 917 1713 et
946 1674 1153 1713 severitate
1181 1672 1377 1723 legionem
1407 1671 1631 1712 seditiosam
1659 1673 1699 1711 in

305 1738 546 1779 Macedonia
574 1739 623 1777 ad
648 1739 860 1791 parendum
891 1741 1039 1790 coegit,
1073 1740 1140 1779 sed
1172 1740 1287 1778 etiam
1316 1744 1499 1791 tanquam
1528 1739 1698 1790 frugali-

306 1807 396 1846 tatis
428 1805 642 1858 cxemplum
677 1818 760 1844 cum
791 1806 871 1845 filio
908 1807 1144 1858 nequissimo
1183 1807 1426 1857 componitur
1454 1803 1536 1856 (⁴²).
1596 1807 1698 1846 Eru-

306 1874 463 1913 ditionis
489 1879 614 1913 autem
637 1873 755 1925 plane
781 1885 920 1925 expers
947 1878 1031 1913 erat
1061 1878 1116 1920 et,
1149 1879 1232 1912 cum
1261 1884 1309 1911 ne
1337 1874 1524 1912 memoria
1546 1874 1698 1925 quidem

305 1941 473 1989 valeret,
513 1941 665 1980 actione
697 1946 822 1980 autem
852 1952 1016 1993 prorsus
1053 1939 1221 1979 ridicula
1256 1945 1448 1988 uteretur,
1487 1941 1573 1979 sola
1608 1952 1697 1980 ver-

305 2008 442 2047 borum
472 2008 644 2047 bonitate
676 2009 789 2060 quasi
823 2008 1032 2047 domestico
1062 2007 1229 2059 quodam
1260 2012 1296 2046 et
1325 2006 1563 2047 hereditario
1594 2008 1696 2048 bono

397 2183 456 2226 34)
483 2183 555 2218 Cic.
576 2181 646 2218 Off.
669 2183 712 2218 ΙΙ.
734 2183 794 2225 17,
818 2183 872 2217 59.
990 2183 1049 2226 35)
1075 2182 1148 2217 Cic.
1168 2181 1242 2217 Pis.
1264 2183 1317 2218 19.
1352 2184 1441 2218 Sall.
1462 2184 1553 2220 Ilist.
1577 2196 1611 2229 p.
1629 2184 1697 2218 958

305 2240 406 2275 Cort.
514 2240 573 2283 36)
600 2240 639 2274 ln
664 2239 766 2275 Verr.
783 2240 859 2274 Act.
885 2239 908 2274 l.
930 2240 962 2281 7,
988 2239 1040 2275 19.
1146 2238 1205 2282 37)
1233 2240 1305 2275 Cic.
1326 2240 1346 2274 l.
1362 2251 1391 2274 c.
1495 2240 1555 2283 38)
1580 2240 1653 2275 Cic.
1672 2241 1695 2276 l.

307 2296 410 2330 Man.
424 2297 481 2339 23,
495 2296 549 2330 68.
664 2297 723 2340 39)
754 2297 826 2331 Cic.
843 2295 948 2331 Brut.
965 2296 1010 2330 60
1021 2323 1031 2339 ‚
1045 2295 1113 2330 ‘218
1128 2306 1205 2340 sqq.
1319 2296 1378 2340 40)
1404 2296 1477 2330 Dio
1490 2296 1696 2331 XXXVIII.

308 2364 340 2397 p.
371 2353 432 2387 ¹62
449 2353 490 2388 R.
540 2354 631 2387 Ilinc
664 2354 851 2389 Ciceronis
886 2353 1088 2386 orationem
1121 2354 1162 2386 in
1197 2352 1379 2388 Clodium
1415 2358 1452 2388 et
1486 2352 1696 2387 Curionem

307 2420 378 2442 non
399 2416 564 2454 spectare
579 2410 770 2445 Curionem
793 2416 928 2456 putrem
950 2410 1096 2454 putabat
1110 2410 1296 2455 Spalding.
1315 2410 1360 2443 ad
1377 2409 1525 2447 Quintil.
1544 2408 1600 2443 111.
1617 2410 1649 2451 7,
1663 2409 1694 2443 2.

306 2465 381 2499 Sed
406 2477 500 2499 nunc
525 2466 559 2500 id
580 2468 687 2511 plane
714 2474 813 2512 patet.
838 2479 883 2501 ex
906 2466 1050 2500 scholiis
1070 2465 1314 2501 Bobiensibus
1338 2468 1373 2501 in
1393 2464 1458 2501 Or.
1483 2467 1518 2499 in
1537 2465 1640 2500 Clod.
1663 2468 1694 2499 &-

307 2521 498 2556 Curionem
532 2535 564 2568 p.
590 2523 665 2557 330.
693 2522 826 2565 Orell.,
861 2523 1063 2568 Clodioque
1095 2523 1179 2556 olim
1206 2523 1341 2558 favisse
1367 2523 1561 2559 Curionem
1588 2523 1693 2556 eliam

307 2578 438 2613 Cicero
464 2579 597 2614 indicat
623 2592 703 2626 epp.
732 2581 778 2615 ad
799 2581 871 2616 Att.
898 2580 923 2614 l.
945 2581 997 2615 14.
1048 2580 1231 2613 Prolatam
1257 2580 1357 2615 dolet
1380 2592 1459 2615 eam
1480 2580 1692 2619 orationem,

306 2636 328 2668 i.
356 2646 387 2668 e.
414 2635 449 2668 in
476 2647 600 2670 manus
628 2637 809 2671 hominum
834 2638 1065 2682 pervenisse,
1093 2637 1164 2671 Att.
1194 2636 1255 2671 ΙΙΙ.
1284 2638 1335 2672 15.
1385 2637 1485 2671 'I'unc
1507 2636 1600 2670 enim
1623 2635 1693 2668 alia

306 2698 471 2736 tempora
487 2699 598 2728 erant.
708 2694 767 2737 41)
794 2695 866 2729 Cic.
882 2695 1025 2729 Divers.
1040 2693 1080 2727 ll.
1095 2693 1126 2729 2.
1239 2693 1297 2736 4⁸2)
1327 2694 1406 2729 val.
1422 2692 1522 2728 Max.
1538 2691 1598 2727 lx.
1616 2692 1645 2733 l,
1658 2690 1690 2727 6.
