1835 3126
562 162 816 208 BRUTUS
857 163 976 206 CAP.
1006 164 1074 207 44.
1105 165 1175 208 45.
1430 168 1562 213 229

172 277 337 319 tentiam
376 275 632 331 populariter
678 282 762 318 tum
806 276 1022 319 dicendum
1066 277 1153 319 fuit.
1227 276 1354 320 multa
1397 278 1440 320 in
1484 278 1562 321 illa

173 355 357 397 oratione
387 355 589 407 graviter,
620 354 747 396 multa
776 355 944 406 leniter,
978 355 1105 397 multa
1136 369 1305 412 aspere,
1340 356 1468 399 multa
1495 356 1562 400 fa-

172 437 260 474 cete
301 431 411 473 dicta
450 439 561 474 sunt:
607 433 727 489 plura
764 435 887 475 etiam
925 434 1036 476 dicta.
1074 447 1194 490 quam
1233 435 1408 490 scripta,
1450 434 1562 490 quod

171 522 221 550 ex
251 509 496 565 quibusdam
534 511 738 567 capitibus
770 513 968 568 expositis
1007 525 1084 555 nec
1118 512 1333 568 explicatis
1371 511 1560 567 intellegi

167 593 313 642 potest.
371 586 466 644 Ipsa
496 588 572 630 illa
601 591 795 633 censoria
825 597 968 633 contra
996 589 1068 632 Gn.
1100 590 1321 633 DomitIum
1351 590 1559 646 collegam

167 677 251 707 non
282 672 344 707 est
374 668 529 717 oratio,
562 668 636 709 sed
668 670 785 723 quasi
819 671 956 724 capita
985 683 1121 710 rerum
1152 676 1190 711 et
1217 671 1417 712 orationis
1447 682 1560 712 com-

168 746 410 786 mentarium
442 745 565 800 paulo
596 745 771 802 plenius.
830 746 946 788 nulla
976 753 1039 788 est
1075 749 1183 788 enim
1215 747 1431 789 altercatio
1470 747 1558 789 cla-

167 821 350 863 moribus
381 836 559 877 unquam
596 822 740 865 habita
770 823 1010 865 maioribus.
1070 823 1165 865 165.
1204 822 1253 865 Et
1281 837 1380 866 vero
1412 825 1485 865 suit
1515 826 1558 866 in

164 897 242 940 hoc
266 901 389 941 etiam
412 899 624 955 popularis
649 900 773 941 dictio
800 900 1031 941 excellens:
1057 899 1213 942 Antoni
1235 914 1368 954 genus
1393 901 1558 943 dicendi

164 979 289 1018 multo
321 978 453 1031 aptius
484 976 651 1018 iudiciis
684 990 806 1031 quam
837 976 1111 1018 contionibus.

275 1051 404 1093 XLV.
439 1052 528 1096 Hoc
557 1053 651 1096 loco
679 1057 811 1110 ipsum
838 1052 1060 1096 Domitium
1089 1069 1173 1097 non
1199 1055 1401 1112 relinquo.
1457 1070 1554 1099 nam

163 1132 241 1174 etsi
281 1145 364 1173 non
401 1130 476 1173 suit
513 1133 556 1173 in
587 1139 796 1175 oratorum
834 1146 1026 1185 numero,
1068 1141 1206 1177 tamen
1234 1148 1342 1191 pono
1373 1137 1476 1177 satis
1513 1136 1556 1177 in

164 1223 214 1252 eo
258 1209 388 1251 fuisse
439 1212 640 1253 orationis
691 1218 811 1267 atque
857 1213 1022 1266 ingeni,
1076 1226 1155 1267 quo
1203 1219 1242 1255 et
1286 1215 1555 1267 magistratus

161 1301 382 1344 personam
419 1295 459 1330 et
491 1289 754 1332 consularem
783 1290 1023 1345 dignitatem
1061 1297 1263 1333 tueretur:
1304 1292 1412 1347 quod
1445 1291 1555 1333 idem

165 1365 215 1407 de
257 1364 301 1407 C.
335 1365 479 1409 Caelio
520 1367 693 1409 dixerim
729 1369 973 1411 industriam
1015 1370 1058 1410 in
1095 1382 1145 1412 eo
1183 1383 1382 1411 summam
1422 1370 1553 1412 fuisse

164 1457 425 1500 summasque
462 1446 654 1495 virtutes,
694 1446 956 1502 eloquentiae
996 1453 1172 1497 tantum,
1217 1448 1325 1503 quod
1359 1455 1471 1490 esset
1510 1449 1552 1490 in

162 1522 288 1564 rebus
325 1524 496 1579 privatis
529 1525 673 1566 amicis
705 1526 816 1574 eius,
855 1526 896 1566 in
926 1538 971 1567 re
1001 1525 1169 1582 publica
1200 1527 1330 1582 ipsius
1362 1526 1552 1580 dignitati

162 1602 278 1642 satis.
338 1601 433 1643 166.
464 1600 620 1645 Eodem
648 1610 829 1660 tempore
856 1602 916 1644 M.
939 1602 1173 1646 Herennius
1203 1605 1246 1646 in
1273 1604 1552 1647 mediocribus

248 1745 307 1772 165.
343 1746 430 1772 etiam
444 1746 625 1782 popularis]
647 1750 677 1775 et
694 1748 855 1782 popularis.

160 1859 278 1893 Paulo
307 1863 391 1893 ante
416 1858 532 1893 verba
558 1870 580 1892 a
606 1858 757 1894 Brutus
781 1860 828 1894 ad
854 1861 980 1905 inquit
1008 1860 1043 1894 in
1069 1860 1124 1896 ed.
1153 1872 1206 1906 pr.
1233 1872 1306 1896 non
1332 1867 1487 1897 exstant.
1505 1881 1552 1889 —

160 1927 209 1950 ex
234 1916 299 1958 iis]
326 1915 492 1959 plerique
517 1915 620 1950 codd.
647 1928 697 1950 ex·
722 1916 806 1957 Ιιῐ3,·
831 1919 881 1951 iis
904 1915 971 1962 Lg.
994 1915 1027 1951 8.
1052 1917 1108 1951 35.
1132 1918 1189 1952 56.
1225 1917 1316 1954 Ven.
1346 1920 1376 1954 l.
1412 1917 1488 1954 Ott.
1506 1940 1550 1946 ——

159 1974 202 2007 in
226 1972 518 2015 accusatorum]
544 1974 585 2006 in
609 1983 678 2007 om.
707 1972 763 2007 ed.
789 1985 845 2019 pr.

253 2038 328 2074 16⁴.
378 2039 530 2082 leniter]
571 2039 703 2073 leviter
734 2039 798 2086 Lg.
829 2040 885 2074 58.
922 2041 978 2075 ed.
1012 2053 1066 2086 pr.
1099 2060 1145 2066 -
1186 2042 1441 2087 quibusdam]
1480 2055 1549 2079 om.

157 2094 222 2141 Lg.
238 2095 293 2128 20.
310 2114 358 2122 »-
382 2097 590 2141 eoeposz'tz's]
613 2098 762 2141 positis
782 2094 953 2130 Orellius.
1002 2097 1043 2131 Si
1066 2098 1148 2141 quid
1168 2099 1395 2141 mutandum,
1419 2100 1549 2134 rectius

157 2151 333 2185 scribetur
351 2153 587 2198 propositi-5.
612 2169 658 2176 —-
697 2151 882 2197 intelleqz']
910 2153 960 2186 sic
984 2152 1051 2197 Lg.
1079 2153 1111 2187 8.
1138 2153 1193 2187 20.
1219 2153 1273 2187 51.
1311 2152 1387 2188 Ott.

253 2218 328 2253 165.
378 2223 414 2252 et
432 2218 537 2260 vero]
565 2222 600 2251 et
620 2228 708 2251 vere
726 2218 782 2253 ed.
804 2230 857 2263 pr.
902 2224 945 2253 at
965 2230 1053 2253 vero
1079 2219 1145 2254 Gu,
1163 2220 1190 2254 1.
1209 2238 1256 2246 »-
1287 2223 1409 2254 etiam
1423 2233 1549 2268 popu-

161 2274 274 2317 laris]
300 2276 352 2308 sic
371 2273 474 2307 codd.
497 2285 621 2307 omnes
647 2280 682 2308 et
701 2274 755 2308 ed.
775 2286 827 2319 pr.
865 2280 903 2308 et
918 2288 1007 2322 pop.
1034 2276 1118 2309 inde
1137 2287 1158 2308 a
1173 2275 1348 2311 Lambino
1373 2278 1550 2315 editiones

158 2330 301 2364 insedit.
328 2350 371 2354 —
400 2330 559 2372 Antoni]
584 2330 634 2364 sic
660 2329 725 2376 Lg.
750 2331 782 2365 8.
809 2330 863 2366 35.
890 2331 944 2367 39.
972 2332 1024 2365 51.
1050 2332 1103 2367 53.
1132 2332 1184 2368 70.
1219 2333 1310 2368 Ven.
1337 2335 1365 2368 l.
1401 2327 1484 2370 Vat.
1501 2353 1548 2361 ·—

160 2386 420 2429 contionibus]
452 2387 503 2420 sic
534 2386 638 2420 codd.
664 2386 729 2433 Lg.
756 2399 811 2433 pr.
837 2387 913 2431 39„
947 2394 983 2423 et
1006 2389 1084 2424 rell.
1111 2394 1258 2434 praeter
1280 2389 1380 2432 Vat.;
1414 2390 1452 2425 hi
1475 2391 1548 2426 duo

160 2442 483 2477 confictionibus.

248 2521 362 2556 XLV.
404 2522 530 2568 pono]
565 2522 617 2556 sic
647 2522 704 2558 ed.
729 2534 784 2568 pr.
821 2528 856 2557 et
888 2529 969 2558 cett.
1002 2530 1089 2559 vett.
1122 2537 1201 2560 cum
1226 2531 1332 2571 parte
1363 2524 1546 2566 codicum;

159 2578 302 2622 explica
333 2582 482 2619 statuo,
519 2578 692 2624 affirmo.
743 2579 926 2615 Corradus
944 2593 1072 2627 pone,
1106 2587 1142 2616 et
1173 2582 1225 2616 sic
1252 2581 1376 2627 Lgl..8.
1403 2580 1458 2615 39.
1492 2579 1547 2614 51.

158 2633 213 2667 56.
244 2633 298 2669 58.
345 2633 440 2689 bonaeg
465 2634 520 2670 20.
544 2654 590 2663 »-
625 2637 771 2682 ingeni]
807 2637 860 2671 sic
892 2636 958 2683 Lg.
983 2637 1016 2674 8.
1041 2638 1094 2674 51.
1130 2638 1224 2674 Ven.
1257 2639 1286 2675 l.
1310 2657 1357 2664 —-
1394 2636 1545 2686 Caelio]

163 2687 293 2726 Coelio
318 2689 383 2736 Lg.
407 2691 441 2727 8.
477 2691 556 2729 rell.
582 2692 701 2735 celio,
727 2692 844 2736 celio,
870 2693 970 2732 lelio.
